2934 4800
258 238 646 309 FRAGMENTUM
679 240 777 309 LIB.
808 240 903 309 XOL
1045 244 1108 309 291

66 376 228 443 coniuncta
252 390 362 443 erant:
398 401 472 445 nam
499 392 533 445 et
558 379 667 445 folium
692 379 862 445 Livianum
885 376 1038 466 quodque
1063 379 1110 443 ita

66 461 267 548 complicavit,
284 476 321 529 ut
339 487 380 529 ex
399 488 466 529 uno
482 464 547 530 duo
562 467 687 531 faceret.
733 466 804 530 Iam
826 466 907 531 alius
929 476 1036 529 textus
1057 464 1108 529 in-

67 548 260 626 scribebatur,
276 550 333 636 qui
348 562 541 617 transversus
556 574 651 639 super
665 552 769 639 priore
784 551 948 616 decurrit⁹.
996 550 1106 627 Quare

68 634 116 717 qui
136 634 238 721 legere
257 636 327 699 vult
343 636 555 723 fragmentum
571 638 752 715 Liuianum,
767 660 896 702 neccsse
915 652 973 714 est,
988 636 1105 701 librum

69 742 135 783 eum
159 720 192 783 in
216 721 348 785 modum
371 738 482 800 vertat,
509 737 545 787 ut
571 746 679 811 margo
705 724 745 789 ad
771 724 932 788 sinistrum
958 746 1014 788 ora
1037 722 1105 787 folii

71 804 169 870 infima
183 806 317 883 eradat;
342 821 410 873 tum
429 808 568 895 explicet
581 810 646 875 duo
661 810 737 875 folia
750 811 784 873 in
799 832 910 885 uncam,
926 823 1022 897 atque
1038 821 1106 873 tota

71 888 144 955 Livii
159 892 265 957 tabula
279 893 339 981 ipsi
355 908 427 959 ante
449 896 557 960 oculos
574 898 679 983 posita
698 895 767 960 crit
814 894 904 960 Num
918 909 1025 960 autem
1039 894 1105 959 duo

71 975 139 1040 haee
158 978 291 1043 Liviana
309 978 393 1057 folia,
408 1002 492 1068 quae
514 982 627 1068 reperi,
648 1004 793 1047 connexa
811 982 930 1047 fuerint
951 997 1047 1069 atque
1069 981 1105 1045 in
1169 983 1174 993 '

71 1062 167 1128 codice
180 1064 276 1129 huius
295 1068 432 1131 auctoris
450 1090 549 1131 unum
565 1067 698 1133 fecerint
712 1068 909 1154 duplicatum
924 1067 1046 1144 folium,
1062 1088 1104 1130 an

71 1152 192 1213 duomm
207 1150 439 1237 duplicatorum
455 1152 601 1217 foliorum
616 1154 735 1241 priores
749 1166 854 1240 partes
867 1154 1016 1217 habenda
1029 1154 1103 1229 sint,

72 1234 213 1300 incertum
227 1250 285 1301 cst.
333 1237 368 1303 Si
382 1240 553 1303 coniuncta
566 1240 704 1317 suerum,
717 1262 758 1303 ex
773 1240 880 1304 medio
894 1238 1103 1326 quaternione

120 1322 209 1386 terior
222 1322 368 1388 librarius
382 1324 492 1389 folium
508 1326 669 1412 quoddam
684 1325 841 1413 dempsit3
857 1338 891 1390 et
905 1324 947 1389 ad
961 1324 1104 1389 medium

109 1428 173 1471 rum
197 1408 292 1474 XCI„
316 1410 527 1497 fragmentum
553 1411 756 1477 referendum
779 1434 857 1487 csse,
881 1422 1103 1498 argumentum

72 1492 131 1555 aius
142 1495 213 1560 satis
226 1495 353 1561 evincit.
391 1496 565 1562 Contrebia
578 1498 663 1563 enim
682 1497 857 1562 Sertorium
872 1497 1009 1583 potitum
1024 1518 1103 1572 esse,

72 1576 110 1641 ibi
130 1594 289 1647 narratur:
325 1582 447 1647 sedda
476 1584 608 1648 urbibus
634 1583 810 1671 Hispaniae
836 1605 855 1648 a
883 1582 1022 1648 Sertorio
1047 1604 1104 1646 ex·

73 1668 204 1811 pugnatis
230 1667 359 1733 Livium
389 1669 423 1732 in
452 1684 626 1735 memorata
653 1684 743 1757 parte
772 1669 845 1734 libri
913 1669 982 1745 'sse,
1006 1669 1105 1733 verba

92 1752 218 1817 cclarant
231 1754 321 1831 haec,
337 1778 419 1855 quae
434 1756 518 1820 circa
532 1756 669 1821 mediam
686 1755 858 1843 Epitomen
874 1754 897 1819 li
919 1803 928 1819 .
945 1753 1040 1819 XCI.
1056 1753 1104 1819 le-

74 1853 195 1921 guntur:
220 1840 398 1905 ‘Sertorius
416 1841 537 1928 aliquot
553 1843 647 1907 urbes
664 1842 869 1929 expugnavit,
909 1840 1102 1928 lurimasque

76 1923 220 1991 ‘civitates
245 1928 280 1990 in
304 1940 494 2015 potestatem
521 1950 609 1992 suam
636 1928 780 2016 redegit'
834 1927 863 1993 C
908 1928 965 1992 icis
995 1940 1103 1991 autern

75 2005 184 2074 Liviani
199 2012 299 2077 forma
309 2036 391 2100 quae
406 2014 511 2091 fuerit,
524 2014 577 2079 vix
592 2014 719 2079 deliniri
733 2026 849 2103 potest,
861 2036 962 2101 quum
972 2013 1102 2077 fortmse

74 2093 169 2181 iniqua
182 2120 294 2163 manus
305 2122 346 2163 ex
357 2099 420 2164 oris
435 2100 556 2186 aliquid
570 2101 798 2250 amputavetit3
817 2112 956 2165 attamen
967 2099 1010 2162 ad
1020 2120 1102 2175 eam,

74 2201 155 2265 quam
173 2183 279 2249 dicere
298 2186 519 2251 consuevimus
538 2187 573 2251 in
591 2187 623 2251 fo
635 2187 667 2252 io
689 2186 822 2264 minore,
838 2187 1003 2251 accessisse
1022 2184 1102 2249 mihi

75 2266 190 2335 ridetur.
229 2270 402 2337 Character
412 2286 518 2337 autem
529 2273 697 2359 fragmenti
709 2272 836 2336 Liviani
850 2271 992 2349 uncialis,
1004 2292 1103 2358 quem

76 2350 261 2422 Benedictini
290 2356 426 2424 Parisini
455 2358 489 2422 in
517 2358 623 2446 Opere
653 2381 711 2425 suo
740 2380 856 2446 magno
886 2356 1101 2445 Diplomatico

77 2443 214 2509 ‘teritum
237 2445 386 2544 capitale’
409 2445 579 2532 appellant,
604 2459 700 2546 atque
726 2447 766 2511 ab
788 2444 917 2522 unciali,
944 2443 1101 2508 ‘ecriturc

75 2527 199 2607 onciale,’
213 2530 421 2618 distrnguunt.
459 2531 523 2596 Sed
538 2543 757 2597 auctontatem
770 2530 940 2596 Mabilloni
954 2528 1104 2594 aliorum-

76 2633 127 2696 que
139 2615 274 2680 virorum
289 2616 454 2682 doctorum
469 2617 559 2704 sequi
577 2617 683 2683 malui.
730 2615 796 2682 Hie
815 2628 922 2682 autem
942 2615 1104 2679 character

76 2720 211 2767 oonmnau
226 2703 370 2767 omnium
385 2704 583 2769 eruditorum
602 2705 668 2769 anti
692 2703 840 2768 uissimus
854 2715 912 2779 est,
927 2713 960 2766 et
975 2701 1010 2764 in
1023 2723 1103 2788 pau·

76 2784 188 2852 cissimis
211 2788 375 2854 invenitur
399 2789 628 2878 manuscriptis
669 2727 845 2854 <livianum
872 2801 979 2854 autem
1001 2808 1102 2876 quum

78 2867 181 2939 Romae
203 2898 278 2940 cum
297 2875 384 2940 libris
403 2899 462 2963 per
479 2889 582 2942 totum
605 2877 712 2942 orbem
727 2875 1015 2964 famigeratissimis,
1028 2872 1103 2937 Vir-

76 2956 137 3040 gilio
150 2974 181 3025 et
195 2961 349 3026 Terentio
364 2961 536 3041 Vaticanis,
552 2975 647 3050 atque
662 2975 827 3050 praetcrea
840 2983 913 3027 cum
928 2959 1102 3050 specimine

77 3043 176 3111 codicis
185 3046 355 3134 Virgiliani
370 3047 522 3127 Medicei,
537 3049 690 3114 hactenus
705 3049 859 3125 omnium,
873 3060 1033 3136 quotquot
1045 3068 1103 3112 ex-

77 3140 154 3209 stant,
178 3135 244 3198 anti
269 3134 390 3199 uissimi
415 3135 525 3214 habiti,
552 3135 640 3223 quod
665 3135 782 3200 Petrus
806 3134 990 3199 Franciacus
1019 3133 1046 3197 F
1087 3167 1104 3181 ·

94 3215 164 3284 '‘us
179 3219 220 3284 V.
236 3157 276 3284 ὃ
295 3221 331 3285 in
353 3221 493 3286 editione
517 3245 575 3286 sua
596 3220 739 3307 protulit,
763 3242 996 3308 compararemt
1020 3241 1066 3283 nu
1091 3218 1099 3232 '

94 3325 172 3368 orum
185 3306 375 3394 antiquitate
395 3308 623 3394 praestantiore
643 3307 733 3372 illum
751 3307 865 3373 cedere
879 3306 987 3371 statim
1001 3305 1102 3369 anim·

76 3387 187 3457 adverti.
234 3391 307 3457 Nec
330 3392 431 3458 multo
454 3407 526 3480 post
548 3392 718 3480 Neapolim
742 3391 902 3480 profectus
924 3413 1026 3477 quum
1048 3411 1104 3453 vo-

102 3649 350 3712 9Nicbulrriusp.15.
377 3651 486 3714 “Longe
497 3665 565 3699 max-
597 3651 655 3700 iecit
675 3651 785 3714 Angelus
806 3649 897 3700 Maius.
941 3648 1010 3698 Hine
1031 3647 1105 3710 igitur

77 3709 140 3771 ima?
156 3715 242 3777 inquit,
263 3717 344 3776 “pars
360 3717 565 3774 membranarum,
597 3715 687 3774 evenit,
698 3721 734 3774 ut,
745 3714 788 3763 ubi
802 3714 862 3763 lolia
878 3713 1026 3789 complicata
1039 3718 1106 3769 srrnt,

77 3789 129 3833 quae
152 3779 183 3826 ad
210 3779 322 3827 codicem
348 3779 473 3828 adhibitae
502 3785 566 3838 aaut,
599 3778 710 3840 plurimis
726 3779 752 3825 in
770 3778 839 3837 locis,
850 3777 1024 3840 agglutinando
1037 3783 1104 3826 sutu-

79 3839 161 3890 ndum
169 3844 261 3891 formae
272 3848 318 3902 ast,
328 3857 402 3904 quarn
413 3845 486 3904 vulgo
497 3859 566 3905 quar·
598 3857 673 3904 reque
688 3857 771 3890 versata
784 3842 877 3904 integer
890 3848 934 3890 aut
948 3841 1048 3890 omnino
1063 3856 1105 3903 po·

81 3905 120 3950 tan
133 3921 318 3968 nuncupamus3
337 3909 503 3967 quamobrem,
519 3907 567 3955 dis·
599 3907 674 3965 riedt,
684 3911 728 3954 aut
741 3907 790 3968 legi
805 3912 871 3954 certe
884 3921 934 3954 non
948 3905 994 3954 nisi
1008 3905 1104 3954 difficil-

82 3964 134 4014 υἱώ
158 3971 298 4033 paginarum
326 3971 432 4032 paribus,
458 3971 567 4032 singulas
598 3969 657 4019 lime
674 3970 776 4032 possit’*
807 3969 1004 4019 Vid.1urenatii
1020 3975 1105 4018 notam

82 4033 223 4092 complesses
233 4040 310 4095 atque
319 4033 354 4082 sic
364 4035 389 4081 ln
401 4035 570 4095 quaterniones
601 4035 633 4082 ad
651 4033 781 4095 fragmenti
797 4034 840 4083 lin.
861 4049 897 4083 rr.
932 4033 1105 4095 Palimpsesto

82 4097 211 4155 mnpodtae
221 4099 337 4146 fraenant:
354 4097 474 4146 recentior
486 4103 569 4146 autem
601 4113 655 4146 rum
670 4096 867 4156 Taurinenaium,
880 4097 969 4158 quibus
985 4097 1106 4157 plicatura

82 4157 183 4218 Ulpium
208 4167 346 4210 transversa
370 4177 443 4224 super
463 4162 569 4210 deletam
602 4162 683 4210 minus
696 4161 790 4220 necarit,
805 4161 909 4209 eandem
922 4160 973 4207 fere
987 4159 1106 4208 rationem

82 4218 143 4290 dlicta
155 4229 197 4282 est,
208 4227 283 4286 plane
300 4229 329 4271 ut
343 4225 374 4273 de
389 4225 514 4274 Sednlim
531 4240 570 4272 co·
602 4239 662 4283 asse,
673 4239 703 4272 ex
713 4224 818 4287 Peyroni
825 4222 1110 4274 Praelatadciceronis

83 4281 132 4332 dcis
140 4287 243 4350 reliquiis
255 4288 358 4337 tradidit
371 4289 497 4350 oculisque
516 4289 570 4337 sub
602 4289 739 4349 linamenta
748 4302 773 4349 p.
785 4289 808 4337 8.
819 4287 917 4350 colligo.
