2934 4800
460 193 785 286 Kuuyssmn.
1086 201 1148 266 387

74 359 115 421 ‘im
151 357 286 422 mediam
315 377 419 421 aream
448 377 507 445 pro
535 361 569 423 ia
597 359 726 423 mediam
755 380 892 435 aratam,
917 379 986 446 esp.
1014 363 1066 424 33.
1097 362 1152 425 sed

73 461 196 524 marla
222 461 349 524 traiciat
371 459 437 524 sive
464 463 601 524 traiieiat
621 481 680 547 pro
704 463 806 529 mama
829 463 973 538 traiimbt,
1001 482 1069 549 bap.
1095 465 1149 528 34.

64 565 223 648 fuerant
243 585 301 650 pro
317 565 439 648 ficerat,
464 584 532 650 esp.
558 565 610 628 36.
638 565 687 628 M.
707 565 829 629 Aa‘lim
856 563 985 630 Glabrio
1006 587 1066 653 pro
1089 567 1150 632 M?

76 667 226 742 Acilius,
246 686 314 752 cap.
335 666 387 731 37.
408 666 579 730 Marcellae
600 687 658 732 aas.
682 665 748 731 sive
770 668 877 731 oamul
894 688 954 755 pro
968 669 1149 748 Marcellae,

78 789 162 856 cap.
181 771 237 832 41.
255 769 447 853 praeueniret
468 769 501 832 ia
515 767 689 854 Aepyptam
710 788 769 855 pro
785 773 958 855 perueniret
978 773 1012 835 ia
1025 772 1151 859 Aeqyp·

79 881 169 948 tum,
184 868 262 935 ibid.
283 872 393 934 adorta
413 889 472 957 pro
493 869 607 947 aborta,
628 889 696 958 cap.
719 873 772 934 43.
796 872 835 935 Τ.
851 871 1028 958 Sempromo
1041 873 1150 960 lampa

80 995 153 1060 pro
170 973 348 1058 Sempronia
362 973 479 1059 Lampo,
495 995 563 1059 cap.
578 977 632 1038 44.
649 976 765 1038 instare
783 996 843 1062 pro
862 983 986 1054 restare,
1007 997 1074 1065 esp.
1094 981 1147 1043 45.

82 1099 154 1142 nom
173 1079 221 1140 ita
239 1080 345 1162 maqae'
365 1079 506 1141 mammeti
527 1097 585 1165 pro
608 1099 667 1141 aaa
691 1087 755 1142 tam
777 1082 884 1164 maqm‘
904 1083 1052 1158 mamam,
1071 1079 1148 1147 ibid.

84 1183 148 1244 otii
170 1181 233 1243 etta
255 1201 313 1266 pro
335 1183 394 1244 otio
415 1183 542 1265 sitaque,
564 1201 633 1266 cap.
654 1182 707 1245 46.
728 1191 758 1244 et
772 1184 950 1268 pmaapam
969 1185 1149 1270 qubusdam

84 1304 152 1370 pro
166 1285 346 1368 ptiampum
360 1283 549 1369 quibasdam,
570 1305 638 1370 esp.
655 1288 708 1348 48.
730 1307 789 1370 quo
808 1287 841 1349 ia
861 1287 923 1350 loeo
941 1288 1073 1350 iusserat
1091 1308 1150 1375 pro

85 1408 153 1472 qao
167 1388 202 1448 im
216 1386 278 1449 loeo
292 1387 478 1463 luminant,
494 1385 571 1451 ibid.
594 1387 718 1466 Quanto
735 1411 783 1452 res
799 1398 830 1452 et
845 1399 961 1476 tempus
974 1391 1151 1476 patiebatur

86 1497 252 1574 apparatu
289 1489 453 1553 celebratae
488 1492 552 1554 eim
584 1491 645 1554 diei
680 1491 786 1577 epulae
821 1502 895 1556 mat
929 1513 988 1580 pro
1020 1491 1149 1580 vulgato

95 1592 261 1671 Qaamtvtm
274 1614 323 1655 res
340 1601 370 1656 a
385 1603 501 1679 tempus
515 1595 722 1679 patiebantur,
740 1605 912 1680 apparatae
931 1595 1151 1682 celebrataeque

88 1699 159 1760 eim
177 1695 239 1758 diei
252 1695 358 1780 epulae
374 1706 456 1772 emat,
471 1717 491 1760 s
504 1717 570 1783 quo
585 1693 752 1761 Bekkerus
772 1717 838 1761 non
857 1696 919 1760 nisi
938 1696 984 1761 its
997 1695 1149 1777 discessit,

89 1812 131 1863 ut
144 1795 227 1862 mibi
243 1797 337 1862 tacite
358 1797 527 1864 obsecutus
542 1799 742 1884 patiebantur
761 1797 796 1864 in
811 1801 988 1885 patiebatur
1002 1815 1149 1880 mutaret,

89 1899 172 1964 ibid.
189 1901 235 1964 ad
250 1901 286 1964 ld
302 1902 383 1986 qaod
395 1923 495 1966 seram
509 1911 578 1966 erat
589 1922 648 1987 pro
662 1901 697 1964 id
709 1904 792 1987 qaod
803 1925 903 1967 samm
918 1912 993 1982 erat,
1009 1925 1078 1991 esp.
1095 1908 1147 1970 49.

84 2007 264 2091 profectam
275 2008 337 2069 lam
347 2028 443 2092 reqem
455 2009 488 2069 ia
498 2005 578 2069 Asia
589 2004 654 2069 sive
669 2004 776 2091 potius
785 2005 894 2070 Asiam
909 2027 967 2094 pro
977 2010 1151 2092 profectum

90 2113 157 2172 iam
172 2130 282 2194 repam,
294 2105 366 2172 Lib.
378 2106 546 2173 XXXIV.
558 2109 609 2172 35.
623 2129 659 2171 ne
670 2108 752 2192 quod
761 2109 913 2192 oppidum,
924 2131 982 2173 mu
992 2111 1075 2196 qaod
1083 2135 1152 2175 eae·

92 2214 208 2290 tellam,
220 2233 280 2298 pro
290 2233 327 2275 ae
337 2212 418 2298 qaod
426 2211 579 2296 oppidum,
592 2232 628 2274 ae
638 2211 719 2296 quad
733 2211 896 2288 emotum,
909 2209 981 2276 Lib.
996 2213 1148 2280 XXXV.

95 2320 123 2380 1.
140 2315 318 2403 opulentam
332 2312 453 2398 praeda
472 2315 632 2376 exereitum
651 2333 709 2401 pro
727 2313 898 2398 opulentam
914 2315 1051 2401 praedae
1067 2339 1150 2381 eser-

93 2422 199 2495 eitam,
221 2439 289 2505 cap.
306 2422 357 2481 20.
379 2418 546 2503 qaindecim
566 2416 652 2480 milla
666 2418 815 2503 peditem,
836 2439 895 2504 pro
914 2422 1046 2504 quiaque
1064 2420 1150 2483 milia

89 2524 241 2610 peditum,
272 2518 343 2584 Lib.
377 2517 546 2585 XXXVI.
578 2522 630 2582 30.
661 2520 791 2583 esemdit
818 2540 877 2606 pro
905 2521 1061 2584 adecaedit
1084 2520 1150 2585 siue

94 2626 241 2701 mamae,
267 2622 339 2687 Lib.
368 2620 554 2688 XXXVII.
583 2626 635 2687 32.
658 2631 835 2707 potestatem
860 2625 898 2685 iis
920 2622 994 2685 dari
1016 2644 1075 2710 pro
1092 2647 1152 2711 po-

95 2739 233 2793 testatem
259 2729 298 2789 iis
322 2726 406 2802 dare,
433 2744 500 2811 cap.
529 2728 581 2788 52.
609 2748 645 2787 ee
670 2724 778 2810 tmoplo
803 2726 933 2803 eneessit,
960 2746 1018 2813 pro
1044 2729 1152 2814 templo

95 2833 229 2907 acessit,
254 2850 322 2915 cap.
347 2830 399 2892 55.
425 2850 461 2890 ea
487 2836 522 2889 at
546 2829 678 2891 civitatis
701 2828 891 2892 Rhodiarum
915 2839 1012 2894 esseut
1032 2851 1091 2919 pro
1115 2855 1152 2895 ea

97 2936 231 2999 civitatis
254 2932 443 2996 liltodtbrum
465 2941 569 3008 eoem,
593 2942 626 2995 et
646 2928 718 2995 Lib.
741 2930 946 2999 XXXVHI.
968 2937 1020 2998 20.
1041 2957 1062 2997 a
1085 2958 1152 3021 sep-

99 3040 244 3103 tentrione
258 3056 316 3122 pro
330 3036 374 3098 ad
385 3038 611 3119 septentrionem
626 3034 791 3121 reperitur.
833 3032 1018 3099 Bekkerum
1032 3048 1150 3116 sutem,

100 3161 201 3227 quum
230 3136 359 3215 nullius,
383 3134 507 3223 opinor,
531 3134 670 3200 bominis
701 3147 790 3199 tanta
817 3134 859 3199 sit
883 3138 1080 3223 perversitas,
1104 3153 1151 3218 ut,

99 3239 238 3307 inventis
259 3239 411 3327 frugibus,
435 3236 551 3325 glande
571 3237 656 3303 vesei
679 3235 778 3314 malit,
795 3234 990 3316 Bekkerum,
1008 3238 1151 3327 inquam,

100 3344 175 3410 artis
200 3342 328 3407 criticae
354 3340 449 3428 longe
475 3338 700 3427 peritissimum
727 3338 785 3403 bos
810 3336 965 3404 lectiones
989 3339 1058 3405 sine
1087 3341 1154 3407 ullu

100 3444 299 3513 dubitatione
315 3442 521 3531 recipiendas,
537 3442 563 3505 si
580 3452 654 3506 ante
669 3464 727 3505 uos
747 3441 783 3506 in
797 3439 908 3507 codice
924 3440 1153 3533 Bsmbergensi

102 3548 283 3626 invenisset,
298 3546 458 3613 fastidiose
474 3556 715 3634 sspemsturum
729 3544 835 3622 finisse,
852 3544 933 3631 quis,
949 3568 1077 3632 quaeso,
1093 3546 1153 3611 sibi

103 3651 284 3741 persuaderi
298 3648 460 3737 patiatur?

145 3755 312 3821 Postremo
334 3775 402 3818 rem
427 3764 525 3818 totam
548 3750 678 3817 conficit
701 3751 800 3839 ipsius
824 3750 965 3816 Beldreri
988 3751 1152 3831 confessio,

104 3882 167 3924 non
189 3857 221 3921 vi
245 3878 402 3943 expressa,
426 3854 484 3921 sed
508 3867 621 3942 sponte
647 3853 741 3931 facts,
762 3875 861 3942 quam
883 3852 1016 3918 maximi
1040 3854 1080 3919 sd
1104 3877 1154 3919 re·

105 3958 277 4025 fellendum
296 3970 330 4023 et
348 3955 584 4045 coarguendum
605 3956 674 4021 eius
693 3954 897 4021 mendacium
914 3956 1069 4022 momenti
1086 3980 1154 4023 esse

106 4062 276 4150 unicuique
300 4060 390 4127 facile
414 4072 553 4149 apparet
601 4058 767 4125 Bekkerus
790 4058 877 4124 enim
899 4070 1051 4147 quattuor
1070 4059 1155 4126 viro-

104 4186 178 4231 rum.
195 4164 364 4231 doctorum
388 4164 596 4241 coniecturas,
619 4163 737 4251 quibus
759 4162 828 4251 ipse
851 4162 999 4250 quintam
1020 4163 1155 4243 eddidit,

106 4282 231 4335 secutus
248 4267 419 4355 quinquies
441 4266 606 4355 avulgata
627 4266 769 4332 locorum
790 4264 831 4331 de
853 4265 972 4331 mendo
993 4280 1156 4357 suspecto·

892 4373 981 4435 002
