2934 4800
331 196 373 272 48
714 187 826 254 ΤΙΤΙ
853 182 990 254 LIVII

176 335 211 388 U.
222 335 252 387 c.
268 337 323 400 580.
331 337 368 390 ut
388 347 487 394 noros
509 326 666 392 exercitus
686 325 833 402 scribere,
855 335 911 390 aut
935 344 972 388 su
995 323 1194 410 plementum
1217 323 1387 389 veteribus

174 401 206 451 Α·
222 401 450 490 ⁰··¹⁷²·liceret,
480 427 649 500 utrumque
679 424 831 499 negatum
859 426 916 476 est.
989 411 1163 476 rectoribus
1186 434 1318 498 quoque
1343 412 1384 475 in

226 1284 274 1344 ll.

177 1631 301 1681 Eumenes
334 1625 470 1690 tradunt.

177 1695 284 1772 Romam

177 1767 250 1810 vemt.

177 1983 292 2032 Perseum

332 498 522 586 Hispaniam
546 499 802 587 supplementum
821 497 1004 585 petentibus
1023 509 1193 583 negatum:
1217 497 1266 562 M.
1280 496 1384 562 Iunio

332 586 366 649 in
396 586 582 664 citeriorem,
614 585 666 673 Sp.
690 585 841 650 Lucretio
869 585 904 648 in
933 583 1122 648 ulteriorem.
1175 583 1213 649 C.
1231 584 1383 648 Licinius

334 670 467 737 Crassus
488 674 639 740 urbanam
662 671 921 747 iurisdictionem,
944 669 1006 734 Cn.
1022 669 1159 736 Sicinius
1179 672 1264 735 inter
1284 693 1383 758 pere-

354 759 438 824 rinos
467 773 535 826 erat
563 760 700 836 sortitus,
729 758 768 823 C.
785 756 959 824 Memmius
990 755 1140 834 Siciliam,
1169 756 1222 858 Sp.
1241 757 1382 822 Cluvius

331 781 521 912 {ardiniam
569 845 735 923 Consules,
750 846 791 909 ob
810 867 848 910 ea
860 844 932 908 irati
950 845 1083 921 senatui,
1100 844 1223 908 Latium
1236 843 1324 908 feriis
1343 845 1402 908 inr

332 933 466 1018 primam
495 955 654 1021 quamque
684 932 771 998 diem
797 931 935 1008 indictis,
958 929 994 994 in
1018 931 1211 1032 provinciam
1236 931 1381 996 abituros

333 1041 400 1084 esse
426 1019 671 1095 denuntiarunt3
702 1041 762 1082 nec
792 1018 962 1104 quicquam
991 1040 1038 1082 rer
1068 1017 1214 1103 publicae
1239 1031 1379 1092 acturus,

333 1119 553 1194 praeterquam
568 1106 655 1193 quod
675 1104 717 1170 ad
735 1105 969 1193 provinciarum
982 1103 1288 1169 administrationem
1301 1105 1379 1168 atti·

333 1206 431 1256 neret.

377 1278 532 1358 Attalum,
554 1280 637 1366 regis
661 1277 814 1343 Eumenis
836 1277 974 1354 fratrem,
996 1277 1136 1364 legatum
1159 1277 1281 1342 venime
1307 1277 1378 1341 Ro·

333 1387 427 1443 mam,
445 1365 591 1432 Valerius
611 1366 726 1432 Antias
744 1365 794 1430 his
812 1363 993 1429 consulibus
1011 1364 1128 1441 scribit,
1147 1363 1188 1428 ad
1205 1363 1379 1428 deferenda

333 1451 373 1516 de
385 1451 500 1518 Perseo
512 1454 653 1530 crimina,
666 1451 915 1538 indicandosque
926 1466 1094 1551 apparatus
1108 1450 1192 1516 belli
1229 1449 1379 1515 Pluriurn

333 1539 471 1617 annales,
483 1554 517 1605 ct
550 1541 642 1606 uibus
653 1538 823 1605 credidisse
834 1537 933 1614 malis,
945 1560 1050 1624 rpsnm
1062 1537 1242 1602 Eumenem
1252 1537 1378 1602 venisse

517 1563 679 1692 liumenes
693 1625 799 1712 igitur,
815 1638 853 1688 ut
870 1623 1007 1689 Romam
1021 1623 1119 1700 venit,
1134 1637 1288 1710 exceptus
1302 1646 1378 1688 cnm

334 1724 422 1776 tanto
436 1711 565 1790 honore,
581 1725 737 1799 quantum
751 1734 816 1775 non
836 1711 956 1776 meritis
976 1723 1100 1775 tantum
1113 1711 1193 1789 eius,
1207 1710 1264 1774 sed
1277 1711 1378 1776 bene-

333 1797 412 1861 ficiis
427 1798 522 1862 etiarn
537 1799 609 1874 suis,
625 1797 767 1884 ingentia
788 1819 869 1882 quae
884 1797 919 1860 in
933 1820 1008 1862 enm
1026 1810 1176 1884 congesta
1192 1810 1294 1874 erant,
1309 1798 1379 1862 cxi·

333 1883 473 1949 stimaret
495 1883 604 1948 deberi
624 1882 760 1971 populus
783 1883 955 1961 Romanus,
979 1883 1013 1948 in
1037 1897 1182 1948 senamm
1207 1897 1256 1949 est
1276 1885 1379 1948 intro-

333 1969 456 2039 ductus.
516 1971 673 2036 ‘Causam
701 1969 851 2036 veniendi
879 1970 940 2035 sibi
974 1970 1111 2036 Romam
1139 1969 1254 2048 fnisse’
1282 1970 1377 2048 dixit,

176 2053 316 2109 suspectum
335 2064 480 2144 ‘praeter
493 2057 700 2144 cupiditatem
710 2056 833 2122 visendi
849 2056 925 2122 deos
938 2055 1157 2144 hominesque,
1169 2080 1307 2145 qnorum
1320 2058 1379 2122 be·

177 2113 297 2187 facitne

177 2191 263 2226 mama.

335 2143 469 2208 ‘neficio
484 2144 518 2208 in
533 2167 570 2210 ea
583 2143 709 2210 fortuna
722 2157 815 2221 esset,
830 2165 926 2230 supra
945 2167 1041 2230 quam
1060 2168 1102 2209 ne
1116 2159 1225 2231 optare
1244 2145 1398 2230 quidemr

334 2229 495 2308 ‘auderet
511 2231 605 2296 etiam
626 2245 661 2294 ut
680 2253 786 2296 coram
806 2242 950 2296 moneret
968 2244 1122 2308 senatum,
1140 2244 1176 2296 ut
1194 2231 1304 2296 Persei
1323 2254 1399 2301 co-s

334 2317 435 2381 ‘natis
446 2317 568 2384 obviam
580 2318 658 2382 iret'
703 2317 803 2382 Orsus
813 2316 888 2382 inde
899 2340 920 2382 a
933 2315 1075 2406 Philippi
1085 2316 1233 2395 consiliis,
1246 2327 1377 2382 ‘necem
1454 2378 1455 2395 ,

334 2404 513 2469 ‘Demetrii
525 2404 595 2469 filii’
609 2404 727 2483 retulit,
741 2404 952 2470 ‘adversantis
967 2404 1113 2469 Romano
1128 2405 1227 2482 bello;
1249 2404 1378 2471 Bastar-

334 2498 345 2529 ‘
355 2514 466 2555 narum
477 2506 605 2578 gentem
616 2492 753 2557 excitam
768 2491 895 2556 sedibus
905 2492 979 2568 suis,
991 2514 1128 2578 quorum
1142 2492 1268 2555 auxiliis
1278 2492 1378 2557 fretus

333 2578 389 2641 ‘in
414 2577 538 2645 Italiam
565 2579 719 2643 transiret.
767 2577 858 2643 Haec
883 2600 957 2643 eum
982 2577 1179 2643 volutantem
1201 2578 1236 2642 in
1258 2580 1377 2657 animo,

334 2672 537 2753 ‘oppressum
552 2665 626 2742 fato,
642 2687 777 2751 regnum
790 2664 822 2729 ei
838 2664 1012 2751 reliquisse,
1027 2688 1126 2752 quem
1139 2664 1377 2730 infestissimum

334 2760 420 2817 ‘esse
442 2752 589 2817 sensisset
614 2752 776 2817 Romanis
821 2749 935 2838 Itaque
959 2750 1084 2829 Persen,
1107 2751 1336 2816 hereditarium
1356 2776 1377 2816 a

334 2845 444 2941 ‘patre
469 2838 612 2905 relictum
638 2837 768 2915 bellum,
792 2852 825 2903 et
846 2837 940 2902 simm
963 2861 1036 2902 cum
1059 2838 1196 2938 imperiq
1215 2839 1377 2915 traditum,
1454 2909 1455 2912 ,

1454 2575 1456 2676 l

1454 2681 1455 2770 t

336 2933 482 2991 ‘tamtam
500 2925 637 3011 primum
659 2923 743 2989 olere
763 2947 799 2988 ac
818 2923 923 2989 fovere
944 2925 1091 2989 omnibus
1112 2924 1258 2989 consiliis
1304 2926 1400 2993 Flo-4
1454 2951 1455 2966 ³

335 3019 424 3077 ‘rere
439 3024 602 3098 praeterea
621 3010 795 3087 iuventute,
811 3033 906 3097 quam
926 3011 1057 3097 stirpem
1074 3011 1169 3098 longa
1205 3034 1247 3076 ax
1266 3011 1374 3077 edide-
1454 3089 1455 3092 Ἴ

335 3099 407 3174 ‘rit,
418 3098 529 3163 florere
540 3097 653 3184 opibus
666 3097 766 3184 regni,
777 3098 889 3162 florere
900 3098 997 3163 etiam
1009 3111 1119 3163 aetate.
1200 3122 1260 3163 uae
1275 3120 1377 3186 quum
1454 3099 1455 3158 3

336 3183 493 3270 ‘eorporis
507 3185 617 3249 robore
632 3184 798 3250 acviribus
829 3184 836 3197 '
879 3199 921 3260 at,
933 3184 1073 3249 animum
1085 3208 1151 3250 esse
1166 3185 1378 3251 inveteratum
1454 3191 1455 3242 i

336 3270 478 3335 ‘diutina
502 3284 568 3334 arte
592 3282 687 3357 atque
710 3294 770 3334 usu
791 3206 878 3335 biiii
919 3268 989 3337 Iam
1010 3272 1085 3337 inde
1107 3296 1127 3335 a
1148 3293 1257 3358 puero,
1280 3286 1379 3359 patris
1454 3329 1455 3342 .

336 3356 574 3434 ‘coutubernio,
588 3356 741 3421 Romanis
757 3380 884 3443 quoque
895 3356 995 3433 bellis,
1007 3382 1072 3422 non
1087 3358 1230 3422 finitimis
1241 3372 1378 3436 tantum,
1454 3419 1455 3428 ,

335 3452 521 3522 ‘assuetum
543 3443 672 3509 missum
690 3466 719 3543 a·
730 3458 818 3531 patre
838 3444 873 3507 in
890 3444 1110 3531 expeditiones
1126 3445 1240 3509 multas
1261 3446 1379 3511 varias·

336 3539 427 3618 ‘que
473 3528 542 3595 Iam
561 3554 603 3595 ex
624 3554 689 3617 quo
711 3553 778 3617 lpse
801 3531 972 3617 accepisset
993 3554 1136 3617 regnum,
1160 3533 1270 3610 multa,
1293 3555 1377 3619 quae
1454 3569 1455 3598 ;

369 3781 379 3814 ι
399 3769 435 3815 Ob
451 3769 493 3827 en]
518 3768 616 3830 Nempe
633 3770 698 3830 quod
714 3769 840 3831 provincia
871 3768 921 3817 xxi.
934 3784 972 3830 50.
983 3772 1198 3832 omwtacaepcrm't
1215 3770 1312 3820 Rmon.

335 3831 490 3889 Macedonia,
509 3837 532 3879 et
554 3834 592 3880 rel
614 3848 689 3881 novos
710 3833 839 3891 exercitus,
903 3849 918 3892 4
933 3836 1038 3883 Iamiam
1045 3835 1166 3896 primm]
1188 3837 1315 3898 Tanquam
1323 3839 1377 3897 prs

335 3895 374 3943 vel
390 3895 587 3957 supplementum
601 3896 721 3945 veteribus
736 3897 839 3945 smibere
870 3912 945 3957 mura,
951 3898 967 3945 i.
973 3914 996 3946 e.
1002 3902 1120 3960 tanquam
1128 3898 1221 3960 aliquid
1231 3899 1338 3960 primum
1347 3916 1377 3948 ao

334 3960 474 4021 negabatur.
492 3958 578 4008 Danu.
617 3960 665 4009 Pro
683 3962 712 4009 ob
730 3977 761 4010 ee
779 3963 839 4009 irati
871 3961 1038 4024 praecipuum,
1054 3964 1120 4024 quod
1137 3962 1290 4025 potissimum
1307 3979 1377 4026 sper·

336 4022 474 4071 Gronovius
505 4024 592 4072 obirati
623 4025 746 4093 emendet,
773 4026 839 4087 quod
871 4026 1092 4084 meaumnovius
1102 4026 1205 4089 corrigit.
1229 4028 1322 4076 Doerin
1340 4029 1377 4076 'us

336 4086 666 4146 GraeviueadOic.lltt.ri.
679 4102 700 4150 3.
713 4091 807 4150 probat.
871 4092 970 4137 {mium
993 4093 1101 4151 mnam
1126 4092 1307 4153 interpretemur,
1347 4108 1377 4140 oc

369 4154 439 4199 aNa
455 4158 538 4213 optare
554 4154 661 4214 quidem]
691 4153 840 4202 Addendum
871 4154 925 4215 ipso
941 4161 1060 4215 tempore,
1070 4155 1203 4203 uthellum
1219 4161 1278 4203 ante
1292 4155 1376 4203 omnin

335 4216 463 4277 quicqrmm
473 4216 558 4263 suadet
569 4216 674 4265 Crevier.
871 4217 921 4264 sliu
941 4219 1006 4266 bella
1026 4220 1168 4281 gerendum,
1189 4219 1301 4269 omnibus
1321 4221 1378 4270 aliis

372 4292 386 4338 3
404 4280 488 4327 Persei
507 4281 610 4340 cormtir]
642 4280 689 4327 Pro
707 4283 839 4329 conditae
872 4281 943 4330 bellis
952 4282 1146 4343 praeferendum.

337 4341 431 4390 Eadem
446 4342 551 4391 flexione
564 4358 622 4391 usus
633 4348 669 4391 est
681 4342 765 4393 Livius
774 4360 838 4405 supr.
