2934 4800
328 234 518 303 FRANC.
554 237 838 308 GOELLERI.
1045 250 1108 312 331

414 723 757 793 SPECIMEN

282 956 579 1021 VARIETATIS
607 960 889 1026 LECTIONEM

106 1335 280 1422 TITI
325 1342 494 1428 LIVII
540 1348 1024 1437 HISTORIARUM

350 1587 487 1649 LIBRIS
507 1590 621 1653 XXIV.
644 1592 699 1652 ET
720 1592 818 1653 XXX

563 1784 606 1827 ex

239 1941 316 2000 Coo.
339 1942 438 2002 Meno.
460 1944 691 2004 Beneuentum
711 1946 746 2005 B.
768 1964 927 2005 cnosson.

513 2188 660 2222 -0—

394 2402 537 2470 LIBER
558 2403 689 2471 XXIV.
711 2405 773 2471 ins.

96 2570 185 2637 cn.
213 2573 244 2638 7.
291 2571 368 2639 Em.
396 2577 677 2665 Komhoginiensi
698 2577 825 2664 populo
854 2583 886 2640 et
911 2574 1108 2643 Hannibali.

52 2649 140 2721 Cod.
162 2660 417 2748 Carthaginensi
436 2673 540 2750 popto
564 2675 596 2730 et
613 2663 663 2728 H.
688 2683 763 2726 mox
787 2661 989 2726 Sirocusonu
1016 2685 1105 2728 conc·

55 2743 146 2809 silio.
161 2783 208 2796 —
222 2744 299 2811 Em.
345 2751 538 2828 communiit,
576 2750 845 2836 praesidiumque
885 2749 1048 2834 imposuit.
1064 2785 1110 2798 -

58 2824 142 2893 Cod.
160 2834 341 2912 communit,
350 2837 617 2922 praesidiumque
635 2831 937 2923 imposuit-Em
955 2843 1053 2920 otqne
1066 2858 1109 2902 eu

56 2913 177 2982 itinere
194 2929 335 3004 proeter
360 2923 477 2986 urbem·
523 2919 605 2987 Cod.
630 2931 730 3007 utque
754 2921 861 2985 edicit
885 2921 976 2986 inere
995 2932 1110 3007 preter

59 3003 323 3070 urbemn-Em.
389 3009 604 3095 oerogotiooe
628 3005 766 3072 Aniensi
791 3008 948 3071 iuniorum
972 3008 1107 3074 exisset.

62 3083 144 3153 Cod.
166 3089 242 3156 onte
261 3093 308 3157 sit
350 3094 454 3158 iorum
474 3095 608 3158 exisset.
631 3113 707 3156 mox
732 3091 770 3158 T.
784 3091 998 3158 Acilium...
1016 3095 1110 3160 Emi·

64 3172 139 3240 lium
163 3179 309 3264 regulum
330 3176 521 3244 cim-Em.
547 3181 669 3245 diceret
695 3189 761 3244 tum
788 3177 829 3252 Q.
843 3179 977 3245 Fabius.
1025 3178 1107 3245 Οοό,

64 3260 250 3352 diceretque
263 3273 329 3329 tum
347 3263 387 3336 Q.
398 3265 534 3331 Fabius.

109 3431 189 3498 CAP.
206 3439 237 3500 8.
283 3431 361 3498 Em.
376 3437 411 3501 in
425 3435 539 3501 Italio.
587 3434 670 3500 Cod.
686 3436 721 3500 in
736 3431 1023 3499 Italiam-Em.
1040 3456 1110 3500 cum

71 3537 105 3580 eo
128 3521 227 3587 tsoste.
276 3520 357 3587 coo
383 3545 454 3587 cum
499 3544 539 3587 uo
565 3522 752 3587 hostem-
765 3518 841 3582 Em.
868 3520 980 3584 lacior
1008 3519 1108 3585 locus.

74 3599 149 3670 Cod.
169 3607 290 3672 anxior
311 3609 409 3673 iocus.
423 3645 464 3656 -
476 3545 553 3672 ἔπι.
576 3630 662 3694 quoe
683 3607 717 3671 in
742 3627 896 3692 campum.
945 3602 1027 3669 Cod.
1048 3604 1110 3692 qui

70 3687 102 3752 in
128 3690 425 3844 conium-Em.
452 3694 608 3780 offerret,
637 3693 667 3757 is
701 3693 792 3758 milui.
840 3688 922 3756 Cod.
949 3691 1111 3777 fferretis

75 3777 196 3880 mitii-
228 3801 275 3843 m.
296 3781 478 3847 meminisse
502 3781 673 3845 uideretur.
720 3775 804 3880 Cod-
822 3777 1001 3879 meminisse
1023 3779 1110 3881 nide-

75 3860 1112 4040 mittenti-”mmmm'22‘32‘“·00fii·‘3222

79 4039 191 4174 ingeni
214 4099 328 4156 nostro
352 4087 517 4156 ct.-Em.
540 4091 642 4166 decet,
665 4097 698 4152 et
720 4087 785 4153 sibi
808 4087 865 4152 sic.
915 4083 996 4152 Cod„
1022 4087 1111 4152 deme

111 4299 231 4350 slnitium
250 4301 326 4351 hebet
342 4302 403 4350 liber
423 4301 477 4352 ΜΒ.
498 4300 586 4350 Bsmb.
608 4300 638 4352 Β.
659 4299 768 4351 xxlv.
789 4316 842 4364 cop.
864 4309 884 4362 7.
904 4299 961 4349 inde
980 4313 995 4348 u
1017 4297 1109 4348 verbis:

83 4359 167 4414 “literis
176 4365 304 4416 certiorem
315 4365 382 4426 fecit,
393 4364 529 4425 Sicilium‚”
540 4371 587 4415 etc.
