2934 4800
246 238 770 309 MANUSCRIPTORUM
804 242 948 310 LlVll.
989 233 999 243 ’
1058 250 1122 311 425

31 371 178 450 maiori,
210 388 347 439 vetusto
372 375 446 440 satis
471 373 651 441 charactere
673 390 829 454 exaratus,
848 377 906 442 sed
945 376 980 441 ui
1000 377 1122 443 ratione

30 458 216 523 bonitatis
243 460 397 525 Leidensi
420 462 516 561 priori
539 461 633 549 longe
656 463 752 527 cedit.
798 462 898 527 Hunc
919 400 994 527 dlim
1016 462 1123 529 Iustus

32 542 187 630 Lipsius
205 547 392 632 possedisse
404 547 545 611 ardetur:
570 560 679 633 postea
690 548 731 613 ad
747 547 864 613 Illustr.
886 548 1122 614 Zulicbemium

31 632 222 714 pervenit.
278 631 380 697 Cuius
400 632 543 719 supellex
564 634 689 698 libraria
708 656 808 733 quum
828 636 975 700 auctione
995 636 1124 722 publica

32 714 311 795 distraheretur,
327 742 402 783 eam
416 742 489 783 cum
509 719 654 805 plurimis
673 720 743 784 11111
758 720 863 797 Μ1111,
877 720 1033 808 imprimis
1046 744 1123 787 vero

34 824 119 865 cum
149 804 272 869 tribus
297 804 403 891 spissis
427 804 456 869 E
480 804 640 869 istolarum
664 805 887 893 Lipsianorum
908 806 1123 872 voluminibus

34 901 165 973 postea
194 912 220 953 a
247 828 899 979 1111111111,111111111111Β111111,1111
918 892 1039 957 Leidae
1063 907 1121 971 ast,

35 974 176 1039 coemit
207 975 451 1043 Celeberrimus
474 975 686 1044 Burmannus.
735 978 811 1053 Quo
832 978 1034 1066 suffragante,
1052 979 1122 1043 eius

36 1061 260 1125 excutiendi
280 1062 462 1127 facultatem
486 1086 639 1150 perquam
668 1064 822 1129 benevole
851 1064 930 1129 mibi
958 1087 1122 1130 concesse·

38 1146 380 1297 rgatfflhllustrissimi
408 1148 580 1214 Curatores
605 1163 638 1215 et
664 1149 862 1237 Amplissimi
889 1151 975 1215 urbis
1000 1149 1122 1217 Ieidec

61 1233 124 1295 'on
190 1256 243 1299 11.

90 1320 167 1385 1Χ.
198 1319 390 1385 [1111111111
412 1333 461 1385 est
484 1320 586 1385 codex
610 1321 879 1398 membranaceus,
902 1322 958 1408 qui
981 1335 1124 1387 servatur

43 1402 194 1489 Lipsiae
225 1406 260 1469 in
284 1405 475 1471 bibliotheca
499 1406 672 1485 Senatoria,
691 1407 811 1494 legibili
835 1407 908 1471 satis
931 1430 1038 1485 manu,
1056 1409 1121 1473 sive

43 1488 208 1590 eleganti
225 1492 317 1556 litera
331 1506 485 1570 exaratus,
500 1492 557 1557 sed
576 1492 681 1581 paullo
699 1493 865 1571 recentior,
881 1491 932 1558 vel
946 1516 1012 1558 non
1027 1494 1122 1559 nimis

46 1592 234 1663 antiquus,
262 1579 428 1643 continens
454 1602 573 1655 omnes,
600 1593 725 1666 praeter
749 1580 892 1679 quinque
924 1580 1121 1667 posteriores,

46 1660 168 1740 libros,
183 1663 460 1750 quemadmodum
473 1664 584 1730 Livius
598 1668 658 1731 sub
673 1664 773 1729 initiis
786 1680 861 1731 artis
877 1678 953 1753 typo
990 1667 1121 1817 aphicae

51 1748 109 1811 edi
128 1749 274 1827 solebat,
298 1750 333 1814 id
354 1764 412 1827 est,
431 1750 652 1815 deficientibus
675 1752 771 1815 etiam
792 1752 874 1816 libro
898 1754 930 1817 Χ
971 1753 1002 1817 Χ
1023 1754 1066 1817 11.
1088 1765 1122 1819 11

51 1834 180 1900 ultima
202 1850 294 1923 parte
313 1835 385 1901 libri
403 1838 477 1902 XL.
494 1861 514 1902 a
528 1837 640 1923 capitis
657 1838 735 1903 Xll.
754 1840 778 1921 §-
799 1842 847 1903 16.
864 1838 967 1903 verbis
981 1841 1121 1926 impone·

54 1932 171 1986 rerem
188 1924 411 1989 Macedoniae
422 1947 541 2010 regem,
553 1938 590 1987 ut
603 1922 756 1988 Goetzius
767 1937 900 1989 testatur
914 1925 948 1988 in
961 1924 1119 2011 Descript.

56 2004 226 2072 Bibliotb.
250 2007 406 2094 Lipsiens.
430 2007 612 2074 Senatoriae
636 2032 668 2096 p.
690 2012 742 2076 27.
764 2010 894 2097 insuper
913 2010 1044 2087 addens,
1068 2033 1122 2075 co·

56 2090 172 2157 dicem
194 2094 283 2157 bunc
301 2096 417 2181 primas
435 2094 540 2159 literas
558 2118 636 2160 auro
656 2118 692 2161 ac
708 2096 827 2181 liguris,
843 2118 901 2183 pro
921 2096 1041 2173 aetatis,
1057 2120 1122 2183 qua

58 2178 193 2245 effictae
225 2192 310 2258 11111,
336 2180 476 2259 modulo,
501 2180 637 2269 fulgidas
665 2181 842 2246 ostendere.
889 2182 955 2247 Hic
983 2183 1119 2269 primum

59 2264 144 2328 mibi
171 2266 317 2331 innotuit
339 2289 381 2331 ex
403 2270 464 2333 τοῦ
484 2267 667 2354 μακαρίτου
691 2268 793 2333 Cortii
813 2269 923 2347 literis,
947 2269 1003 2356 qui
1026 2268 1122 2333 simul

62 2371 95 2414 se
112 2374 251 2418 omnem
265 2351 404 2440 lapidem
420 2367 579 2419 moturum
595 2353 748 2441 promisit,
764 2369 800 2420 ut
814 2355 883 2420 1111
897 2366 1048 2442 excerpta
1069 2377 1122 2420 ac·

62 2437 221 2523 ciperem.
269 2438 352 2504 Rem
378 2441 474 2504 etiam
500 2440 690 2528 perfecisset,
717 2441 779 2505 nisi
804 2442 912 2507 invida
937 2463 1022 2506 mors
1046 2463 1122 2506 eum

65 2545 132 2587 non
152 2525 236 2590 mihi
256 2525 364 2612 magis,
380 2549 477 2612 quam
498 2527 646 2592 universo
667 2527 734 2592 orbi
754 2526 880 2592 literato
898 2528 1065 2591 immature
1087 2527 1123 2590 in

66 2609 137 2694 ipso
157 2613 273 2676 aetatis
287 2612 363 2676 flore
383 2613 613 2700 praeripuisset.
660 2612 701 2678 Ei
716 2614 868 2679 defimcto
888 2635 963 2677 mox
985 2612 1121 2699 benigne

68 2699 223 2762 1111111111
246 2695 306 2760 Vir
331 2697 532 2762 Clarissimus
555 2698 685 2764 Paullus
711 2698 831 2764 Daniel
856 2697 1041 2785 Longolius,
1065 2698 1121 2785 qui

69 2783 175 2864 primo
213 2784 375 2870 specimen
411 2784 565 2862 submisit,
601 2786 686 2850 unde
717 2785 827 2864 didici,
859 2783 1002 2850 codicem
1035 2785 1122 2849 hunc

70 2870 247 2933 maximam
284 2883 382 2935 artem
399 2871 568 2936 convenire
586 2870 751 2936 Gebhardi
765 2870 912 2937 Palatino
926 2871 1047 2959 prim03
1068 2871 1121 2937 cui

72 2968 104 3016 11
120 2953 221 3022 Gebh
279 2979 315 3020 111
330 2954 404 3020 111,
421 2955 471 3021 Fr.
487 2956 669 3022 Gronovius
687 2956 774 3022 haud
788 2970 979 3045 postremam
994 2957 1122 3024 laudem

72 3039 262 3106 tribuerunt.
309 3042 365 3106 Ad
389 3042 461 3106 libri
491 3043 589 3129 igitur
617 3043 819 3108 collationem
848 3067 916 3109 1111
942 3045 1121 3132 accingens,

74 3140 225 3209 quattuor
258 3129 398 3213 priorum
432 3128 584 3194 librorum
617 3143 769 3216 excerpta
800 3131 953 3196 submisit.
998 3129 1122 3195 Verum

74 3234 173 3295 quum
190 3212 323 3278 ulterius
379 3237 467 3300 rgere
483 3228 660 3292 conaretur,
676 3215 861 3300 quaedam'
943 3216 1122 3279 retaintcr-

75 3319 200 3375 venere,
216 3322 298 3385 quae
315 3237 499 3376 addemnat,
516 3313 552 3364 ut
572 3301 740 3366 subsistere
761 3315 888 3366 coactus
925 3300 999 3364 dem
1014 3299 1122 3365 datam

75 3381 207 3449 liberare
223 3386 451 3484 nonpotuerit.
499 3386 610 3461 Quum
630 3387 727 3486 igitur
747 3409 894 3535 pereum
909 3409 975 3450 non
988 3387 1122 3463 steterit,

75 3493 137 3554 quo
163 3470 270 3534 minus
293 3472 410 3557 integri
433 3472 551 3536 codicis
573 3487 730 3536 variantes
763 3474 905 3536 eetiones
926 3471 1042 3535 habere
1064 3495 1123 3558 po-

77 3556 199 3633 tuerim,
220 3580 322 3643 aeque
347 3581 397 3622 me
421 3558 481 3644 ipsi
505 3558 690 3622 obstrictum
714 3581 860 3645 agnosco,
883 3582 920 3622 ac
943 3557 970 3622 si
991 3579 1059 3621 rem
1080 3580 1122 3621 ex

77 3655 147 3707 voto
162 3642 359 3708 confecisset.

118 3728 407 3794 X.L0vs1.m1tus
433 3729 562 3794 Paratus
588 3743 635 3795 est
662 3731 764 3794 codex
793 3730 964 3795 admodum
995 3729 1121 3814 spissus,

78 3813 192 3880 formae
217 3816 354 3892 maioris
370 3839 436 3880 non
458 3829 580 3880 tantum
604 3817 749 3902 primam,
765 3816 822 3882 sed
844 3817 973 3902 insuper
996 3815 1121 3879 tertiam

79 3921 110 3964 11
133 3915 279 3987 quartam
303 3901 438 3966 decadas
463 3901 615 3966 librorum
642 3901 727 3965 Livii
752 3902 928 3978 continens,
953 3901 1122 3966 deficiente

79 3999 182 4052 11111111
197 3987 277 4052 libro
294 3987 464 4054 XXXlll.
482 4001 514 4052 et
530 3987 641 4052 ultima
655 4001 744 4073 parte
759 3988 830 4052 libri
847 3988 923 4052 XL.
940 3987 1073 4073 scriptus
1087 3987 1122 4051 in

115 4095 267 4160 rgumeno
297 4073 475 4160 purissimo,
503 4074 646 4160 qualibet
670 4075 739 4138 eius
764 4074 881 4160 pagina
905 4074 940 4136 in
966 4074 1044 4137 duas
1069 4097 1122 4137 eo·

91 4181 199 4223 amnas
225 4159 335 4236 divisa,
362 4173 395 4223 et
421 4182 486 4224 non
512 4174 636 4224 tantum
662 4161 696 4223 in
726 4160 887 4246 superiore
916 4174 949 4225 11
975 4159 1122 4224 inferiore

79 4247 228 4332 cuiusque
251 4256 476 4332 putaveram
500 4246 596 4310 etiam
617 4245 651 4310 in
671 4245 850 4324 interstitio,
867 4246 950 4310 inter
969 4245 1048 4310 duas
1067 4269 1123 4332 pa·

80 4332 218 4416 ginarum
234 4330 398 4396 columnas
413 4331 528 4409 medio,
541 4333 671 4418 picturis
686 4344 846 4398 exornata.
894 4331 992 4398 Hunc
1006 4332 1123 4399 librum
