2934 4800
186 667 566 756 PRAEFATIO
609 667 1030 759 KREYSSIGII

111 931 185 1004 an
220 927 426 1003 uranum
461 927 802 1002 sarcasmum
838 929 1096 1004 1111111111.

505 1179 704 1216 ...4-

162 1399 264 1467 UOD
290 1399 352 1466 iam
379 1397 503 1466 dudum
528 1399 734 1468 vehementer
761 1413 996 1491 exoptaveram,
1020 1423 1129 1489 neque

187 1518 306 1580 tamen,
325 1525 426 1590 quum
446 1501 522 1568 olim
544 1504 581 1568 in
598 1503 789 1570 Emestiana
808 1503 894 1568 Livii
915 1503 1056 1568 editione
1077 1525 1129 1568 re-

80 1605 299 1694 cognoscenda
313 1619 494 1693 occupatus,
510 1619 547 1672 ut
561 1607 640 1671 mihi
655 1607 696 1672 de
711 1606 823 1672 Franc.
838 1604 982 1670 Goelleri
995 1605 1128 1692 eiusque

80 1709 156 1773 socii
169 1708 336 1797 diligentia
350 1708 465 1774 multas
484 1709 526 1774 ob
544 1731 653 1774 causas
667 1707 827 1774 dubitanti
842 1707 961 1773 codicis
975 1705 1129 1772 Bamber·

81 1811 182 1894 gensis
203 1810 312 1876 denuo
334 1809 525 1898 inspiciendi
547 1811 640 1900 copia
660 1810 799 1890 daretur,
821 1832 841 1875 a
863 1807 969 1875 Ioach.
988 1807 1128 1888 Iaeckio,

81 1910 289 1979 bibliothecae
315 1911 559 2000 Bambergensis
583 1911 755 2002 praefecto,
778 1910 959 1977 verecunde
984 1911 1128 2000 quidem,

83 2027 118 2079 ut
133 2039 189 2104 par
207 2029 286 2095 erat,
301 2015 359 2080 sed
378 2014 493 2081 hustra
514 2015 757 2095 contendissem,
772 2037 916 2103 unquam
937 2027 1128 2083 eventurum

83 2139 147 2183 esse
165 2141 375 2208 speraveram,
390 2117 425 2182 id
443 2118 549 2208 ipsum
566 2130 641 2184 ante
661 2117 719 2184 hoe
740 2129 813 2183 octo
832 2130 867 2183 et
879 2117 968 2205 quod
987 2117 1129 2184 excurrit

84 2241 178 2286 annos
200 2243 275 2288 casu
298 2233 355 2286 aut
376 2219 457 2286 forte
479 2220 607 2285 fortuna
625 2240 686 2286 nec
705 2218 850 2308 opinanti
871 2218 952 2284 mihi
972 2219 1057 2286 ultro
1078 2232 1128 2287 est

84 2321 228 2389 oblatum.
274 2320 432 2388 Absoluta
449 2321 537 2387 enim
551 2321 637 2387 Livii
651 2320 804 2401 editione,
819 2343 917 2410 quam
933 2319 1027 2388 Imm.
1041 2320 1129 2388 Bek-

85 2420 173 2491 herus
194 2427 228 2491 in
250 2448 344 2491 usum
366 2424 545 2491 scholarum
566 2424 742 2503 adornavit,
762 2424 891 2490 libraria
904 2423 1129 2491 Weidmannia

86 2526 197 2594 codicis
217 2526 492 2594 Iamishamensis
513 2527 577 2592 siva
594 2525 856 2593 Vindobonensis
877 2524 1091 2604 collationem,
1109 2549 1130 2591 a

87 2626 189 2697 Barth.
216 2631 397 2719 Kopitario,
426 2628 638 2696 bibliothecae
667 2628 844 2695 Caesareae
868 2626 1130 2695 deobonensis

87 2733 219 2813 custode,
234 2732 379 2799 ciusdem
393 2731 538 2797 librariae
553 2730 732 2820 sumptibus
752 2731 788 2795 in
805 2751 893 2795 meos
912 2752 988 2794 usus
1001 2728 1129 2795 institu-

89 2844 147 2901 tam
169 2848 265 2924 atque
293 2858 367 2901 cum
393 2832 541 2900 Bekhero
566 2832 795 2899 communicari
820 2833 947 2912 iussam,
973 2830 1053 2897 mihi
1077 2854 1129 2901 re·

89 2940 175 3018 misit,
190 2940 322 3006 adiectis
336 2939 461 3005 duobus
480 2938 642 3003 codicibus
660 2936 975 3024 Bambergensibum,
990 2957 1127 3023 quorum

91 3038 213 3109 alterum
232 3043 328 3131 longe
349 3040 609 3129 praestantiorem
624 3038 711 3118 olim,
727 3051 764 3103 ut
783 3060 879 3125 supra
892 3038 971 3116 dixi,
986 3037 1128 3104 nancisci

90 3162 147 3209 nou
160 3158 336 3234 potueram,
350 3144 484 3210 alterum
499 3166 556 3208 sex
570 3142 690 3229 priores
701 3140 787 3205 Livii
801 3139 897 3206 libros
911 3162 984 3205 cum
999 3140 1128 3229 septimi

91 3247 232 3329 particula
270 3246 536 3336 complectentem
573 3242 706 3309 Godofr.
746 3242 932 3321 Seebodius,
969 3241 1005 3305 id
1039 3240 1128 3330 quod

91 3344 224 3416 laeckius
237 3350 420 3439 nuperrime
436 3348 478 3414 ad
498 3368 549 3413 me
564 3345 756 3435 perscripsit,
770 3366 858 3411 nunc
873 3366 974 3432 quum
987 3343 1127 3409 maxime

92 3466 301 3534 perscrutatur.
362 3451 489 3517 Horum
520 3450 666 3517 codicum
695 3460 841 3536 aspectus
870 3444 1127 3523 iucundissimus,

123 3690 131 3723 1
149 3676 187 3727 De
202 3684 308 3739 utroque
327 3676 383 3726 ride
402 3674 496 3725 Iaeckii
516 3676 587 3724 Voll·
621 3672 815 3724 Handschristen
839 3672 883 3719 dar
904 3667 1063 3744 dffentlicheu
1085 3666 1128 3718 Bi-

96 3740 189 3805 “indige
216 3741 400 3803 Beschreibung
426 3741 470 3788 der
501 3740 587 3789 bffent
619 3737 731 3787 bliothek
748 3752 779 3785 au
795 3735 926 3796 Bamberg.
940 3733 1050 3795 Leipzig,
1066 3732 1129 3795 1833

96 3798 314 3855 lichenBibliotbeh
326 3820 356 3853 111
368 3805 497 3867 Bambcrg.
505 3803 531 3852 N
534 3818 587 3851 um
619 3813 691 3863 -35.
710 3802 781 3849 Fasc.
796 3800 851 3847 111.
867 3798 929 3847 Τὼ.
942 3797 992 3845 vt.
1005 3796 1056 3846 No.
1068 3802 1129 3873 act

96 3862 150 3929 berg,
169 3872 301 3932 1831-34,
320 3869 388 3918 Part.
404 3869 426 3917 1.
441 3884 466 3931 p.
483 3868 545 3917 LII.
563 3872 588 3915 et
607 3864 643 3927 '5.
677 3864 757 3913 Miror
766 3869 859 3921 tamem
870 3862 1000 3911 Iaeckium
1010 3876 1060 3909 non
1073 3861 1129 3909 hbn

100 3940 141 3979 ne
156 3938 227 3996 usus
247 3935 315 3983 rari
335 3932 373 3981 11.
394 3947 418 3995 p.
436 3932 473 3981 x„
491 3931 520 3981 n.
539 3930 588 3979 rv.
620 3928 737 3977 tnoeemr
760 3926 836 3985 aar,
856 3926 883 4000 ⁵5¹
907 3925 973 3987 quoa
998 3924 1130 3999 (1111111.

98 3989 219 4058 Scriptum
230 3996 365 4060 specimina
375 4012 406 4045 ex
417 3995 588 4043 hiscodicibus
620 3993 686 4051 feeit,
705 3992 820 4055 paginam
837 3990 943 4038 aliamve
960 3989 1051 4037 codicis
1066 3992 1129 4036 antr-

98 4054 588 4128 dtpmmptareperinnturinoperesplan·
619 4056 710 4119 quioris
732 4054 889 4118 particulam,
911 4052 955 4101 sed
976 4052 1052 4127 rerba
1073 4051 1130 4103 lib.

99 4118 215 4186 hammo,
225 4126 291 4187 qwd
306 4125 372 4173 idam
385 4122 500 4173 Iaeckius
511 4122 589 4171 edidit
622 4120 729 4171 XXIV.
740 4132 762 4180 7.
773 4120 851 4169 literis
864 4118 990 4168 11τί1111111
998 4116 1071 4176 saort,
1081 4120 1129 4165 etc.

99 4179 127 4231 ia
134 4186 199 4237 inseri
217 4196 286 4237 tum:
305 4188 379 4236 Viele
387 4188 528 4250 Alphabetc
539 4186 591 4234 und
623 4201 654 4234 ax
665 4182 756 4233 codicis
765 4181 906 4244 recentioris
919 4179 1041 4255 principio
1051 4178 1131 4241 petita

98 4259 160 4305 twa
173 4204 370 4301 §christ-Muster
386 4266 441 4299 vom
457 4251 539 4299 VIII.
554 4249 592 4299 bis
623 4266 639 4299 a
649 4247 829 4311 chalcographo
838 4245 940 4296 describi
951 4244 1055 4295 iussae

101 4322 144 4362 zum
166 4316 243 4367 XVI.
264 4316 450 4366 Jahrhunderta
473 4329 518 4367 aut
542 4313 591 4363 den
