2934 4800
408 237 502 301 LIB.
527 234 618 303 XLL
648 238 749 304 CAP.
774 247 825 305 28.
1097 244 1137 310 37

77 376 220 452 iterum,
237 374 275 440 C.
288 373 422 438 Cluvius
436 373 552 440 Saxula
565 376 689 440 iterum.
737 376 884 442 Comitiis
898 378 1054 464 perlectis,
1070 380 1133 465 Ap.
1146 393 1180 444 U.
1192 394 1221 443 ο.
1237 395 1292 457 578.

79 461 251 526 Claudius
268 461 408 538 Centho,
423 483 464 526 ex
481 461 650 527 Celtiberis
669 485 766 527 ovans
780 484 880 549 quum
898 465 934 528 in
953 465 1064 529 urbem
1085 459 1174 530 in·Au
1191 459 1292 533 ⁰.·.¹⁷⁴·

76 547 163 626 iret,
182 549 298 650 decem
321 547 422 648 millia
444 549 551 634 pondo
574 550 706 700 affati,
730 549 989 636 quinquemillia
1013 551 1080 615 auri
1099 525 1257 616 incomta.

74 655 248 736 aerarium
272 635 354 700 tuht.
400 634 531 699 Flamen
554 635 597 698 Dr
639 658 655 700 s
679 653 883 724 rnauguratns
905 652 953 701 est
972 637 1033 702 Cn.
1052 638 1134 702 (lor-

78 722 260 873 nelffilem
282 829 368 872 anno
389 807 497 872 tabula
517 807 551 870 in
573 808 684 872 aedem
700 807 814 874 Matris
829 808 975 873 Matutae
990 832 1064 876 eum
1083 811 1275 874 immansio

78 895 245 995 dicelhoc
264 895 367 995 posita
386 908 449 958 est:
478 894 550 994 ‘'Ti.
563 894 742 995 Sempropii
759 895 897 996 Gracchi
915 896 1053 996 consulis
1074 891 1268 1002 imffiffl*

80 980 525 1132 133333¹3⁰⁰1¹333
545 980 1134 1134 saturantium
1141 1024 1254 1130 3²²⁹.

81 1163 94 1192 ‘
107 1177 207 1241 snpra
221 1091 383 1241 octogiiia
397 1154 503 1218 millia.
543 1090 727 1240 liepubliea
736 1153 914 1219 felicissirne
927 1169 1026 1304 gesta,
1035 1091 1131 1242 atdire
1140 1145 1226 1208 posita

52 1249 94 1308 8‘
108 1241 252 1306 liberatis
273 1240 477 1341 vectigalibus
492 1241 509 1274 ⁴¹
524 1241 684 1318 restitutis,
699 1241 876 1306 exercitum
896 1264 931 1304 sa
941 1262 1016 1305 vum
1035 1256 1132 1390 atpue

83 1327 304 1392 ‘incolumem
345 1327 539 1391 leniae1mum
559 1327 677 1414 praeda
692 1328 824 1392 domum
843 1327 1022 1412 reportavit.
1086 1342 1134 1392 te-

84 1422 183 1478 ‘rnm
199 1415 318 1500 triump
412 1413 446 1476 in
460 1415 572 1477 urbem
586 1413 724 1478 Romam
738 1412 841 1477 rediit.
880 1412 982 1477 Cuius
995 1414 1042 1478 rei
1055 1437 1133 1500 ergo

86 1510 100 1538 ‘
111 1500 197 1564 hanc
212 1500 350 1565 tabulam
366 1500 486 1564 donum
498 1499 568 1563 Iovi
578 1499 687 1564 dedit’
721 1499 885 1564 Sardiniae
899 1499 1019 1564 insulae
1033 1499 1134 1565 forma

89 1599 170 1664 erat,
185 1599 279 1674 atque
293 1587 329 1650 in
344 1609 382 1650 ea
396 1585 561 1650 simulacra
574 1607 753 1673 pugnarum
763 1586 859 1672 picta.

137 1671 273 1738 Munera
291 1671 502 1760 gladiatorum
525 1695 564 1736 eo
587 1695 671 1736 anno
695 1672 736 1736 ali
760 1685 817 1737 uot
839 1695 935 1772 parva
957 1673 1020 1737 alia
1038 1673 1131 1749 data3

90 1782 192 1824 unum
216 1771 289 1824 ante
313 1773 418 1824 cetera
442 1759 565 1846 insigne
584 1758 645 1822 fuit
665 1759 704 1824 T.
718 1696 897 1837 Flaminini,
941 1759 1005 1824 nod
1023 1760 1132 1825 mortis

60 1869 182 1918 oeausa
237 1845 363 1923 trissni,
374 1867 447 1910 eum
457 1845 662 1910 visceratione
674 1845 833 1932 epuloque
844 1859 878 1910 et
891 1846 925 1909 lu
950 1847 956 1860 '
988 1847 1130 1924 scenicis,

62 1934 193 2020 aquatri
217 1956 294 1998 uum
312 1932 409 1998 dedit.
455 1931 568 2019 Magni
589 1942 696 1996 tamen
717 1932 858 1996 muneris
871 1955 1046 1997 aasumma
1059 1933 1130 2010 lirit,

60 2033 124 2084 aut
181 2043 198 2083 r
211 2019 353 2084 triduum
368 2030 516 2105 quattuor
529 2032 563 2082 et
576 2019 777 2106 septuaginta
791 2018 936 2083 homines
949 2019 1129 2106 pugnarint

134 2043 237 2193 Εἰπὲ
260 2106 355 2170 huius
378 2105 454 2170 anni
476 2104 608 2191 insignis
630 2119 680 2169 est
700 2128 792 2181 nova,
813 2127 915 2204 eaque
936 2105 1046 2192 magni
1063 2127 1132 2170 mo-

84 2193 190 2258 menti
209 2191 290 2279 lege,
306 2214 387 2278 quae
407 2213 472 2256 non
491 2191 558 2256 sine
579 2191 686 2278 aliquo
709 2205 799 2256 motu
819 2213 998 2257 animorum
1014 2192 1132 2278 agitata

84 2281 249 2344 civitatem
273 2279 424 2343 exercuit.
470 2276 636 2342 Hactenus
658 2277 791 2342 feminas
816 2301 883 2342 non
901 2278 1016 2355 minus,
1035 2301 1131 2364 quam

82 2367 179 2445 virus,
194 2366 237 2431 ad
251 2363 442 2431 hereditates
456 2363 581 2429 admitti
600 2362 650 2428 ius
669 2363 780 2429 firerat.
825 2363 907 2429 Inde
921 2365 1027 2443 fiebat,
1043 2379 1080 2430 ut
1092 2366 1132 2430 il-

83 2454 342 2518 lustrissimarum
371 2474 464 2539 saepe
490 2450 679 2515 familiarum
706 2452 789 2516 bona
817 2452 852 2514 in
877 2450 995 2516 alienas
1021 2453 1132 2517 domos

86 2540 392 2616 transfunderentur,
408 2560 524 2625 magno
539 2560 612 2602 cum
629 2537 821 2625 reipublicae
836 2538 963 2615 damno,
979 2540 1069 2602 cuius
1082 2539 1133 2603 in-

118 2726 135 2773 8
156 2726 480 2787 Vectipalibua'rerlitatis]
499 2724 595 2773 Vocem
627 2723 760 2772 admodum
782 2722 920 2772 mirandum
939 2727 977 2771 est
995 2723 1057 2771 dnos
1075 2723 1132 2773 scri-

86 2788 197 2851 aliqunm
216 2790 299 2839 deesw
318 2788 455 2851 auspicatur
473 2786 595 2851 Sigonius,
627 2792 709 2851 ptores
716 2787 811 2848 aliquot
818 2787 889 2835 annis
896 2788 1035 2835 intersede
1044 2788 1132 2837 eadem

86 2853 129 2914 qui
146 2859 202 2915 post
218 2854 376 2915 vestigalibus
391 2869 462 2901 voces
476 2860 500 2902 at
511 2854 594 2915 reipa-
627 2868 653 2899 re
664 2851 807 2913 discrepare.
830 2849 927 2899 Deinde
937 2850 1012 2899 etiam
1021 2851 1133 2899 videmur

85 2918 164 2966 iliona
174 2918 314 2966 inserendas
324 2932 375 2965 csse
386 2916 491 2966 coniicit.
626 2914 745 2977 suspicari
766 2930 846 2977 posse,
865 2916 920 2963 ideo
942 2915 1069 2963 dissentire
1090 2916 1131 2963 Li·

118 2996 136 3045 9
152 2982 216 3029 Gara
229 2982 400 3042 cumcuma]
417 2982 448 3030 ci.
461 2980 532 3043 Supr.
543 2978 592 3029 viii.
626 2979 693 3027 vium
704 2985 729 3027 et
738 2978 883 3029 Ciceronem
894 2979 958 3027 eirca
968 2994 1061 3027 annum
1071 2980 1132 3042 legis

88 3058 127 3093 aa.
626 3043 761 3103 Voconiae,
771 3043 830 3105 quia
840 3043 903 3091 drea
914 3049 1020 3091 aetatem
1030 3043 1133 3093 Catonis

122 3122 133 3156 ι
151 3110 243 3171 Maeni
260 3114 342 3158 tomen
357 3108 477 3167 maneria]
498 3124 531 3157 ac.
544 3108 593 3156 Pro
625 3107 789 3167 dissenserint,
806 3112 831 3155 et
849 3107 933 3155 Lin'us
950 3123 1007 3154 eum
1024 3108 1132 3169 quinque

87 3186 118 3221 eo
136 3178 256 3235 tompore,
272 3186 348 3234 quum
368 3172 431 3220 Livii
450 3178 531 3220 aetate
549 3186 592 3220 nu·
625 3171 695 3219 annis
711 3171 830 3221 seniorem
847 3171 929 3230 faeiat,
946 3186 1019 3233 quarn
1036 3171 1131 3229 cicaro,

86 3236 415 3299 merusilleexigunsesset.
626 3241 654 3283 nt
681 3235 869 3296 observavimus,
892 3251 959 3297 supr.
982 3234 1067 3283 xxxix.
1092 3250 1132 3295 4ο.

122 3300 595 3363 aanttuorstraptaopintalomiaaa
627 3299 713 3349 Cicero
734 3300 800 3348 enim
822 3301 877 3349 loco
900 3301 974 3348 modo
997 3305 1132 3348 memorato

85 3369 238 3428 primaint]
256 3364 308 3413 Hic
318 3366 433 3413 mutilum
444 3380 495 3413 esse
506 3364 594 3412 librum
626 3363 709 3411 scribit
726 3364 847 3414 Catonem
866 3380 943 3412 annos
960 3369 1046 3411 natum
1063 3362 1132 3423 qnin-

86 3430 216 3481 credimus.
240 3430 356 3490 Namque
364 3444 395 3477 ex
403 3430 511 3491 epitome
522 3426 595 3475 liuius
627 3442 675 3489 que
696 3432 721 3475 et
744 3428 875 3489 sexaginta*
892 3430 971 3489 legem
994 3425 1133 3473 Voconiam

87 3494 143 3541 libri
151 3499 255 3556 apparet
266 3492 361 3541 Livium
370 3492 395 3541 in
406 3508 436 3543 eo
446 3492 507 3555 lep's
514 3492 593 3540 Voco-
626 3491 738 3550 suasisse,
752 3491 795 3552 qni
809 3491 911 3538 Catonis
926 3491 989 3539 ritae
1004 3504 1092 3548 annus,
1102 3504 1132 3537 eo

87 3560 144 3606 niae
160 3557 312 3606 mentionem
327 3555 419 3605 secisse.
451 3556 595 3614 accisam,
626 3556 700 3603 modo
711 3569 760 3615 quo
771 3559 884 3602 numerat
895 3553 990 3610 Cicero,
1000 3552 1086 3600 incidit
1096 3568 1132 3601 re·

86 3622 113 3669 in
128 3622 196 3670 Verr.
213 3620 229 3671 i.
248 3635 286 3681 42.
298 3621 370 3668 docet
386 3620 524 3669 Voconium
541 3634 595 3667 san-
628 3634 685 3666 vera
694 3619 720 3665 in
732 3618 886 3666 consulatum
897 3616 1028 3679 Caepionis
1038 3622 1063 3664 et
1075 3616 1132 3665 Phi-

87 3685 287 3746 xissedeiisqui
298 3688 353 3747 post
363 3685 394 3733 A.
405 3684 560 3733 Postumium
571 3688 596 3731 et
629 3682 698 3744 lippi.
740 3683 776 3731 at
797 3696 854 3730 vero
875 3694 906 3729 ex
928 3680 991 3729 Livii
1013 3681 1133 3731 sententia

88 3750 247 3809 QUI-'ulrium
259 3763 370 3797 censores
385 3748 450 3797 canai
463 3746 597 3807 ementita
629 3744 794 3808 sexagesimus
820 3744 919 3807 quintus
941 3744 1005 3793 ritae
1031 3746 1133 3797 Catonis

88 3820 116 3862 nt
124 3812 152 3862 hi
159 3829 270 3862 cenmres
280 3812 306 3860 in
318 3813 371 3875 lege
380 3813 468 3861 diserte
478 3812 597 3861 nominati
629 3825 709 3859 annus
725 3808 815 3857 retrahi
829 3809 903 3857 debet
916 3808 942 3856 in
953 3809 1060 3872 quinque
1075 3817 1133 3859 ante

88 3877 162 3926 fnisae
175 3878 310 3927 rideantur.
343 3876 399 3925 Iam
411 3892 467 3925 vero
481 3876 557 3925 iidem
571 3875 597 3923 hi
630 3888 715 3933 annos,
726 3888 756 3921 ac
770 3872 871 3935 proinde
885 3873 997 3922 incidisse
1011 3874 1037 3922 in
1048 3889 1133 3924 conau-

89 3956 201 3991 censores
209 3941 284 3990 creati
293 3946 460 3989 memorantur
467 3952 599 4002 superma
630 3940 709 3987 latum
721 3938 764 4012 Sp.
777 3937 905 3997 Postumii‚
915 3943 941 3987 et
952 3938 985 3995 Q.
994 3939 1083 3996 Mucii,
1091 3938 1133 3999 qui

89 4022 138 4069 qno
146 4006 217 4054 nulla
223 4005 272 4053 iarn
284 4004 388 4053 occurrit
395 4005 490 4053 lacuna.
514 4003 598 4065 Sequi·
631 4008 668 4051 est
682 4001 723 4049 hic
738 4016 791 4063 ipse
804 4016 883 4049 annus
896 4003 922 4050 in
933 4017 982 4065 quo
992 4002 1081 4049 desinit
1093 4002 1134 4049 hic

89 4075 241 4133 turergo‚ut
252 4070 277 4117 in
288 4069 337 4117 tine
348 4069 403 4117 libri
414 4070 445 4117 de
456 4069 509 4129 lege
518 4068 598 4115 Voco-
631 4066 700 4115 liber.
734 4065 823 4127 Itaque
834 4067 953 4115 credimus
963 4065 1085 4113 nihilium
1095 4080 1134 4112 su·

90 4134 315 4197 niaegeritLivius.
336 4133 447 4181 Atenim
455 4131 596 4182 Cic.deSe-
629 4144 735 4193 parasse,
752 4144 796 4177 cur
813 4130 939 4192 quisquam
958 4128 1054 4177 dubitet
1072 4128 1134 4175 inse·

90 4206 154 4247 nect.
166 4198 272 4258 sedicit
283 4198 363 4261 legem
372 4196 508 4245 Voconiam
520 4196 597 4243 latam
629 4195 732 4243 rendum
751 4194 871 4242 hocloco
890 4194 963 4240 fuisse
980 4192 1134 4252 supplemen-

91 4278 143 4311 easc
161 4262 287 4324 Caepione
306 4267 331 4309 et
350 4261 468 4323 Philippo
488 4260 526 4308 11.
543 4274 600 4307 con-
633 4265 685 4306 tum
698 4259 793 4319 delego
805 4256 930 4305 Voconia:
948 4256 1014 4316 quod
1025 4255 1139 4302 secimru.

92 4325 194 4383 salibus,
211 4326 252 4386 qui
271 4326 357 4386 ‹puinto
377 4330 432 4388 post
451 4326 517 4373 hunc
536 4338 601 4371 anno
634 4324 715 4371 Gaav.

93 4390 206 4439 consules
216 4388 291 4438 futuri
303 4395 367 4438 sunt.
400 4388 450 4438 Sed
461 4386 541 4451 primo
552 4402 601 4435 non
