2934 4800
338 112 401 179 rto
724 103 839 173 ΤῙΤΙ
869 103 1006 173 LIVlI

179 259 214 374 p.
226 259 257 374 g.
273 258 328 372 {gp
340 247 380 323 Q,
397 245 496 311 Fabio
521 244 589 346 tilio
612 257 646 310 et
671 243 709 345 I?
732 242 874 345 lentulo
900 257 935 308 et
962 243 1004 319 Q.
1023 242 1160 345 Metellq
1188 267 1277 310 curn
1306 243 1386 344 litai

203 359 258 376 '⁰
338 330 719 505 itttttttsttl?
737 329 1220 503 iiiiiihiiiiiiimmi
1236 330 1386 514 ‘iiii

339 504 475 592 amplius
489 504 612 569 duabus
626 503 773 568 noctibus
790 503 830 568 ab
845 503 954 567 castris
971 503 1126 568 abessent
1189 526 1258 591 pse
1275 524 1386 603 propa

339 613 425 656 mare
448 591 489 656 ad
512 591 659 678 Pydnam
681 603 782 654 castra
803 589 911 654 morit
958 588 1082 654 Beroea
1103 590 1267 677 primurn,
1288 591 1386 654 derude

179 692 245 741 'rota
255 692 311 741 Ma
341 677 576 754 Thessalonica,
592 689 626 742 et
639 675 739 752 Pella,
751 692 785 741 et
798 674 950 762 deinceps
964 676 1068 740 omnis
1082 675 1179 741 ferme
1197 675 1388 742 Macedon

178 757 282 869 ἔξω
291 757 332 804 d*
340 764 425 828 intra
438 764 572 829 biduum
586 761 703 828 dedita.
735 760 891 849 Pydnaei,
904 761 961 848 qui
974 762 1114 861 proximi
1128 777 1235 840 erant,
1254 761 1388 827 nondun

207 825 240 871 ω’
340 850 491 916 miserant
505 850 643 937 legatos:
668 847 840 913 multitudo
860 847 1025 912 incondita
1043 847 1181 936 plurium
1203 848 1316 913 simul
1328 869 1389 934 geu

340 938 430 1013 tium,
447 937 614 1023 turbaque,
629 957 712 1022 quae
726 957 768 999 ex
783 934 850 999 acie
864 933 940 1035 fuga
959 934 993 997 in
1013 957 1114 998 unum
1132 934 1313 1023 compulm
1327 949 1388 1008 eret

338 1021 504 1088 consilium
527 1036 561 1087 et
581 1019 770 1086 consensuri
793 1020 927 1084 civitatrs
947 1019 1160 1107 impediebat:
1183 1043 1254 1086 nec
1278 1021 1389 1086 claime

339 1109 435 1174 modo
450 1121 569 1196 portae,
584 1107 641 1173 sed
660 1107 756 1172 etiam
775 1105 993 1171 inaedificatae
1008 1119 1107 1171 erant
1154 1105 1258 1172 Missi
1276 1106 1389 1171 Medon
1421 1146 1422 1163 r

270 1265 276 1275 ,
338 1209 372 1260 et
386 1193 591 1261 Pantauchus
607 1194 667 1258 sub
684 1214 791 1257 muros
806 1191 847 1257 ad
862 1191 1058 1278 colloquium
1075 1191 1212 1271 Solonis,
1259 1193 1299 1258 ui
1313 1215 1390 1280 pne·

337 1282 419 1347 sidio
444 1293 596 1369 praeerat.
643 1279 706 1344 Per
731 1302 806 1344 eum
835 1279 991 1344 emittitur
1016 1277 1160 1344 militaris
1187 1293 1246 1344 tur
1304 1303 1314 1343 r
1345 1301 1390 1364 op·

181 1385 319 1499 Persequi·
337 1367 450 1456 pidum
465 1367 610 1466 deditum
624 1365 779 1430 militibus
793 1365 887 1467 datur
900 1363 1127 1452 diripiendum.
1166 1364 1327 1467 Perseus,
1337 1387 1389 1428 ura

179 1469 250 1568 23:¹¹
337 1467 466 1605 iiiii
497 1449 1388 1626 nltfft‘ttttttt‘ztttrtltttttte't
1421 1530 1422 1563 ι

337 1626 441 1690 filium
463 1625 604 1691 habenas
634 1636 730 1689 utet
755 1625 839 1710 ipsos
863 1622 1151 1711 Amphipolitanos
1179 1637 1215 1688 et
1245 1624 1386 1712 equiturn

337 1711 558 1861 peditumffie’
575 1711 631 1798 qui
651 1723 707 1775 aut
725 1731 852 1796 semper
871 1710 981 1788 secuti,
997 1726 1052 1774 aut
1065 1709 1141 1797 fuga
1159 1710 1283 1776 eodem
1300 1708 1384 1774 delati

337 1812 438 1876 erant,
533 1796 668 1862 ortando
700 1797 823 1862 animos
852 1797 1062 1862 confirmaret.
1123 1795 1189 1860 Sed
1221 1796 1384 1896 aliquodue

337 1883 444 1949 dicere
458 1883 664 1970 incipientem
680 1905 780 1971 quum
795 1881 942 1947 lacrimae
981 1881 1214 1970 raepedissent3
1230 1905 1317 1970 quaa
1329 1882 1383 1969 ipa·
1419 1906 1422 1997 p

337 1970 445 2035 dicere
460 1970 593 2056 nequiit,
608 1969 761 2034 Euandro
774 1967 921 2033 Cretensi
936 1905 1042 2045 editis,
1076 1991 1135 2034 uae
1150 1970 1200 2056 agi
1218 1991 1300 2035 cunr
1315 1966 1382 2032 mul

338 2055 476 2120 titudine
490 2055 596 2132 vellet,
611 2055 653 2119 de
675 2054 796 2141 templo
816 2055 990 2120 descendit
1076 2055 1227 2134 ultitudo,
1246 2057 1335 2122 sicut
1352 2051 1397 2120 ab

337 2140 1230 2380 {mtttffiittttttttttttilffi
1242 2163 1382 2316 itti

1420 2104 1422 2167 l

360 2327 449 2379 atur:
468 2312 643 2401 etquidem
658 2313 726 2378 ausi
740 2325 816 2377 sunt
831 2312 937 2378 media
950 2335 993 2378 ex
1008 2313 1160 2378 concione
1175 2314 1377 2381 succlamare:
1419 2304 1422 2419 l

181 2402 460 2481 amphipoli‘Abite
479 2401 565 2478 hinc,
585 2422 638 2478 ne,
653 2399 711 2488 qui
729 2399 824 2487 pauci
843 2422 1055 2487 supersumus,
1096 2412 1203 2488 ropter
1224 2425 1285 2468 vos
1303 2422 1380 2489 pere·

179 2482 240 2532 abit.
340 2489 470 2554 ‘amus'
523 2486 649 2552 Horum
678 2486 797 2553 ferocia
824 2508 935 2552 vocem
966 2422 1110 2551 Euandii
1137 2486 1262 2554 clausit.
1320 2486 1390 2552 Rea
1420 2482 1422 2572 l

338 2575 415 2639 inde
430 2575 562 2639 domurn
576 2596 610 2638 se
625 2574 755 2662 recepit,
770 2573 971 2661 pecuniaque
992 2586 1025 2637 et
1044 2595 1121 2637 auro
1142 2573 1379 2663 argentoquein

338 2660 469 2737 lembos,
485 2660 592 2748 quiin
608 2659 778 2749 Strymone
793 2660 928 2738 stabant,
940 2658 1063 2737 delatis,
1079 2659 1194 2747 etipse
1210 2660 1255 2725 ed
1269 2663 1376 2726 flumen
1419 2689 1422 2801 p

338 2744 513 2811 descendit
574 2745 725 2823 Thraces,
756 2746 888 2810 navibus
917 2768 951 2810 se
980 2746 1180 2811 committere
1212 2769 1284 2812 non
1313 2746 1377 2820 ausi,

338 2830 451 2895 domos
465 2830 590 2917 dilapsi,
605 2844 639 2896 et
655 2831 736 2896 aliae
753 2831 897 2896 militaris
916 2832 1041 2933 generis
1061 2832 1192 2898 turbae:
1218 2832 1378 2899 Cretenses

396 2938 428 2981 m
449 2917 604 3003 pecumae
624 2917 746 2983 secuti:
770 2930 813 2995 et,
829 2940 981 3005 quomam
1002 2918 1038 2981 in
1059 2916 1235 2984 dividendo
1252 2918 1327 3007 plus
1341 2914 1377 2982 ol·

351 3002 528 3081 ansionum,
555 3025 652 3090 qnam
680 3004 810 3092 gratim,
837 3017 914 3084 erat,
964 3004 1065 3090 uinqu
1107 3004 1115 3019 ”
1142 3016 1175 3069 te
1202 3003 1378 3072 mentalis

338 3089 442 3177 posita
462 3103 537 3154 sunt
558 3090 593 3153 in
610 3090 681 3178 ripa
699 3089 888 3179 diripienda.
968 3091 989 3156 b
1010 3089 1070 3155 hac
1113 3090 1270 3179 'reptione
1290 3110 1376 3181 quum
1421 3127 1422 3154 r

339 3198 398 3261 per
412 3174 584 3240 tumultum
598 3199 696 3241 naves
709 3176 970 3254 conscenderent,
985 3176 1127 3241 lembum
1142 3200 1245 3241 unum
1262 3179 1297 3243 in
1312 3175 1377 3243 ostio

181 3286 323 3336 samothra-
340 3261 443 3327 amnis
471 3261 676 3327 multitudine
705 3276 870 3350 gravatum
899 3276 1086 3328 merserunt
1143 3262 1323 3351 Galepsum
1347 3284 1375 3326 eo
1421 3269 1422 3294 ¹

340 3348 973 3502 transterremus
1012 3350 1155 3501 ste
1185 3352 1375 3436 suffit

229 3522 281 3584 46.
383 3521 523 3599 Paullus,
538 3544 597 3609 per
617 3544 728 3586 ornnes
749 3458 872 3585 &tas
893 3521 1036 3586 civitates
1056 3522 1203 3600 dimissis,
1219 3524 1279 3610 qui
1300 3544 1376 3625 prae·

338 3622 454 3684 essent,
468 3631 511 3672 ne
525 3630 591 3695 qua
605 3607 721 3672 iniuria
735 3607 770 3670 in
785 3630 866 3672 nova
879 3630 958 3694 pace
972 3608 1062 3672 victis
1076 3608 1177 3685 lieret,
1193 3622 1376 3696 retennsqne
1421 3656 1422 3661 η

339 3692 425 3779 apud
448 3716 482 3757 se
505 3694 766 3759 caduceatoribus
792 3693 884 3780 regis,
908 3692 946 3757 P.
960 3692 1119 3771 Nasicam,
1144 3694 1276 3781 igneum
1299 3696 1374 3782 fugo

338 3778 432 3866 regis,
451 3779 670 3866 Amphipolim
684 3779 770 3844 misit
786 3801 861 3844 curn
878 3779 1004 3845 modica
1017 3780 1163 3868 peditum
1178 3782 1375 3869 equitumque

371 4004 388 4052 9
403 3992 444 4039 De
462 3989 549 4051 templo
566 3989 701 4049 mmm]
723 3988 845 4049 Dolore,
877 3988 926 4038 viii.
939 4002 975 4049 14.
992 3988 1075 4039 Cass.
1421 4039 1422 4062 Χ

339 4053 406 4101 unde
416 4054 537 4115 populum
548 4052 641 4113 alloqui
651 4068 705 4101 mos
712 4058 772 4101 erat
797 4052 846 4101 Lo·
912 4067 922 4100 r
941 4054 996 4103 Rae
1010 4055 1068 4103 inde
1082 4054 1191 4113 mum]
1216 4054 1294 4119 Vulg.
1309 4060 1335 4105 ta
1346 4058 1373 4103 cle

338 4115 423 4177 quitur
432 4131 500 4166 more
508 4118 623 4166 Romano
634 4116 727 4165 Livius
750 4116 846 4165 Notum
879 4133 952 4166 mum.
979 4117 1072 4165 Nostra
1082 4116 1269 4169 lectioemenu
1281 4120 1374 4171 Gronov.

340 4185 377 4229 est
388 4180 480 4229 Rostra
493 4182 608 4243 waplam
622 4180 705 4240 farina
715 4181 740 4229 id
756 4184 801 4238 est,
812 4181 847 4227 lo·
881 4180 999 4243 provenit
1016 4181 1049 4230 cs.
1059 4195 1126 4243 supr.
1138 4192 1178 4244 27.

340 4258 398 4293 curn
408 4242 514 4305 auguriis
528 4248 703 4293 consecratum.
720 4242 769 4291 rid.
781 4256 847 4305 sup.
