2934 4800
350 206 370 270 d
737 203 852 271 ΤΙΤΙ
880 201 1017 271 LIVII

308 359 345 477 34·
354 343 396 409 ad
410 341 607 444 triumphum
620 341 831 409 decesserunt.
877 343 918 408 In
934 341 1040 409 Gellia
1054 341 1197 408 Manlius
1210 340 1330 420 count,
1342 341 1390 406 cui

309 417 394 496 ἰιι
416 430 578 518 provincia
599 431 780 509 obvenerat,
803 453 904 518 quum
925 430 1088 518 triumpho
1108 429 1241 495 materia
1264 429 1389 506 deesset,

356 517 492 583 oblatam
507 541 527 582 a
540 517 667 582 fortuna
680 517 755 582 belli
769 518 917 582 adversus
928 516 1025 582 Istros
1038 517 1188 582 movendi
1202 516 1391 582 occasionem

355 605 471 692 cupide
487 603 651 691 amplexus
665 618 721 669 est
767 603 900 670 Aetolos
921 603 1045 693 pridem
1059 603 1214 669 bellantes
1227 625 1326 691 quum
1340 601 1391 666 ad·

355 692 507 756 iuvissent
521 689 604 768 latri,
619 713 722 792 nuper
736 714 864 778 quoque
879 689 1063 756 tumultuati
1075 690 1209 756 fixerant
1251 689 1392 754 Praeerat

355 791 424 844 tum
447 777 508 842 illis
529 777 641 844 ferocis
662 779 784 866 ingenii
805 800 863 843 rex
878 777 1016 864 Aepulo,
1032 777 1088 865 qui
1109 775 1254 866 gentem]
1274 790 1416 863 apstres

355 865 390 929 in
412 887 489 952 pace
512 864 652 930 habitam
672 887 816 942 armasse,
832 887 935 952 eoque
949 863 1107 929 iuventuti
1121 862 1296 951 praedandi
1310 863 1393 963 cupi-

279 1005 286 1021 .
356 951 416 1016 dae
452 963 617 1039 pergratus
652 974 719 1016 esse
757 952 929 1018 dicebatur.
990 949 1170 1016 Consilium
1209 949 1251 1014 de
1285 949 1393 1016 istnco

251 1044 257 1056 '
356 1038 440 1104 bello
455 1060 554 1126 quum
575 1037 706 1103 haberet
720 1038 840 1116 consul,
855 1037 910 1102 alii
930 1036 1106 1126 gerendum
1124 1036 1295 1124 extemplo,
1310 1049 1395 1100 ante·

292 1145 299 1160 ·
356 1147 453 1212 quam
475 1125 660 1191 contrahere
683 1148 720 1189 co
745 1125 789 1188 ias
811 1124 917 1189 hostes
937 1138 1075 1212 possent,
1093 1123 1147 1188 alii
1168 1121 1395 1189 consulendum

355 1213 443 1299 prius
463 1225 608 1277 senatum
626 1233 719 1276 cenae
783 1223 805 1276 t
851 1210 940 1276 Vicit
953 1211 1120 1288 sententia,
1136 1210 1218 1298 quae
1233 1209 1320 1275 diem
1332 1230 1396 1274 non

378 1298 542 1364 roserebat
588 1297 753 1364 Profectus
766 1297 807 1363 ab
822 1297 975 1385 Aquileia
988 1298 1099 1363 consul
1113 1311 1214 1363 castra
1233 1296 1275 1362 ad
1294 1295 1396 1361 lacum

354 1321 482 1450 limavi
496 1386 620 1473 posuit3
644 1385 805 1470 (imminet
823 1385 902 1448 mari
924 1386 952 1449 is
973 1385 1074 1472 lacus)
1088 1383 1202 1450 eodem
1216 1383 1326 1448 decem
1341 1405 1397 1446 na-

354 1471 446 1538 vibus
462 1471 501 1538 C.
513 1472 626 1536 Furius
649 1472 798 1536 duumvir
818 1471 937 1536 navalis
956 1472 1052 1536 venit
1098 1469 1261 1536 Adversus
1275 1468 1398 1557 Illyrio·

354 1581 426 1624 rum
449 1558 581 1631 classem
607 1559 704 1622 creati
726 1559 887 1631 duumviri
907 1557 1034 1623 navales
1055 1570 1155 1635 erant,
1178 1557 1236 1645 qui
1260 1555 1423 1620 tuendaes

354 1646 468 1730 viginti
490 1645 622 1710 navibus
637 1646 731 1708 maris
746 1646 852 1732 superi
867 1669 938 1710 orae
953 1645 1122 1710 Anconam
1136 1643 1224 1709 velut
1238 1642 1398 1709 cardinem

355 1731 528 1796 haberent:
553 1731 630 1795 inde
642 1731 680 1795 L.
693 1729 864 1795 Cornelius
878 1731 991 1797 dextra
1003 1731 1097 1796 litora
1110 1753 1211 1819 usque
1226 1730 1267 1794 ad
1278 1729 1400 1794 Taren·

355 1831 434 1896 tum,
453 1816 491 1882 C.
503 1817 616 1882 Furius
637 1817 727 1883 laeva
748 1817 910 1904 usquead
931 1817 1114 1905 Aquileiam
1136 1829 1286 1882 tueretur.
1332 1815 1398 1881 Eae

354 1927 451 1970 naves
472 1903 513 1968 ad
533 1904 714 1991 proximum
737 1919 863 1992 portum
885 1905 920 1968 in
938 1902 1047 1969 Istriae
1067 1905 1147 1968 fines
1161 1926 1235 1968 cum
1250 1902 1400 1968 onerariis

355 2004 388 2056 et
411 2013 527 2078 magno
550 2005 729 2056 commeatu
754 1990 883 2055 missae:
908 2005 1098 2078 secutusque
1123 2012 1197 2056 cum
1222 1990 1235 2055 l
1276 1989 1400 2054 'onibus

355 2078 464 2143 consul
477 2079 619 2165 quinque
634 2078 733 2142 ferme
748 2077 848 2142 millia
862 2078 974 2143 amari
987 2078 1094 2166 posuit
1107 2089 1216 2143 castra
1269 2100 1291 2140 n
1305 2090 1401 2164 portu

355 2165 532 2253 emporium
561 2164 649 2230 brevi
678 2165 782 2252 perire
805 2187 884 2229 uens
912 2165 1041 2242 factum,
1065 2164 1234 2251 omniaque
1259 2163 1336 2228 hinc
1365 2163 1402 2226 in

356 2265 457 2317 castra
475 2274 515 2322 su
539 2251 752 2339 portabantur.
829 2264 933 2338 t,qu0
954 2250 989 2315 id
1010 2250 1110 2316 tutius
1131 2251 1232 2328 fieret,
1250 2251 1402 2315 stationes

355 2339 396 2404 ab
425 2273 572 2404 omnibus
608 2351 780 2403 castrorum
816 2339 958 2426 partibus
992 2338 1204 2404 circumdatae
1233 2351 1327 2405 suut:
1365 2336 1404 2399 in

356 2424 481 2491 Istriam
495 2447 619 2490 versum
639 2426 832 2512 praesidium
846 2427 1004 2503 stativum,
1019 2426 1187 2513 repentina
1199 2425 1313 2489 cohors
1327 2423 1428 2495 Pla-7

355 2513 493 2590 centina,
509 2535 551 2599 op
594 2512 653 2576 sita
669 2512 754 2577 inter
773 2531 858 2577 mare
879 2526 913 2577 et
929 2526 1048 2577 cestra:
1073 2527 1116 2590 et,
1137 2526 1174 2577 ut
1194 2511 1281 2576 idem
1302 2533 1404 2597 aqua·

354 2600 475 2665 toribus
489 2600 529 2664 ad
568 2599 675 2664 uvium
691 2612 774 2663 esset
790 2600 992 2687 praesidium,
1009 2596 1056 2663 M
1071 2599 1239 2676 Aebutius,
1255 2598 1405 2663 tribunus

354 2684 491 2751 militum
503 2686 660 2751 secundae
675 2684 818 2801 legionis,
828 2686 909 2751 duos
922 2685 1100 2773 manipulos
1114 2684 1251 2750 militum
1262 2684 1405 2749 adiicere

354 2774 456 2838 iussus
477 2788 533 2837 est.
585 2773 624 2838 T.
641 2787 674 2838 et
690 2773 729 2837 (ι.
744 2772 830 2837 Aelii
841 2773 971 2837 tribuni
997 2772 1134 2837 militum
1156 2772 1320 2860 legionem
1337 2783 1406 2836 ter-

355 2861 442 2937 tiam,
466 2882 547 2961 quae
572 2859 772 2947 pabulatores
801 2873 834 2924 et
862 2859 1033 2946 lignatores
1055 2873 1208 2936 tueretur,
1233 2859 1294 2935 via,
1317 2880 1406 2945 quae

355 2946 540 3034 Aquile1am
554 2946 624 3023 fert,
640 2946 805 3011 duxerant.
853 2946 906 3010 Ab
921 2946 1033 3011 eadem
1054 2946 1184 3033 regione
1200 2945 1286 3010 mille
1300 2944 1406 3009 ferme

354 3056 503 3120 passuum
518 3044 721 3098 castraerant
739 3032 922 3098 Gallorum:
949 3031 1113 3097 Catmelus
1131 3054 1190 3119 pro
1207 3030 1318 3120 regulo
1334 3043 1431 3096 erats

276 3174 285 3193 .
355 3120 454 3185 tribus
482 3119 568 3184 haud
598 3142 650 3184 am
672 3118 733 3183 lius
758 3120 897 3185 millibus
920 3133 1120 3185 armatorum
1165 3118 1251 3197 Istri,
1273 3132 1311 3183 ut
1337 3118 1408 3206 pri-

354 3228 442 3271 mum
457 3205 498 3270 ad
514 3206 616 3271 lacum
633 3140 759 3271 'limavi
774 3219 875 3271 castra
889 3218 964 3271 suut
980 3206 1127 3271 Romana
1139 3219 1237 3285 mota,
1252 3206 1314 3293 ipsi
1328 3217 1410 3293 post

385 3485 399 3534 5
416 3471 760 3537 Apmetnpaaetattrm]
778 3472 858 3531 Quin·
922 3472 1412 3535 walmes-..maritaverim

353 3552 401 3600 que
415 3538 502 3587 horum
514 3538 630 3587 librorum
641 3536 785 3600 fingmento,
795 3554 858 3599 quae
890 3541 1017 3587 Aramum
1033 3540 1100 3587 velut
1111 3535 1248 3599 cardiaces]
1268 3536 1310 3585 lta
1324 3536 1411 3585 felici·

353 3602 480 3662 habemus,
501 3600 594 3677 publici
616 3600 675 3649 iuris
695 3602 754 3649 fecit
773 3602 858 3651 Simon
890 3609 928 3649 ter
935 3602 1001 3650 huuc
1011 3602 1094 3650 locum
1104 3600 1244 3650 emendavit
1254 3600 1305 3649 aire
1315 3600 1413 3650 Flore·

353 3666 484 3729 Grynaeus
504 3681 531 3714 ιιι
553 3665 676 3715 Helvetiis
699 3680 766 3713 anno
790 3677 858 3727 1531.
890 3665 1414 3729 benuqeivetturemeprovulgrumam

352 3736 450 3792 reperta
463 3731 530 3791 apud
545 3729 720 3779 monasterium
736 3730 858 3778 Laurime·
894 3732 1153 3793 ...marieupert'ore
1162 3733 1297 3779 Aaronom
1320 3732 1413 3779 Cardo

353 3808 422 3853 nuni,
434 3794 506 3855 vulgo
518 3794 678 3853 Lorsseuse,e
689 3793 787 3855 regione
798 3794 859 3842 Bor·
891 3792 1002 3842 similiter
1008 3809 1080 3842 sensu
1087 3809 1154 3855 supr.
1162 3796 1197 3843 xl.
1207 3794 1243 3842 18.
1255 3793 1415 3852 adhibetur3

352 3858 489 3920 betamagi:
507 3872 553 3905 nec
559 3858 622 3905 alius
629 3857 773 3919 posteaerui
778 3855 860 3919 potuit
892 3857 995 3919 Anglice
1004 3860 1079 3920 picot.
1102 3858 1133 3907 cf.
1145 3872 1211 3920 supr.
1222 3857 1315 3906 xxxvii.
1329 3870 1375 3919 55.

351 3916 786 3991 Ἰοιιιίοιι,(ῃιιιιιιιιιιιἸΙεὶοιιιιίιιιιοιιὶιιι.
819 3921 860 3969 Ex
926 3922 1095 3985 7Repmtina
1110 3921 1206 3984 endon]
1232 3922 1273 3970 Ex
1289 3936 1319 3969 so
1339 3921 1413 3969 mili·

352 3986 420 4035 unici
430 3987 505 4049 igitur
520 3984 587 4033 illius
597 3985 744 4047 exemplaris
757 3985 806 4033 lide
816 3985 858 4033 de-
889 3989 944 4033 tum
963 4000 1060 4048 genera,
1079 3986 1122 4048 qui
1142 3988 1257 4036 aditorir'
1275 3986 1377 4048 passim
1395 4001 1414 4034 ι

352 4050 435 4113 scripti
452 4055 509 4099 sunt
524 4049 551 4097 hi
566 4048 628 4098 libri.
647 4050 727 4099 Cuuv.
762 4049 859 4099 Unicus
891 4048 1140 4099 Livionominantnr.
1463 4047 1464 4052 ’

351 4114 395 4163 ille
414 4116 491 4163 codex
509 4114 600 4163 saeculi
622 4118 650 4162 ut
671 4128 738 4162 nunc
755 4113 859 4174 ridetur,
923 4114 939 4161 8
956 4115 1078 4164 &mlta
1086 4113 1306 4178 praemiserat]
1328 4114 1414 4163 Haec

349 4179 422 4237 sexti,
434 4194 506 4241 quem
519 4178 729 4227 Larisharnensem
747 4179 859 4241 appellnt
891 4178 965 4233 verba
982 4179 1106 4229 Crevierio
1122 4183 1237 4241 suspecta
1251 4186 1318 4239 nint,
1337 4194 1414 4241 quae

352 4244 578 4304 Bekkeruaapud
599 4241 775 4291 bibliothecam
797 4243 859 4293 θω-
890 4248 974 4291 tamen
991 4243 1028 4291 ita
1045 4249 1172 4305 utcrmque
1188 4242 1308 4305 explicari
1329 4258 1415 4305 pone

348 4322 443 4355 saraam
472 4306 686 4356 vindobonensem
710 4313 857 4361 assematur.
889 4311 976 4368 putat:
994 4308 1122 4356 Catmelus
1133 4307 1234 4370 quidam
1246 4308 1415 4369 loeoreguli.

351 4373 381 4419 cf.
393 4371 447 4421 intr.
460 4371 599 4433 Appendix.
890 4370 931 4432 qui
942 4370 995 4441 'pse
1005 4386 1056 4420 non
1063 4378 1123 4431 crat,
1134 4372 1160 4420 in
1171 4371 1201 4420 iis
1211 4371 1295 4421 castris
1306 4379 1376 4422 orat.
