2934 4800
418 197 513 266 LIB.
538 197 630 265 XLI.
662 199 774 266 CAP.
798 205 850 266 23.
1119 203 1161 265 29

108 331 228 398 aedem
244 331 373 398 Saturni
388 334 422 398 in
436 333 505 399 foro
520 333 667 400 Romano
682 336 835 412 intentus,
850 348 884 400 et
898 347 961 400 tres
974 334 1068 407 dmul
1081 333 1163 400 soles
1172 350 1206 399 U.
1218 351 1248 400 c.
1264 351 1319 413 578·

83 419 318 485 aeffulserunt:
343 434 378 485 et
391 421 474 486 faces
489 421 601 486 eadem
617 419 710 487 nocte
729 423 834 510 plures
848 443 905 509 per
919 421 1043 486 coelum
1057 421 1162 508 lapsae
1171 416 1203 465 A.
1218 416 1248 465 ⁰·
1266 428 1320 476 ¹⁷⁴·

109 519 192 572 sunt
219 507 254 571 in
282 507 470 572 Lanuvino:
505 507 712 595 Caeritesque
738 531 874 596 anguem
899 507 935 572 in
960 509 1079 596 opido
1104 529 1162 572 suo

110 594 269 671 iubatum,
291 594 395 658 aureis
417 594 548 660 maculis
573 617 723 682 sparsum,
746 594 925 683 apparuisse
948 617 966 660 a
1000 596 1160 660 rmabant:

110 695 158 758 et,
173 681 210 744 in
224 703 300 768 agro
317 679 485 768 Campano
499 681 612 746 bovem
627 681 771 746 locutum
786 704 863 759 esse,
879 682 953 746 satis
967 683 1138 747 constabat

159 765 276 854 legati
296 765 401 831 Nonis
420 767 521 832 Iuniis
542 791 583 832 ex
604 769 713 833 Africa
734 768 908 846 redierunt,
922 770 989 856 qui,
1004 781 1161 835 convento
1219 765 1269 824 22·

111 853 205 942 prius
227 853 398 918 Masinissa
420 877 504 942 rege,
529 852 757 942 Carthaginem
779 856 900 921 ierant:
931 870 1072 920 ceterum
1093 877 1162 920 cer·

112 941 181 1004 tius
201 939 376 1027 aliquanto,
397 963 479 1027 quae
502 939 694 1028 Carthagine
717 955 789 1006 acta
813 954 926 1017 esseut,
950 943 990 1007 ab
1016 964 1089 1029 rege
1112 965 1162 1007 re-

111 1027 264 1105 scierant,
290 1050 387 1113 quam
413 1028 453 1092 ab
478 1027 488 1092 i
527 1027 554 1092 is
580 1026 905 1115 Carthaginiensibus
952 1027 1163 1115 Compertum

112 1125 226 1180 tamen
239 1115 484 1192 affirmaverunt,
490 1051 618 1202 isegatos
633 1116 671 1179 ab
686 1137 760 1215 rege
776 1115 893 1180 Perseo
907 1117 1040 1193 venisse,
1060 1115 1161 1202 iisque

112 1215 218 1266 noctu
238 1214 384 1266 senatum
405 1201 440 1264 in
462 1201 540 1266 aede
556 1202 740 1288 Aesculapii
756 1202 866 1266 datum
889 1224 966 1266 esse.
1012 1203 1066 1266 Ab
1083 1201 1163 1266 Car·

113 1287 248 1375 thagine
268 1287 389 1374 legatos
403 1288 438 1350 in
454 1287 677 1352 Macedoniam
693 1289 812 1364 missos,
827 1303 860 1352 et
874 1310 932 1352 rex
946 1288 1161 1364 affirmaverat,

113 1387 150 1440 et
163 1374 227 1462 ipsi
239 1397 354 1474 parum
368 1387 549 1440 constanter
563 1387 763 1462 negaverant.
796 1373 836 1438 In
848 1371 1072 1439 Macedoniam
1083 1397 1163 1461 quo-

139 1483 182 1526 ue
206 1460 380 1524 mittendos
403 1459 432 1526 le
473 1475 522 1526 tos
544 1475 672 1526 senatus
694 1461 826 1526 censuit
873 1459 954 1524 Tres
972 1459 1058 1524 missi
1078 1472 1162 1537 sunt,

153 1546 312 1624 ‚laelius
329 1545 377 1610 M.
391 1545 442 1611 Va
453 1547 536 1612 erius
552 1545 711 1624 Messalla,
738 1544 811 1611 Sex.
828 1545 979 1632 Digitius.
1028 1547 1164 1611 Perseus

119 1655 179 1722 per
192 1632 225 1698 id
238 1647 304 1698 tem
328 1655 374 1711 ns,
390 1634 466 1720 quia
479 1633 611 1722 quidam
626 1633 790 1720 Dolopum
805 1656 871 1698 non
885 1634 1047 1720 parebant,
1063 1647 1106 1710 et,
1122 1633 1163 1697 de

119 1722 235 1808 quibus
257 1657 475 1808 ambigebatur
496 1723 599 1798 rebus,
615 1721 878 1808 disceptationem
894 1721 935 1784 ab
949 1742 1024 1807 nege
1038 1721 1080 1784 ad
1096 1720 1163 1785 Ro·

94 1829 228 1878 smaucs
249 1808 545 1884 revocabant-cum
567 1807 710 1872 exercitu
732 1807 901 1895 proiectus,
924 1808 982 1872 sub
1006 1807 1056 1871 ins
1078 1807 1163 1872 iudi-

115 1895 269 1981 ciumque
288 1917 382 1959 suum
403 1907 502 1959 totam
522 1896 627 1982 coegit
647 1906 785 1996 gentem
831 1893 923 1971 Inde,
943 1915 1001 1981 per
1025 1893 1164 1959 Oetaeos
1172 1905 1256 1955 Persei
1266 1905 1312 1954 iter

116 1993 244 2046 montes
273 1995 491 2068 nansgressua
517 1981 724 2132 ⁸rel'giombus
753 1980 943 2068 quibusdam
971 1980 1078 2045 animo
1106 1982 1164 2046 ob-
1172 1970 1293 2034 Delphos.

114 2068 219 2145 iestis,
235 2068 397 2133 ommrlum
411 2068 554 2134 aditurus
602 2068 714 2155 alphos
728 2067 879 2133 escendit
921 2067 1033 2143 Quum
1047 2067 1083 2132 in
1096 2089 1164 2132 me-

116 2153 172 2220 dia
201 2167 333 2242 repente
358 2153 493 2220 Graecia
521 2155 725 2242 appamisset,
750 2174 900 2254 magnum
928 2177 996 2218 non
1021 2154 1164 2219 finitimis

116 2240 216 2306 modo
237 2241 368 2306 urbibus
389 2255 541 2306 terrorem
562 2241 717 2329 praebuit,
732 2239 789 2306 sed
803 2263 838 2305 m
854 2241 965 2306 Asiam
1002 2264 1044 2305 uo
1067 2264 1107 2306 ue
1122 2240 1164 2305 ad

116 2349 227 2417 regem
251 2327 431 2392 Eumenem
459 2328 588 2393 nuntios
617 2328 827 2393 tumultuosos
855 2328 948 2392 misit
979 2263 1162 2406 (lichnum,

94 2438 185 2484 enon
214 2414 296 2503 plus,
325 2415 461 2504 Delphis
491 2428 645 2493 moratus,
668 2438 725 2517 per
750 2416 971 2481 Phthiotidem
996 2415 1163 2492 Achaiam,

118 2502 392 2591 Tbemaliamque,
413 2504 481 2569 sine
502 2502 619 2567 damno
640 2500 820 2589 imuriaque
841 2524 998 2589 agrorum,
1012 2522 1071 2589 per
1084 2524 1164 2588 quos

119 2588 181 2653 iter
195 2587 281 2666 fecit,
292 2589 327 2652 in
341 2612 475 2676 regnum
489 2588 593 2654 rediit.
629 2588 662 2653 N
664 2612 701 2653 ec
715 2610 826 2654 aarum
840 2602 964 2654 tantum
979 2588 1163 2664 civitatium,

118 2698 179 2762 per
199 2696 279 2762 quas
300 2676 402 2741 iturus
423 2690 500 2756 erat,
521 2676 596 2741 satis
618 2675 729 2740 habuit
750 2676 872 2739 animos
893 2673 953 2740 sibi
974 2674 1161 2739 conciliare:

96 2775 176 2829 saut
197 2761 326 2849 legatos,
341 2776 398 2827 sut
410 2762 516 2828 literas
529 2762 658 2839 dimisit,
674 2774 796 2849 petens,
813 2770 874 2827 ‘ne
888 2761 1009 2827 diutius
1022 2759 1164 2826 simulta-

121 2854 131 2886 ‘
139 2861 219 2925 tum,
229 2872 311 2935 quae
326 2872 400 2913 cum
413 2864 503 2936 patre
518 2872 575 2913 suo
589 2848 731 2925 fuissent,
747 2846 980 2914 meminissent:
1001 2870 1062 2913 nec
1076 2848 1163 2913 enim

121 2942 206 2999 ‘tam
225 2948 347 3000 atroces
360 2935 455 3001 fuisse
469 2958 532 3013 eas,
547 2949 584 3000 ut
601 2958 667 3000 non
684 2958 758 3015 cum
775 2936 845 3036 ipso
863 2934 1028 3035 potuerint
1047 2956 1085 2999 ac
1106 2934 1160 2999 dc·

122 3021 269 3086 ‘buerint
289 3022 383 3087 finiri.
430 3022 545 3087 Secum
560 3021 691 3109 quidem
706 3044 814 3086 omma
825 3020 889 3087 illis
903 3022 1027 3109 integra
1040 3044 1108 3086 esse
1122 3020 1164 3085 ad

121 3116 132 3147 ‘
140 3107 368 3173 instituendam
383 3108 520 3173 fideliter
533 3107 724 3173 amicitiam?
758 3107 844 3173 Cum
856 3108 1060 3173 Achaeorum
1074 3128 1165 3172 max·

120 3195 185 3259 ime
210 3208 307 3281 gente
328 3194 579 3260 reconciliandae
600 3195 719 3283 gratiae
741 3194 825 3260 viam
847 3196 1027 3282 quaerebat.
1072 3193 1164 3259 Haec
1220 3196 1271 3255 23.

122 3303 188 3345 una
209 3303 251 3346 ex
276 3279 370 3346 omni
381 3280 516 3346 Graecia
539 3304 627 3368 gens,
651 3295 685 3348 et
709 3281 956 3347 Atheniensium
979 3281 1099 3358 civitas,
1125 3278 1326 3389 eossqhwfiff

144 3382 316 3433 rocesserat
339 3368 467 3447 barum,
493 3382 530 3435 ut
553 3367 670 3433 finibus
694 3368 899 3434 interdiceret
921 3366 1162 3432 Macedonibus
1171 3355 1329 3455 ’,ξωῖῈῇ

122 3390 237 3555 ltaque
254 3454 387 3519 servitiis
401 3476 443 3519 ex
458 3453 613 3519 Achaiai
652 3455 789 3521 'entibus
805 3476 877 3519 rece
898 3452 1038 3517 mculum
1055 3450 1258 3521 Mace-teum

124 3538 220 3606 doma
241 3554 325 3606 erat:
349 3540 434 3629 quia,
450 3563 550 3627 quum
571 3478 689 3607 Βωᾛιιε
702 3542 767 3607 suis
780 3542 816 3605 in
889 3538 1029 3615 'sissent
1046 3538 1164 3604 innare

156 3715 281 3762 sFacas.
294 3747 301 3761 .
312 3748 319 3763 .
330 3714 414 3775 lapsas
429 3719 488 3761 suut
504 3714 532 3761 in
545 3712 628 3761 nam
662 3711 766 3773 legimns
786 3710 854 3773 apud
873 3708 961 3773 Polyb.
979 3706 1096 3771 Rxcerpt.
1115 3708 1166 3758 Va-

125 3778 197 3827 uino:
215 3776 382 3841 Caeritesque]
408 3775 547 3825 Priscianus
561 3775 592 3825 ir.
603 3791 628 3840 p.
661 3776 736 3823 tican.
748 3774 808 3823 mi.
822 3786 843 3822 1.
1152 3778 1156 3785 '

125 3838 179 3902 ⁶33»
191 3840 251 3889 citat
261 3840 328 3889 hunc
338 3842 420 3891 locum
431 3840 483 3890 sic:
501 3842 629 3889 Lanuvini
694 3856 709 3899 4
725 3838 890 3887 Paratouron
898 3836 1032 3898 Achaim]
1050 3838 1082 3888 ci.
1093 3836 1165 3899 sript.

124 3906 516 3969 mmmmm.
540 3905 628 3966 ltaque
660 3902 744 3952 mvi.
758 3912 797 3964 15.

124 3968 360 4031 kgendnmaathoc
370 3968 628 4031 mompsuesteni.
693 3965 1048 4029 sdmhpatuaaassitam]
1063 3964 1165 4013 Adiace-

124 4034 251 4083 umectat
262 4032 422 4097 Caeritesque.
434 4033 520 4082 Sinon.
552 4034 629 4082 Faces
660 4037 699 4080 rat
719 4031 832 4095 Sigonius
848 4032 881 4079 de
900 4042 945 4078 suo
963 4030 1005 4079 aad
1021 4033 1081 4075 ants
1098 4027 1166 4088 prim

125 4096 277 4146 mntnallua
288 4098 503 4146 facemducentea.
660 4096 786 4145 illudunt,
817 4088 1165 4155 Videnturplusculadeeaae.

149 4162 171 4223 '3
188 4162 250 4210 orm
270 4164 379 4211 asendic
394 4162 531 4224 profectur]
553 4160 628 4209 Hanc
661 4158 772 4209 Dederat
789 4161 890 4209 formasa
912 4156 1011 4206 muns:
1038 4156 1081 4203 aad
1101 4156 1167 4202 m

127 4225 248 4287 Dolopiae
267 4225 454 4287 occupationem
473 4230 499 4273 et
517 4225 629 4287 Delphos
661 4241 742 4274 omma
753 4227 872 4275 Graecim
886 4223 1005 4279 amaru,
1019 4225 1066 4274 Μ.
1077 4219 1167 4278 leym

126 4290 259 4339 adventum
270 4288 296 4338 'm
307 4304 380 4339 musa
389 4289 473 4348 fusae,
483 4290 629 4337 corbelium
663 4323 669 4337 .
682 4324 688 4338 .
700 4324 707 4339 .
724 4287 813 4340 Gur·

127 4353 246 4404 sommis
254 4367 311 4403 cum
320 4354 409 4403 Perseo
417 4353 551 4402 maiatum
559 4358 631 4411 esset,
