2934 4800
350 236 561 303 LIBROR.
593 236 822 303 DEPERD.
1043 244 1106 306 261

75 373 160 459 panis
180 394 251 437 cuni
270 370 392 436 duabus
407 370 611 435 Varmniaiiis
629 370 807 457 legionibus
826 394 846 436 a
867 370 1009 458 partibus
1027 372 1109 437 Cae·

77 458 142 521 saris
157 457 365 522 desciverunt.
411 457 471 521 Cn.
486 456 667 556 Pompeius,
684 457 724 521 ad
746 456 982 545 Dyrrhachium
1002 458 1109 523 obses·

76 566 150 607 susa
165 544 307 621 Caesare,
324 556 366 620 et,
381 541 544 629 praesidiis
557 564 626 607 eius
640 564 714 607 cuni
732 566 848 631 magna
861 542 950 607 clade
965 542 1107 607 diversae

75 630 160 713 partis
181 652 199 693 e
245 630 381 717 ugustis,
404 626 568 693 obsidione
591 628 752 706 liberatus,
773 628 924 695 translato
946 628 982 693 in
1005 628 1108 693 Thes·

74 714 170 779 saliam
189 652 283 792 bxello,
299 714 387 815 apud
407 712 602 779 Pharsaliam
626 714 693 779 scie
711 716 814 779 victus
833 727 889 780 est.
936 714 1051 780 Cicero
1073 714 1106 779 in

75 800 167 865 eastris
195 816 357 877 remansit,
383 800 431 864 vir
456 798 536 865 nihil
562 801 666 865 minus
691 824 788 887 quam
816 801 859 867 ad
883 799 967 866 bella
991 813 1105 877 natus;

75 888 269 975 omnibusque
296 887 496 951 adversarum
519 887 667 985 partium,
683 888 740 975 qui
761 910 794 953 se
813 887 963 975 potestati
980 886 1108 953 victoris

75 973 279 1057 permiserunt,
296 975 413 1038 Caesar
426 972 556 1059 ignovit.

526 1400 635 1467 CXII.

76 1564 352 1633 TREPIDATIO
375 1568 529 1632 victamm
552 1567 690 1655 partium
713 1566 749 1631 in
772 1564 910 1631 diversas
934 1566 1018 1631 orbis
1044 1580 1106 1632 ter·

41 1762 42 1765 Ἴ
75 1672 161 1717 iarum
184 1670 292 1743 partes
321 1668 354 1754 et
383 1654 458 1754 friga
486 1654 673 1717 refeiuntur.
699 1651 979 1753 .⁰¹¹·.P⁰¹¹¹P.⁰i¹.¹⁸›
1005 1674 1106 1740 quum

76 1740 241 1889 phegptum
264 1753 407 1828 petisset,
425 1762 512 1803 iussu
533 1738 708 1804 Ptolemaei
731 1760 814 1825 regis
835 1736 959 1825 pupilh‚
977 1751 1105 1805 auctore

172 1840 224 1892 oto
238 1838 456 1914 praeceptore,
472 1825 562 1889 cuius
577 1846 608 1888 m
673 1846 692 1889 a
709 1845 728 1888 a
750 1822 796 1889 ud
812 1846 920 1924 regem
938 1824 1106 1890 auctoritas

76 1922 137 1988 erat,
151 1927 182 1977 et
196 1912 351 1989 Pothino,
366 1912 487 1975 occisus
506 1924 555 1975 est
573 1911 613 1975 ab
662 1846 768 1987 chillls,
784 1910 837 1975 cui
855 1910 889 1973 id
902 1910 1024 1975 facinus
1038 1924 1106 1975 erat

76 1994 245 2083 delegatum,
261 1999 297 2062 in
316 1996 472 2073 navicula,
487 2010 658 2084 antequam
678 1997 713 2059 in
733 2010 849 2060 terram
869 1996 979 2061 exiret.
1025 1996 1105 2061 Cor-

76 2080 145 2145 nelia
169 2106 249 2151 uxor
279 2097 314 2149 et
346 2082 419 2148 Sex.
437 2082 617 2169 Pompeius
638 2080 723 2147 filius
750 2082 881 2170 Cypron
909 2081 1103 2169 redigerunt.

78 2166 182 2247 Caesar,
199 2184 272 2257 post
295 2169 427 2235 tertium
449 2169 536 2233 diein
558 2168 729 2246 insecutus,
749 2190 850 2256 quum
868 2168 899 2232 ei
916 2167 1105 2233 Theodotus

78 2268 155 2339 caput
174 2254 322 2345 Pompeii
346 2270 379 2320 et
401 2254 555 2319 annulum
579 2252 753 2332 obtulisset,
775 2267 808 2319 et
831 2254 970 2319 offensus
992 2267 1049 2331 est,
1072 2268 1107 2319 et

78 2335 271 2420 illacrimarit3
295 2364 358 2407 nec
372 2340 439 2407 sine
455 2339 596 2428 periculo
611 2337 842 2406 Alexandriam
858 2339 1105 2408 tumultuantem

78 2421 194 2494 intravit.
238 2431 367 2505 Caesar,
383 2428 519 2493 dictator
540 2439 673 2505 creatus,
690 2427 892 2514 Cleopatram
913 2427 948 2490 in
969 2449 1105 2514 reguum

79 2511 200 2601 Aegypti
218 2515 359 2592 reduxit,
374 2526 409 2578 et
430 2513 619 2578 inferentem
644 2511 765 2578 bellum
787 2511 901 2577 iisdem
923 2511 1105 2577 auctoribus

80 2595 287 2679 Ptolemaeum,
309 2599 426 2687 quibus
447 2600 637 2686 Pompeium
659 2598 870 2675 interfecerat,
892 2620 967 2662 cum
1084 2621 1104 2664 o

80 2702 124 2746 suo
148 2685 327 2754 discrimine
356 2685 440 2750 vicit.
501 2685 704 2750 Ptolemaeus
733 2683 811 2748 dum
841 2683 933 2771 fugit,
962 2683 997 2748 in
1061 2683 1104 2749 ilo

80 2770 200 2836 uaricula
227 2771 381 2838 subsedit.
428 2771 598 2836 Praeterea
626 2770 816 2836 laboriosum
846 2771 894 2835 M.
912 2769 1044 2836 Catonis
1069 2772 1104 2836 in

81 2853 170 2921 Africa
181 2881 236 2946 per
250 2860 377 2924 deserta
388 2879 461 2921 cum
475 2857 652 2943 legionibus
667 2856 738 2934 iter,
750 2869 784 2921 et
797 2855 917 2922 belluni
931 2857 1022 2922 aCn.
1033 2855 1103 2923 Do-

81 2940 152 3006 mitio
163 2960 271 3012 contra
287 2943 487 3012 Pharnacem
502 2965 612 3029 parum
629 2964 778 3030 prospere
794 2955 919 3030 gestum
934 2943 1096 3014 eontinet·

400 3437 431 3474 Ι,
514 3371 641 3438 cxiii.

83 3541 429 3614 CONFIRMATlSin
439 3547 550 3613 Africa
558 3547 762 3636 Pompeianis
772 3548 1102 3636 partibm,imperium

82 3649 167 3697 esium
186 3636 222 3702 P.
237 3635 381 3722 Scipioni
398 3633 540 3699 delatum
558 3647 625 3711 est3
650 3634 784 3711 Catone,
799 3633 852 3699 cui
869 3656 912 3698 ex
929 3657 1032 3786 sappo
1045 3634 1102 3700 de·

81 3712 214 3786 serebatm
231 3721 412 3809 imperium,
428 3719 571 3785 cedente.
618 3719 661 3784 Et
676 3743 776 3808 quum
792 3719 833 3784 de
848 3719 962 3784 diruen
1023 3721 1101 3788 urbe

83 3795 159 3868 Utica
172 3821 300 3907 propter
313 3807 452 3871 savorem
473 3806 608 3871 civitatis
627 3806 695 3871 eius
715 3806 750 3870 in
766 3807 933 3871 Caesarem
948 3806 1102 3875 delibera·

83 3901 158 3984 retur,
171 3893 264 3981 idque
280 3915 323 3958 ne
338 3893 438 3970 fieret,
454 3893 502 3957 M.
517 3893 598 3958 Cato
614 3893 775 3970 tenuisset,
791 3889 872 3956 Iuba
886 3892 1049 3972 suadente,
1066 3907 1103 3959 ut

82 3969 252 4057 dimeretur3
281 3978 382 4045 tutela
407 3979 475 4043 eius
499 3991 532 4043 et
557 3977 702 4043 custodia
726 3976 875 4044 mandata
900 3992 949 4046 est
974 3981 1100 4046 Catoni.

84 4057 130 4122 Cn.
140 4062 312 4154 Pompeius,
326 4065 440 4152 Magni
455 4064 548 4142 tilius,
560 4065 595 4130 iii
607 4063 774 4152 Hispania,
789 4066 959 4130 contractis
973 4065 1102 4146 viribus,

83 4162 192 4226 quarum
212 4152 364 4217 ducatum
384 4173 444 4215 nec
460 4149 620 4229 Afranius,
636 4172 696 4215 nec
718 4150 863 4216 Petreius
883 4151 1028 4240 excipere
1046 4175 1102 4218 vo·

82 4223 177 4329 lebant,
194 4237 311 4304 bellum
334 4235 482 4308 adversim
503 4237 670 4302 Caesarem
691 4237 864 4302 renovarit
911 4236 1100 4317 Pharnaces,

85 4312 254 4390 Mithridatis
268 4324 362 4400 filius,
377 4345 433 4389 rex
450 4323 557 4401 Ponti,
574 4323 641 4388 sine
658 4321 722 4388 ulla
737 4322 811 4389 belli
826 4346 913 4389 mora
927 4325 1029 4390 victus
1042 4339 1099 4390 est.
