2934 4800
394 190 492 260 LIB.
514 192 642 258 XLIII.
676 191 788 258 CAP.
813 195 842 260 7.
1082 196 1140 260 107

95 324 221 426 mulam
234 326 351 426 referre
369 326 410 403 Q
418 326 571 427 Maenirm
592 343 717 427 praetor
730 328 841 394 iussus.
888 325 1027 394 Munera
1040 329 1186 394 omni-u.
1198 343 1228 393 c.
1244 344 1298 406 582.

94 413 158 478 bns
179 435 217 476 an
237 412 378 500 singulos
394 413 505 480 binum
525 413 660 480 millium
680 414 760 479 aeris
774 414 857 480 data
903 414 1143 481 Alabandenses
1151 408 1181 458 A.
1198 409 1228 457 ⁰·
1246 420 1298 468 ¹7⁰⁴

97 512 191 599 scuta
211 513 371 587 reportare
385 500 427 565 ad
441 501 483 566 A.
497 499 670 565 Hostilium
685 501 847 568 consulem
868 501 903 566 in
918 500 1142 568 Macedoniam
1247 505 1250 512 '

97 608 186 650 lm
1039 627 1051 654 s

65 699 90 748 9
144 671 191 736 Et
203 694 246 736 ex
260 671 372 738 Africa
392 672 487 760 legati
508 673 603 738 simul
624 672 945 761 CarthagInIensium,
968 674 1064 740 tritici
1085 674 1142 740 de·

99 760 167 824 cies
188 773 319 824 centum
341 759 442 824 millia
460 774 495 826 et
519 759 632 826 hordei
651 761 827 848 quingenta
850 760 1026 828 indicantes
1045 785 1078 828 se
1100 761 1142 826 ad

99 869 189 912 mare
206 845 339 912 devecta
358 846 485 924 habere,
500 859 546 923 ut,
562 868 627 933 quo
645 859 776 912 senatus
795 848 977 926 censuisset,
996 847 1142 935 deporta

97 944 183 998 rent.
230 931 288 997 ‘Id
302 954 419 998 munus
428 932 631 1019 officiumque
643 955 736 998 sunm
748 933 827 1000 scire
842 933 947 1000 minus
957 957 1035 1012 esse,
1045 957 1141 1022 quam

99 1027 184 1106 ‘pro
200 1019 321 1084 meritis
340 1019 452 1120 populi
473 1017 612 1084 Romani
634 1032 668 1085 et
688 1019 851 1086 voluntate
873 1044 946 1087 sua:
970 1021 1026 1086 sed
1048 1044 1100 1088 sae

99 1104 212 1182 ‘alias
231 1105 324 1171 bonis
341 1129 377 1171 rn
396 1107 490 1172 rebus
511 1105 675 1193 utriusque
696 1099 817 1195 populi,
831 1129 865 1172 se
922 1121 1045 1174 storum
1062 1044 1142 1172 fid:

99 1191 266 1278 ‘liumqne
287 1192 407 1258 socium
429 1192 612 1258 muneribus
625 1193 751 1260 functos
764 1193 852 1260 esse?
912 1208 977 1259 tem
992 1193 1141 1260 Masinis·

96 1301 156 1344 sae
180 1278 286 1366 legati,
310 1279 407 1345 tritici
428 1279 565 1345 eandem
588 1302 744 1346 simmam
772 1279 915 1367 polliciti,
939 1293 972 1345 st
997 1279 1083 1345 mille
1109 1293 1142 1345 et

96 1365 258 1431 ducentos
276 1365 410 1453 equites,
430 1365 599 1432 duodecim
623 1366 826 1455 elephantos:
850 1379 892 1444 et,
907 1367 934 1430 si
954 1365 1033 1452 quid
1054 1364 1142 1430 aliud

97 1474 183 1538 opus
197 1465 288 1530 emet,
303 1453 351 1516 uti
369 1453 539 1541 imperaret
557 1467 702 1518 senatus:
727 1475 829 1539 aeque
850 1475 1007 1540 propenso
1025 1451 1140 1529 aniuro,

97 1551 136 1602 et
148 1561 229 1689 quae
243 1539 311 1626 ipse
326 1534 408 1604 ultro
422 1539 582 1626 pollicitus
595 1538 646 1617 sit,
657 1552 888 1627 praestaturum
898 1561 974 1604 esse.
1011 1536 1141 1604 Gratiae

99 1638 138 1690 et
184 1625 467 1712 arthaginiensibus
485 1639 520 1691 et
538 1625 606 1714 regi
625 1637 732 1701 actae;
756 1625 857 1712 rogati
880 1648 931 1703 ue,
946 1638 983 1689 ut
997 1647 1044 1702 ea,
1059 1647 1140 1712 quae

99 1709 337 1798 pollicerentur,
352 1710 582 1778 adHostilium
603 1712 767 1778 consulem
787 1711 823 1777 in
880 1711 1064 1790 acedoniam
1084 1711 1141 1776 de·

98 1809 272 1898 portarent.
318 1797 447 1886 legatis
468 1799 503 1863 in
524 1798 663 1886 singulos
685 1799 796 1865 binum
819 1797 954 1863 millium
971 1797 1052 1863 aeris
1070 1820 1141 1864 mu·
1204 1857 1209 1864 .

97 1904 296 1950 neramusa.

150 1967 351 2036 Cretensium
398 1976 403 1983 ”
455 1972 462 1986 “
505 1971 832 2048 commemorantibus,
847 1993 890 2049 se,
906 1983 1061 2057 quantum
1081 1971 1140 2037 sibi
1227 2030 1237 2048 ,

98 2057 293 2208 icmpuatum
307 2081 327 2123 a
339 2057 378 2122 P.
419 2058 514 2122 'cinio
528 2056 656 2122 conside
672 2069 755 2123 esset
768 2056 1009 2158 mgittariorum,
1020 2057 1055 2122 in
1067 2056 1140 2122 Ma-

163 2143 269 2208 oniam
283 2144 412 2223 misisse,
423 2166 523 2231 quum
534 2145 717 2244 interrogati
732 2167 798 2209 non
809 2144 1028 2222 mfitiarentur,
1040 2153 1074 2208 ‘a
1097 2143 1140 2208 ud

99 2237 112 2268 ‘
119 2228 240 2296 Persea
255 2230 406 2296 maiorem
422 2253 591 2296 numerum
604 2231 844 2318 sagittariorum,
859 2253 956 2318 quam
971 2254 991 2295 a
1015 2231 1058 2296 ud
1073 2167 1141 2295 bo-

97 2323 243 2395 ‘manos,
263 2317 418 2393 militare,'
434 2339 619 2405 responsum
639 2330 704 2382 est:
730 2316 788 2382 ‘Si
810 2316 979 2382 Cretenses
1041 2339 1082 2382 ne
1105 2339 1141 2382 ac

98 2404 245 2469 ‘naviter
264 2404 458 2469 destinarent
472 2404 628 2492 potiorem
647 2404 757 2492 populi
779 2404 926 2482 Romani,
942 2420 1038 2491 qtram
1060 2404 1141 2489 regis

99 2490 241 2568 ‘Persei
256 2491 428 2556 amicitiam
448 2490 574 2568 habere,
589 2505 734 2557 senatum
749 2514 877 2579 quoque
894 2489 1075 2555 Romanum
1092 2490 1140 2567 iis,

99 2586 275 2664 ‘tanquam
293 2578 387 2643 certis
400 2577 501 2655 sociis,
515 2574 701 2665 responsum
723 2577 872 2642 daturum
894 2598 970 2641 esse.
1016 2574 1142 2641 Interea

99 2664 307 2729 ‘nuntiarent
322 2665 396 2743 suis,
419 2664 542 2751 placere
561 2664 695 2741 senatui,
714 2664 790 2729 dare
814 2684 941 2750 operam
963 2663 1140 2739 Cretenses,

99 2760 168 2828 ‘ut,
183 2773 264 2837 qnos
278 2750 394 2815 milites
411 2751 494 2816 intra
512 2750 667 2839 praesidia
685 2752 769 2837 regis
784 2749 893 2815 Persei
907 2749 1070 2827 haberent,
1087 2772 1142 2814 eos
1188 2794 1192 2807 .

99 2838 224 2924 ‘primo
239 2860 368 2925 quoque
382 2850 524 2925 tempore
538 2838 670 2903 domum
683 2837 886 2903 revocarent'

150 2924 358 2989 Cretensibus
382 2946 456 2989 cum
484 2924 545 2989 hoc
569 2946 718 3011 responso
744 2923 889 3001 dImissis,
915 2922 1141 2989 Chalcidenses
1149 2946 1293 3017 Chalciden-

78 3010 224 3087 rvooati3
247 3033 385 3097 quorum
406 3009 522 3097 legatio
545 3011 613 3098 ipso
635 3010 776 3088 introitu,
803 3012 844 3077 ob
866 3010 900 3075 id
917 3010 1004 3097 quod
1027 3009 1277 3075 Mictioseslegsu.

99 3098 250 3185 princepe
269 3120 379 3166 eorum
399 3096 533 3185 pedibus
553 3111 663 3185 eaptus
681 3097 795 3163 lectica
811 3109 859 3161 est
875 3095 1052 3175 introlatus,
1067 3096 1142 3161 ulti·

78 3206 173 3249 smae
193 3184 386 3249 necessitatis
404 3184 564 3271 extemplo
581 3184 648 3251 visa
663 3206 730 3249 res:
753 3186 789 3247 in
803 3206 867 3271 qna
887 3182 933 3248 ita
951 3185 1064 3249 affecto
1085 3204 1142 3247 ex·

101 3270 224 3335 cusatio
238 3269 436 3348 ralebrdinis,
451 3284 508 3335 aut
530 3293 571 3335 ne
590 3270 602 3334 i
641 3271 648 3285 '
668 3269 799 3357 quidem
821 3270 959 3370 petenda
972 3271 1038 3335 visa
1051 3270 1141 3346 foret,
1269 3282 1275 3297 ·

101 3370 158 3422 aut
171 3356 248 3421 data
259 3357 383 3443 petenti
398 3379 463 3423 non
477 3370 566 3422 esset
635 3380 711 3421 uum
726 3358 787 3423 sibi
802 3356 882 3421 mhil
895 3356 958 3419 vivi
973 3356 1030 3420 reli
1054 3377 1140 3431 uum,
1150 3371 1273 3427 Querens

101 3457 325 3531 praeterquam
344 3443 485 3531 linguam
500 3444 541 3508 ad
555 3443 764 3545 deplorandas
783 3442 900 3542 patriae
923 3463 997 3506 suae
1016 3464 1033 3504 c
1084 3440 1142 3503 mi·
1150 3435 1297 3549 {ffirm-

101 3544 195 3693 lde}
209 3530 372 3693 {filebi-tl,
380 3527 1144 3704 {eded’aedpufflullelbclilbtblldnplllalbbltilldbdnleddz

102 3703 193 3769 cibus
206 3703 459 3790 exercitibusque
476 3703 647 3768 Romanis:
672 3716 741 3767 tam
754 3724 837 3789 quae
856 3700 958 3787 primo
975 3698 1013 3766 C.
1024 3699 1143 3767 Luere-

134 3899 254 3963 9atmt]
264 3898 394 3959 Superbus
401 3896 507 3945 esthm
515 3895 610 3955 rocula,
642 3895 804 3945 wnieeturam
816 3892 932 3943 Gmnorii
943 3901 1047 3945 secutus.

103 3964 142 4011 ret
153 3960 410 4023 quaepatiusindioet
421 3960 609 4023 plusculaexci-
675 3962 738 4008 sla
756 3960 818 4023 pas]
847 3957 971 4015 eronism
990 3959 1025 4007 ita
1043 3958 1145 4007 effectur

103 4025 174 4075 disse.
214 4022 347 4075 Fortassis:
367 4026 441 4087 lopati
459 4026 534 4073 simut
550 4024 609 4073 Cor*
641 4029 741 4085 tamque
755 4024 820 4070 male
835 4038 861 4071 se
876 4022 1029 4083 habenssut
1040 4023 1092 4083 ipse
1103 4037 1144 4083 pe·

104 4092 294 4152 deffinitum
320 4096 345 4138 st
365 4090 514 4138 Matutam
539 4104 608 4139 oenc·
641 4088 741 4137 tendam
766 4102 815 4135 non
836 4087 995 4135 existimasset
1016 4100 1031 4133 a
1052 4086 1145 4134 ciribm

103 4162 180 4203 rant.-
204 4154 452 4215 ommam,
471 4154 548 4202 trittei
562 4160 607 4203 etc.
639 4152 751 4211 missin
765 4156 851 4214 petens
866 4166 915 4200 non
932 4150 1092 4211 impetrasset,
1103 4164 1144 4198 ex·

105 4220 185 4268 cm.
640 4216 763 4265 curadone
784 4214 937 4270 valetudinis,
956 4212 1050 4263 realem
1072 4212 1145 4260 huius

140 4296 149 4329 r
170 4284 258 4331 Metto
272 4283 388 4345 princeps
405 4284 502 4341 eoram]
529 4283 608 4343 Micy·
640 4286 691 4328 tam
708 4280 772 4342 longi
789 4286 889 4340 tamque
906 4276 1017 4325 laboriosi
1027 4274 1145 4326 Chalcide

106 4348 173 4395 tttorr
189 4361 233 4408 pro
246 4348 333 4405 ruere
349 4346 477 4395 Bekkerus
494 4346 609 4407 reposuit,
642 4345 748 4394 Romam
759 4343 858 4393 itineris
875 4342 969 4391 Casu.-
