2934 4800
389 105 453 167 306
777 99 890 167 ΤΙΤΙ
920 100 1055 168 LIVII

390 236 566 317 affimdere,
591 257 709 324 easque
734 237 842 325 paullo
867 238 1002 327 amplius
1027 239 1174 317 dilatare,
1200 261 1261 327 quo
1279 236 1359 303 musi

391 323 505 401 solum,
519 324 576 389 sed
591 323 661 389 aliis
674 338 837 412 praeterea
851 326 923 389 usui
937 348 1004 391 esse
1018 340 1171 413 poment3
1194 325 1274 413 qund
1287 324 1321 387 ille
1330 346 1359 385 ιι

392 432 485 498 aegre
511 433 640 499 quoque
666 412 790 511 petenti
813 412 978 511 concessit.
1024 413 1145 512 Acflde
1171 412 1274 477 hanun
1292 426 1360 507 mun

393 496 1360 679 bibbuibblfflotblglgsmniiiniudgaffi’dibiallglffffi

435 668 493 733 Ad
515 669 595 734 haec
617 691 685 734 rem
709 692 776 733 nnn
798 669 893 757 plane
913 670 1120 735 iniucundam
1146 670 1290 747 studiosis,
1304 688 1360 755 qur.

393 754 557 833 Βοιιιιιιιίιι,
569 778 626 819 seu
637 755 809 819 maioribus
820 756 855 820 id
864 778 965 842 genus
976 756 1208 823 characteribus
1218 755 1361 844 legendnm

392 841 438 905 ita
448 854 524 905 sunt
535 841 710 919 exercitati,
722 863 773 905 me
785 841 941 906 facturum
956 843 1075 929 putavi,
1087 846 1113 907 si
1128 843 1213 909 idem
1224 844 1360 929 stagneum

392 926 555 992 literarum
577 941 611 1019 et
631 928 926 1015 interpunctionum
949 930 1042 1006 notis,
1066 928 1213 1029 qualibus
1232 952 1301 995 nune
1314 926 1359 1011 ult

391 1013 522 1091 utimur,
542 1036 584 1079 ex
607 1036 727 1079 reanum
751 1036 788 1079 ac
811 1014 1007 1092 distinctum,
1030 1016 1106 1103 ipsus
1127 1016 1286 1103 legendum
1302 1036 1360 1111 pap

391 1122 513 1177 nerem,
542 1122 561 1165 e
602 1122 654 1164 em
683 1112 793 1165 tamen
822 1100 940 1187 ubique
969 1102 1129 1167 scribendi
1159 1103 1279 1178 radone,
1302 1098 1359 1163 lus

391 1186 500 1251 naevis
521 1186 662 1264 retentis,
686 1199 723 1250 ut
744 1200 778 1251 et
798 1187 910 1251 maiori
931 1210 1004 1251 cum
1026 1189 1125 1253 animi
1147 1188 1299 1275 voluptate,
1313 1184 1359 1248 nula

391 1272 476 1338 inter
510 1272 534 1336 l·
581 1272 682 1337 ndum
718 1272 832 1337 offensi
867 1272 1005 1351 salebris,
1041 1274 1146 1361 ipsum
1181 1286 1359 1361 peremerat

390 1371 529 1424 statuere
567 1359 683 1423 'berius
705 1358 747 1423 de
771 1358 840 1423 eius
862 1372 976 1437 aetate,
998 1382 1211 1447 germanaque
1232 1356 1359 1453 quonum

390 1444 533 1511 locorum
547 1445 684 1510 lectione
698 1445 828 1532 possint.
876 1446 969 1521 Quae
987 1468 1038 1511 me
1056 1448 1174 1534 pariter
1189 1468 1271 1511 cama
1283 1446 1359 1529 rapu

391 1544 428 1595 ut
459 1531 622 1619 specimen
653 1532 870 1602 characterum
908 1533 1072 1619 utriusque
1108 1534 1289 1599 membranae
1309 1528 1360 1615 (du

391 1616 478 1681 enim
495 1618 627 1683 omnino
643 1630 729 1695 sunt,
744 1640 827 1704 quae
843 1616 1013 1685 Liuianum
1032 1619 1237 1707 fragmentum
1251 1616 1360 1709 mutium

390 1724 526 1789 quarum
564 1703 572 1717 '
640 1703 690 1769 lae
712 1703 846 1769 dimidia
870 1704 920 1769 sui
942 1717 1031 1791 pane
1056 1706 1211 1793 integram
1231 1704 1360 1787 noviper

390 1810 540 1939 pagrum
575 1812 594 1853 e
646 1789 732 1876 iunt)
768 1789 987 1855 exhibendum
1022 1814 1172 1857 curarem.
1235 1791 1360 1885 Qumqjffl

422 1874 556 1939 tendum
570 1888 627 1953 est,
643 1875 722 1941 haec
741 1877 810 1963 ipsa
826 1877 1001 1964 specimina
1019 1899 1086 1943 non
1106 1879 1151 1943 ita
1168 1873 1359 1965 expressisse

390 1975 429 2025 nt
446 1960 624 2027 satisfacere
645 1963 802 2040 omnibus,
818 1962 875 2049 qui
897 1964 1096 2029 membranas
1117 1958 1359 2051 inspexerimus:

390 2046 531 2133 possint:
555 2047 634 2112 mihi
648 2061 734 2113 certe
750 2071 815 2113 non
833 2047 927 2197 plane
945 2050 1149 2115 satisfaciunt.
1191 2049 1228 2115 In
1239 2060 1358 2145 quonum

390 2154 456 2197 ιιοιι
485 2145 551 2198 tam
578 2133 742 2221 sculptoris
774 2156 837 2221 neg
850 2134 970 2223 igentia
997 2137 1174 2201 accusanda
1199 2158 1255 2202 esse
1277 2130 1359 2223 udam)

389 2240 486 2305 qnam
509 2220 660 2307 temporis
682 2220 798 2285 inimic
819 2220 1027 2307 agnoscende,
1046 2245 1129 2309 quae
1151 2217 1304 2309 autographi
1319 2234 1360 2279 π’

387 2316 514 2393 pturam
528 2328 630 2393 paene
644 2305 821 2393 legentium
836 2307 1015 2394 aspectibus
1029 2307 1184 2397 efipuitu.

579 2655 637 2720 IV.
681 2655 862 2743 Fraqmenti
870 2662 1064 2744 praessuram
1078 2671 1107 2725 et
1121 2658 1236 2726 ulilitm

388 2826 532 2892 Rasnau·
543 2828 650 2906 modo,
670 2842 708 2893 ut
729 2828 851 2916 aliquid
870 2829 911 2896 de
933 2831 1104 2918 fragmenti
1125 2827 1291 2920 praestan&
1304 2836 1357 2904 ΜΨ

385 2913 522 2979 utilitate
544 2927 743 2993 attexamus3
766 2917 881 3003 inquo
899 2927 1111 3005 quaecunque
1133 2919 1196 2983 dici
1215 2917 1291 3000 longa
1304 2923 1357 2989 uqa

385 3020 405 3062 e
507 3013 576 3065 rata
594 3002 736 3066 oratione
751 3024 771 3066 a
785 3024 836 3067 me
851 3017 988 3090 possent,
1003 3003 1068 3070 huc
1081 3005 1218 3104 denique
1235 2996 1355 3066 mciderffll

384 3083 443 3149 illu
479 3100 514 3151 et
527 3087 567 3152 Τ.
580 3087 665 3152 Livii
682 3109 760 3164 esse,
775 3101 810 3152 ct
823 3087 864 3154 de
881 3087 923 3164 Q.
938 3088 1078 3156 Sertorio
1096 3091 1192 3178 loqur.
1234 3078 1356 3164 ΟΜΝ

383 3193 434 3236 res
456 3173 597 3260 siquem
620 3174 723 3260 prima
741 3172 841 3239 veluti
858 3175 961 3240 fronte
985 3199 1052 3240 ιιοιι
1073 3177 1218 3253 afficiant,
1233 3175 1256 3238 si
1271 3168 1354 3264 clitum

383 3256 551 3358 splendore
575 3272 610 3324 et
632 3260 747 3325 merim
770 3283 831 3362 sun
851 3260 958 3326 oculos
981 3263 1115 3349 praestri
1200 3277 1284 3340 tucn
1298 3249 1355 3350 vus

382 3345 872 3519 assensurum
886 3368 1157 3522 urruns,
1172 3339 1355 3524 ,nisit

380 3529 419 3581 ut
444 3516 584 3596 Livium,
609 3517 651 3582 de
676 3540 743 3606 quo
767 3533 906 3605 praestat
930 3521 1062 3586 omnino
1087 3523 1179 3600 nihil,
1203 3539 1284 3609 quam
1301 3523 1356 3599 pm

380 3601 480 3690 loqui,
495 3605 667 3682 mittamus,
682 3606 783 3683 eccui,
798 3627 925 3693 quaeso,
941 3607 1087 3694 ignotum
1104 3621 1162 3688 est,
1178 3625 1263 3696 quam
1278 3609 1356 3688 mall

378 3688 428 3751 vir
449 3688 606 3756 Sertorius
626 3690 747 3756 fuerit?
769 3714 866 3778 quam
888 3714 920 3756 m
985 3716 1039 3758 um
1062 3695 1131 3760 eius
1151 3696 1185 3760 in
1200 3680 1356 3768 Romanula

379 3774 461 3839 toria
485 3777 629 3841 nomen?
662 3799 758 3864 quam
785 3800 901 3865 magua
921 3715 1062 3845 faucium
1086 3781 1201 3847 virtute
1224 3791 1253 3844 et
1272 3760 1356 3840 belltssll

402 3996 433 4047 37
446 3985 887 4048 Passaquidomhseeehusetemm
919 3981 1354 4052 Sedhaecquoquaecudr'n'sptllffll'1²

377 4050 513 4108 specimina
533 4052 565 4097 sb
587 4050 637 4097 alio
658 4051 780 4111 scalptore
807 4053 887 4100 mults
918 4053 1038 4114 scriptura
1058 4053 1210 4115 aliquantum
1229 4053 1304 4102 diam
1317 4041 1353 4088 ΙΨ

377 4123 452 4167 quam
463 4115 536 4156 antea
546 4111 886 4175 diligentinsndautugrnphi
917 4117 999 4164 nntius
1027 4117 1054 4164 in
1080 4118 1224 4168 scholiomm
1247 4103 1353 4187 dllfflsslf

377 4169 562 4241 similitudinem
579 4185 693 4232 expressa
710 4189 771 4232 esse,
782 4177 885 4225 cancel·
917 4185 1002 4240 aperte
1010 4185 1085 4242 alque
1095 4177 1312 4244 ingenueeonncu·
1324 4167 1353 4208 ll

378 4229 452 4276 lenus
462 4231 884 4301 refcnrnEpilng.p.80.edLips
917 4255 997 4302 supra.
1010 4249 1061 4292 not.
1075 4258 1111 4294 rs.
1157 4265 1160 4270 ·
