2934 4800
380 206 475 272 LIB.
499 206 606 273 XLV.
639 206 752 272 OAP.
777 213 828 274 39.
1068 213 1130 279 alt

43 335 135 416 ulus,
148 344 365 408 exstructis
378 367 434 432 per
448 345 553 410 forum
568 358 602 410 et
615 356 722 410 cetera
736 345 822 412 urbis
837 343 915 424 loca,
951 368 992 410 ua
1007 347 1131 413 traduci
1142 362 1176 413 U.
1187 361 1217 414 c.
1233 363 1290 428 585·

41 447 193 512 ompam
218 433 425 516 oportebat,
444 431 592 497 tabulatis
612 431 808 497 theatrorum
826 432 860 496 in
878 367 1020 511 modum,
1040 427 1170 521 spec-l·
1187 429 1217 479 ⁰·
1235 427 1289 492 ¹⁶⁷·

37 512 106 576 avit
136 513 179 576 in
211 517 388 582 candidis
413 519 504 604 togis
558 518 682 618 Aperta
708 517 827 605 templa
851 519 959 584 omnia
983 533 1017 586 et
1039 522 1130 588 sertis

38 612 196 664 oronata
224 615 317 668 mre
344 605 518 669 fumabant.
564 604 708 669 Lictores
728 604 942 692 satellitesque
965 607 1129 672 confluen-

35 706 93 747 em
120 699 270 754 temere
299 691 436 756 turbam
457 703 491 756 et
509 712 588 776 vage
608 691 838 756 discurrentem
857 705 1128 760 summoventese

34 771 156 850 nedio‚
175 787 359 860 patentes
372 776 436 842 late
449 777 515 842 vias
529 799 707 864 vacuasque
721 779 924 864 praebebant.
969 779 1078 856 Quum
1093 781 1129 846 in

30 879 106 934 res,
134 873 181 924 ut
213 861 393 940 diximus,
416 863 485 927 dies
506 863 674 929 distributa
698 877 781 929 esset
803 887 921 952 pompa
945 867 1127 954 spectaculi,

30 944 165 1029 primns
194 946 285 1014 dies
316 950 376 1014 vix
400 950 526 1015 suffecit
554 950 794 1016 transvehendis
821 951 920 1038 signis
948 953 1002 1018 tab
1038 953 1045 968 '
1086 977 1128 1019 ue

30 1032 192 1116 captivis,
221 1035 266 1098 in
293 1035 457 1101 ducentos
478 1036 710 1124 quinquaginta
730 1060 840 1102 currus
861 1039 905 1103 im
964 1039 1024 1104 itis.
1113 1075 1129 1091 ·

30 1119 158 1202 quenti
174 1119 241 1186 die
261 1123 385 1186 multis
397 1121 545 1210 plaustris
559 1123 754 1201 translatum,
770 1125 901 1212 quicqui
940 1124 1129 1192 Macedoni·

31 1225 156 1268 corum
173 1229 365 1274 armorum
379 1207 628 1295 pulcherrimum
645 1222 679 1273 et
695 1211 1043 1296 magnificentissimum
1056 1213 1127 1290 filit,

32 1311 126 1374 quae
143 1305 185 1358 et
201 1293 291 1380 ipsa
306 1295 383 1359 ferri
397 1308 453 1359 aut
470 1295 551 1360 aeris
567 1317 679 1360 recens
696 1297 770 1361 tersi
788 1298 890 1362 nitore
908 1297 1127 1384 splendebant,

35 1389 72 1438 et
97 1376 151 1440 ita
176 1393 324 1446 anneta
347 1394 438 1446 eraut
459 1382 544 1446 inter
565 1404 610 1459 sc,
634 1394 681 1458 ut,
706 1404 806 1468 quum
831 1385 999 1448 acervatim
1022 1384 1129 1470 potius

36 1463 236 1543 cumulata,
278 1491 382 1555 quam
417 1467 583 1532 artificiose
620 1468 752 1554 digesta,
786 1468 980 1546 viderentur,
1016 1469 1129 1534 miram

41 1551 227 1632 quandam
252 1553 325 1618 hac
344 1555 413 1640 ipsa
426 1553 514 1619 velut
532 1554 699 1619 temeraria
717 1567 752 1618 et
770 1553 900 1620 fortuita
922 1555 1128 1620 concursione

41 1636 199 1720 speciem
223 1640 415 1706 obiicerent
436 1639 553 1706 oculis:
576 1640 686 1727 galeae
708 1641 816 1718 scutis,
831 1653 864 1704 et
884 1639 997 1706 loricae
1017 1641 1128 1720 ocreis,

46 1732 82 1784 et
95 1723 217 1807 peltae
234 1726 404 1804 Creticae,
416 1740 449 1792 et
460 1727 635 1793 Thracicae
647 1739 781 1804 caetrae,
797 1739 829 1791 et
838 1727 1003 1814 pharetrae
1015 1749 1129 1814 eques-

47 1807 159 1873 tribus
175 1813 371 1897 permixtae
385 1813 492 1889 frenis,
504 1814 667 1900 strictique
682 1812 781 1913 gladii
796 1813 960 1880 hincinde
976 1837 1127 1880 mucrone

50 1909 191 1962 exserto
211 1900 375 1977 minaces,
390 1913 423 1964 et
437 1923 456 1965 e
470 1899 622 1964 lateribus
638 1914 816 1964 eminentes
833 1901 971 1965 sarissas.
1017 1901 1127 1986 Atque

53 1977 138 2045 haec
155 1987 282 2050 omnia
293 2009 393 2073 quum
408 1985 512 2050 laxius
525 1986 632 2050 vincta
642 1987 726 2051 inter
740 2009 773 2051 se
788 1986 940 2064 forent'si
951 1987 1079 2073 quando
1094 1986 1128 2050 in

54 2070 317 2136 transvehendo
339 2072 400 2138 sibi
423 2086 536 2137 mutuo
558 2072 773 2149 alliderentur,
794 2072 948 2138 Martium
967 2072 1129 2159 quendam

60 2171 98 2215 ac
120 2158 315 2223 terribilem
334 2157 473 2223 edebant
491 2181 615 2236 sonum,
631 2171 668 2224 ut
684 2181 727 2224 nc
742 2159 825 2224 victa
839 2160 970 2247 quidem
988 2158 1129 2247 conspici

60 2256 204 2322 possent
234 2244 309 2309 sine
339 2245 479 2331 quodam
508 2247 686 2310 animorum
715 2245 853 2311 horrore.
899 2246 986 2311 Tum
1016 2259 1130 2312 onusta

64 2340 207 2411 argento
258 2331 266 2346 '
333 2344 367 2396 to
395 2353 469 2397 vasa
497 2331 730 2420 quinquaginta
758 2355 796 2396 su
818 2354 854 2398 ra
881 2355 914 2397 se
939 2333 1083 2421 tingenta
1110 2355 1130 2401 a

66 2411 173 2479 tribus
187 2418 276 2483 milli
298 2442 336 2483 us
348 2419 516 2484 hominum
572 2420 744 2484 rtabantur.
839 2420 847 2435 ⁹
882 2356 1002 2485 talduts
1014 2420 1049 2483 ln
1064 2420 1130 2483 sin-

68 2498 154 2581 gulis
170 2525 193 2566 a
207 2506 375 2591 quaternis
388 2518 511 2591 gestata
547 2505 714 2571 ominibus.
762 2506 863 2569 Erant
876 2519 910 2570 et
924 2505 980 2591 qui
995 2516 1130 2571 crateras

70 2600 258 2671 argenteos,
281 2603 315 2657 et
335 2591 467 2678 phialas,
488 2604 522 2656 et
543 2592 667 2669 calices,
687 2604 722 2657 et
744 2613 864 2656 cornua
885 2590 1037 2668 ferebant,
1061 2604 1130 2657 tum

71 2685 146 2755 apte
170 2676 264 2742 inter
285 2700 320 2743 se
342 2678 504 2755 collocata,
524 2690 594 2742 tum
616 2676 847 2764 magnitudine,
868 2688 901 2741 et
924 2676 1076 2764 pondere,
1097 2690 1130 2743 et

74 2764 236 2828 exstantis
254 2763 420 2850 insigniter
438 2763 614 2829 caelaturae
637 2764 771 2829 artificio
792 2763 971 2851 conspicua.
1017 2764 1129 2830 Tertio

75 2857 186 2913 autem
203 2850 261 2915 die
278 2850 395 2915 ducere
418 2873 532 2939 agmen
555 2850 659 2950 primo
681 2850 787 2915 statim
810 2874 903 2916 mane
923 2872 1057 2939 coepere
1078 2864 1130 2916 tu·

78 2928 212 3014 bieines,
229 2959 296 3001 non
315 2938 412 3003 festos
433 2938 625 3003 sollennrum
644 2958 832 3025 pomparum
852 2938 972 3016 modos,
988 2938 1044 3003 sed
1062 2936 1129 3004 bel·

79 3013 178 3084 licum
198 3035 359 3100 canentes,
375 3024 465 3109 quasi
484 3024 520 3087 in
541 3023 641 3088 aciem
658 3024 897 3111 procedendum
915 3025 1004 3089 foret
1051 3025 1130 3089 Post

80 3099 141 3168 hos
158 3109 337 3208 agebantur
355 3110 500 3197 pingues,
515 3109 664 3174 cornibus
684 3110 809 3187 auratis,
825 3124 858 3176 et
871 3112 958 3176 vittis
975 3111 1128 3197 sertisque

83 3190 222 3261 redimiti
251 3197 348 3261 boves
373 3208 503 3260 centurn
528 3209 562 3260 et
587 3195 707 3282 viginti.
754 3195 926 3263 Ducebant
949 3218 1003 3262 eos
1032 3196 1129 3262 cincti

83 3273 185 3345 fasciis
206 3281 325 3347 eximio
347 3304 442 3369 opere
466 3282 562 3347 textis
583 3282 723 3360 iuvenes,
739 3283 854 3369 quibus
875 3283 1007 3349 comites
1028 3281 1129 3347 additi

87 3366 175 3458 pueri
189 3382 313 3456 pateras
327 3391 437 3434 aureas
447 3381 675 3455 argenteasque
685 3370 859 3455 gestabant
908 3368 1130 3455 Sequebantur

87 3468 119 3524 1¹,
134 3456 190 3537 qui
204 3455 363 3542 signatum
378 3477 491 3520 aurum
505 3455 539 3519 in
553 3455 634 3519 vasis
651 3469 773 3541 septem
788 3469 821 3519 et
835 3456 1036 3541 septuaginta
1048 3454 1130 3517 fere·

91 3531 171 3617 bant,
200 3564 337 3628 quorum
366 3541 629 3629 unumquodque,
660 3540 929 3627 quemadmodum
959 3552 992 3604 et
1020 3560 1068 3617 ea,
1095 3540 1130 3603 in

90 3623 200 3769 quibus
222 3641 390 3715 argentum
413 3628 598 3693 translatum
622 3626 733 3703 fuerat,
759 3628 819 3691 tria
842 3626 960 3691 talenta
982 3625 1127 3691 habebat

93 3704 101 3728 '
122 3732 171 3776 um
185 3714 345 3779 visebatur
360 3736 449 3779 sacra
467 3714 575 3802 phiala
589 3712 700 3776 decem
721 3712 913 3777 talentorum
927 3712 1036 3799 pondo
1051 3712 1128 3791 auri,

92 3799 228 3879 pretiosis
247 3800 396 3865 distincta
414 3800 557 3887 gemmis,
574 3822 670 3899 quam
690 3798 823 3863 Paullus
841 3798 1019 3866 faciendam
1039 3822 1130 3865 cura·

93 3900 181 3963 terat,
189 3900 223 3951 et
232 3886 456 3973 Antigenidas,
468 3885 722 3971 Seleucidesque,
732 3898 766 3949 et
775 3884 951 3964 Thericlea,
961 3901 1030 3953 cete
1088 3908 1129 3951 ue

94 3972 198 4115 pocula
220 3994 262 4037 ex
285 3996 372 4051 auro,
394 3974 509 4061 quibus
529 3972 638 4036 Persei
662 3970 797 4037 triclinia
820 3974 1021 4037 ornabantur.
1031 3909 1130 4037 mlu-

114 4053 172 4125 ibat
185 4059 295 4125 Persei
314 4082 433 4138 currus,
449 4060 518 4123 eins
537 4058 631 4123 armis
651 4069 791 4136 onustus,
810 4059 919 4123 addito
939 4057 1127 4124 diademate.

99 4136 285 4231 Sequebatur
299 4169 337 4211 ca
359 4148 496 4211 tivorum
510 4167 644 4232 agmem
670 4142 794 4233 Bithys,
812 4145 923 4232 Cotyis
938 4144 1021 4231 regis
1034 4143 1129 4221 tilius,

97 4227 175 4297 obses
187 4233 222 4296 in
238 4232 314 4298 Mac
356 4233 463 4297 oniam
477 4246 599 4319 epatre
615 4231 736 4307 missus,
749 4252 785 4295 ac
800 4231 918 4295 deiude
932 4252 1006 4296 cum
1021 4230 1130 4295 Persei

99 4309 191 4385 liberis
204 4333 315 4407 captus
329 4344 349 4385 a
364 4318 520 4386 Romanis
528 4342 538 4395 ;
562 4331 629 4383 tum
643 4318 704 4404 ipsi
719 4316 827 4384 Persei
841 4316 942 4397 liberi,
958 4316 1129 4384 comitante
