2934 4800
280 695 331 778 T.
373 694 547 778 LIVII
586 691 922 777 PATAVINI

183 893 1017 1024 HISTORI'ARUM

344 1173 411 1238 AB
442 1171 585 1238 URBE
617 1171 865 1240 CONDITA

493 1391 736 1476 LIBRI„

529 1613 676 1650 -ο-

394 1782 577 1842 ΕΡΙΤΟΜΕ
598 1783 712 1844 LIBRI
732 1783 813 1843 XLL

80 1946 263 2012 IGNIS
249 1970 281 2010 sn
311 1947 383 2010 aede
421 1947 525 2011 Vestae
553 1951 713 2012 motinense
741 1957 792 2012 est
851 1948 899 2010 Ti.
932 1947 1126 2051 Sempronius
1216 1963 1221 1980 '

84 2034 248 2098 Gracchus
267 2035 433 2119 proconsul
458 2035 615 2100 Celtilreros
638 2037 729 2099 victos
752 2037 785 2098 in
806 2035 980 2097 dedfflonem
1001 2036 1125 2136 accepit,

79 2131 360 2206 monumentumque
388 2144 509 2224 opertum
538 2145 660 2185 suorum
690 2121 894 2186 Gracchurim
923 2121 1107 2205 oppidum
1093 2142 1127 2184 en

80 2207 187 2292 Hespe
189 2211 242 2272 nia
262 2210 420 2271 οοτατίταττ
466 2208 515 2272 Ετ
527 2232 547 2273 a
561 2209 717 2272 Postumio
730 2209 843 2272 Albino
851 2209 1030 2292 proconsule
1049 2207 1127 2270 Vac-

80 2230 187 2357 casim
169 2317 208 2356 ac
226 2293 373 2357 Lusitani
392 2295 509 2358 subacti
528 2305 606 2359 ssent.
659 2295 791 2381 Uterque
809 2295 1015 2379 triumphavit.
1058 2294 1127 2357 An-

80 2382 209 2459 tiocltus,
224 2381 369 2445 Antiochi
376 2382 478 2464 filius,
495 2383 575 2446 obses
590 2382 753 2447 Romanis
751 2407 777 2445 a
791 2392 884 2468 patre
897 2383 996 2458 datus,
1012 2390 1128 2444 mortuo

71 2470 183 2553 fratre
199 2429 332 2545 Seleuco,
347 2472 401 2555 qui
414 2472 504 2554 patri
521 2470 660 2553 defimcto
674 2480 863 2545 successerat,
879 2473 911 2532 in
925 2490 1050 2553 reynum
1068 2468 1129 2551 Sy-

80 2559 149 2619 riae
171 2556 210 2619 ab
233 2556 304 2619 urbe
324 2556 473 2632 dimissius,
486 2567 608 2641 praeter
627 2558 805 2641 reliqionem,
821 2578 883 2641 qua
901 2556 998 2618 multa
1017 2554 1128 2638 templa

80 2666 113 2705 m
114 2644 250 2728 aqneflca
271 2642 374 2705 multi‘s
396 2643 467 2706 locis
488 2647 588 2721 creuit,
604 2644 731 2707 Athenis
752 2644 833 2706 Iouis
859 2642 1003 2727 Olympii,
1018 2649 1049 2703 et
1060 2641 1129 2704 An

81 2730 213 2792 τίοοΙιίαο
227 2728 404 2821 Capitolini,
425 2730 600 2793 vilissimum
618 2753 714 2815 reqem
736 2733 803 2815 eqit.
847 2729 997 2792 Lustrum
1018 2752 1039 2791 a
1060 2750 1129 2791 cen·

80 2816 203 2879 senous
227 2806 381 2879 corsditurn
411 2827 462 2880 est
514 2817 610 2882 Cerrsa
636 2826 708 2880 sunt
736 2819 844 2879 civium
873 2817 976 2900 capita
1000 2815 1128 2878 ducenta

81 2904 440 3053 intimi
454 2904 762 3075 ilfi-,mifiiwiiif
769 2900 1129 3075 mum?

82 3077 187 3139 lierern
202 3078 374 3140 institueret
449 3077 634 3162 uositleqem
649 3076 697 3140 M.
716 3077 813 3142 Cato:
836 3085 932 3139 eastat
945 3078 1042 3138 oratio
1055 3076 1127 3138 eius.

82 3164 252 3226 Praeterea
270 3186 317 3226 res
336 3172 440 3226 σοατνα
455 3163 594 3248 Liqures,
610 3164 715 3240 Istros,
734 3164 859 3240 Sardos,
875 3174 905 3227 et
922 3161 1089 3237 Celtiberos,
1108 3184 1129 3224 α

84 3250 288 3353 complurimos
309 3250 434 3313 ducibus
452 3273 594 3335 prospere
610 3260 720 3336 qestas,
740 3260 771 3313 et
790 3253 879 3314 initia
897 3250 967 3313 belli
984 3248 1130 3311 Macedo·

86 3339 148 3399 nici
184 3340 322 3412 continet,
358 3338 440 3422 quod
473 3338 611 3415 Perseus,
645 3338 785 3423 Philippi
806 3338 909 3419 filius,
943 3335 1127 3399 moliebatur

87 3424 224 3487 Mserat
242 3426 319 3487 enim
339 3424 382 3485 ad
405 3422 665 3509 Carthaginienses
684 3426 867 3509 leqationem,
886 3432 915 3486 et
933 3422 1016 3484 ab”
991 3444 1029 3484 ns
1048 3429 1131 3485 noeto

37 3526 41 3533 “
84 3511 196 3573 audita
210 3520 298 3574 erat:
324 3510 377 3573 sed
389 3519 418 3573 et
431 3512 509 3575 alias
528 3511 676 3575 &aeetae
690 3514 823 3575 civitates
836 3508 1024 3573 sollicitabat.
