2934 4800
358 232 421 293 348
731 223 1044 291 PRAEFATIO

359 384 424 450 dici
439 384 494 449 vix
508 394 623 471 potest,
639 396 794 470 quantam
816 382 894 447 mihi
905 382 1105 469 voluptatem
1123 380 1285 447 attulerit:
1304 404 1372 467 neqn

363 487 510 563 mirabar,
533 484 655 550 nullam
677 484 827 550 fasciculo
850 483 1006 549 inclusam
1029 506 1097 549 eme
1119 482 1374 571 epistolamque,

357 610 428 681 'qua
448 587 571 653 ratione
591 587 626 651 in
649 608 737 652 meas
760 608 873 651 manus
897 586 1109 673 pervenerint,
1135 586 1296 672 copiosius
1314 607 1377 670 expr-

364 702 476 766 neret;
499 690 620 777 quippe
635 688 692 775 qui
712 688 790 753 olim
809 688 954 753 librariae
970 687 1215 752 Weidmanniae
1236 710 1293 774 per
1308 686 1377 749 litere

363 792 599 878 significassem,
620 812 672 855 me
694 790 835 854 maximo
856 789 1092 877 praestantioris
1112 788 1199 853 illius
1222 788 1332 853 codicis
1346 788 1379 850 d*

362 894 479 959 siderio
501 894 612 959 teneri.
658 890 750 957 Illico
771 892 879 979 igitur,
901 914 943 957 ne
966 890 1169 958 rescribendo
1196 904 1321 978 tempm
1336 912 1379 976 pn

362 996 482 1073 derem,
498 995 541 1061 sd
561 996 701 1061 laborem
721 1008 850 1061 strenue
870 996 1107 1084 suscipiendum
1127 1018 1165 1059 ac
1183 994 1379 1081 perficiendus

363 1121 416 1163 me
445 1099 571 1163 accinxi
599 1110 643 1176 et,
670 1120 771 1185 quum
797 1121 817 1162 a
842 1097 1001 1164 tricesimo
1030 1098 1123 1163 tertio
1150 1096 1239 1161 Livii
1270 1096 1380 1159 librod

363 1214 495 1278 ceteros,
511 1200 568 1288 qui
588 1200 699 1265 codice
716 1200 946 1287 Bambergensi
965 1201 1182 1277 continentur,
1196 1198 1297 1264 libros
1315 1219 1379 1262 essen

364 1325 556 1390 progressus,
582 1300 767 1367 Goellemm
793 1302 926 1389 eiusque
952 1302 1083 1379 socium,
1106 1302 1173 1366 sire
1195 1314 1333 1388 tempore
1347 1321 1380 1363 u·

365 1403 479 1483 clusos,
495 1405 560 1469 sive
581 1403 770 1469 necessitate
793 1416 927 1481 coactos,
942 1404 1059 1492 raptim
1081 1406 1191 1470 omnia
1212 1428 1252 1470 ac
1273 1425 1380 1492 praepo

366 1530 442 1595 pere
473 1508 585 1594 egisse,
616 1505 802 1570 Bekkerum
834 1519 951 1584 autem,
981 1505 1057 1571 licet
1088 1506 1236 1572 codicem
1267 1506 1381 1571 eximius

367 1610 488 1674 diutius
510 1608 598 1674 domi
620 1631 696 1673 sime
719 1607 861 1687 haberet,
879 1607 1029 1674 Goellero
1052 1608 1173 1697 ubique
1199 1622 1316 1675 temere
1334 1630 1380 1671 oon

365 1712 459 1778 fisum
483 1712 544 1775 alie
566 1710 667 1775 invito
689 1710 800 1775 codice
820 1710 855 1774 in
874 1711 1024 1776 orationis
1043 1724 1235 1777 contextum
1254 1711 1380 1797 recepim

367 1813 429 1879 alia
450 1812 587 1899 vulgatis
609 1813 722 1900 utique
744 1812 952 1900 praeferenda
974 1815 1115 1879 omisisse
1139 1816 1294 1881 intellexi.
1331 1812 1379 1877 Ps

366 1914 476 2002 fligato
495 1914 613 1980 deinde
634 1938 672 1979 ac
694 1938 797 2001 paene
819 1916 964 1981 consecto
986 1916 1104 1995 labore,
1120 1918 1214 1983 cuius
1234 1917 1380 2005 gravitates

367 2030 402 2083 et
424 2016 602 2081 molestiam
625 2017 797 2104 impigrum
820 2016 861 2082 de
884 2017 978 2083 Livio
1000 2018 1083 2083 bene
1108 2020 1256 2085 merendi
1278 2017 1378 2084 studim

368 2142 560 2208 magnopere
575 2119 708 2197 levabat,
725 2142 881 2185 successu·
890 2120 1052 2187 exsrrltens
1071 2144 1139 2187 rem
1153 2122 1381 2197 laetimimsmn

368 2223 550 2299 arbitrabar,
581 2221 623 2286 ed
652 2221 812 2287 librariam
843 2222 1099 2289 Weidmanniam
1131 2225 1237 2291 detuli
1269 2238 1306 2301 et,
1330 2242 1378 2287 nm

367 2326 485 2391 librum
500 2348 519 2389 a
533 2346 585 2390 me
600 2323 784 2389 inchoatum
803 2346 840 2389 ac
855 2346 930 2391 mox
945 2324 1173 2392 absolvendum
1189 2328 1258 2393 suis
1271 2322 1380 2413 imperes

369 2429 532 2517 divulgare
547 2428 652 2506 vellet,
668 2451 709 2492 ex
724 2451 763 2494 ea
778 2429 927 2517 quaesivi
974 2429 1116 2495 Tantum
1134 2444 1247 2496 autem
1261 2431 1378 2506 abrutin

369 2531 412 2596 ad
426 2554 515 2620 spem
530 2543 664 2597 eventus
674 2531 890 2619 responderet,
902 2544 938 2596 ut
948 2531 1003 2597 illa
1013 2545 1139 2619 praeter
1148 2531 1379 2622 exspectationem

369 2634 449 2698 mihi
470 2634 664 2711 rescriberet,
687 2633 814 2698 codices
835 2632 1087 2721 Bambergenses
1112 2635 1156 2699 ed
1177 2629 1378 2708 Iaeckiuuu

367 2736 432 2800 fide
454 2736 640 2822 interposita
660 2735 735 2800 satis
757 2734 867 2800 datum
893 2735 944 2813 sit,
967 2737 1177 2804 remittendos
1199 2763 1262 2826 per
1284 2755 1378 2804 enorrffl

367 2836 429 2901 sibi
452 2837 590 2902 maxime
614 2835 847 2925 poenitendum
869 2837 905 2901 in
928 2860 1014 2903 meas
1036 2861 1149 2904 manus
1174 2841 1377 2928 pervenisses

369 2937 563 3018 Bekkerum,
586 2941 649 3005 nisi
670 2939 800 3027 incepto
822 2939 1014 3018 absisterenr,
1037 2942 1162 3030 integre
1182 2945 1302 3010 codicis
1320 2941 1378 3006 nn

368 3041 529 3128 bergensis
548 3042 726 3122 collatione,
742 3066 839 3130 quam
860 3043 896 3107 in
915 3056 1064 3132 promptu
1085 3045 1211 3124 hebent,
1229 3047 1308 3113 fores
1321 3042 1376 3108 euit-

370 3142 468 3208 tenda
488 3143 655 3208 consilium
677 3166 786 3208 meum
809 3144 851 3209 ad
871 3167 990 3210 vanum
1010 3159 1106 3234 atque
1129 3147 1261 3214 irritum
1283 3169 1337 3214 esse
1350 3165 1378 3207 rt

369 3247 562 3311 dacturum⁹.
612 3246 738 3322 Quibus
753 3245 885 3334 quidem
903 3247 1042 3312 artificiis
1059 3262 1093 3315 et
1109 3250 1378 3319 comminationis

366 3349 550 3435 praesertim
573 3372 674 3436 quum
697 3349 802 3416 codex
824 3347 1077 3438 Bambergensis,
1099 3353 1135 3418 id
1158 3356 1252 3442 qnod
1277 3353 1377 3422 Bellen

367 3450 551 3538 responderi
578 3453 736 3531 iussimus,
763 3475 838 3542 prae
868 3455 981 3520 ceteris
1007 3455 1123 3543 dignus
1147 3457 1199 3536 sit,
1228 3461 1289 3548 qui
1309 3472 1378 3523 nont

368 3555 502 3634 duobus,
523 3555 580 3620 sed
601 3579 621 3621 a
642 3556 743 3621 tribus
764 3556 1004 3644 diligentissime
1026 3559 1249 3646 pervolutetur
1271 3578 1304 3630 et
1319 3577 1377 3626 extr

399 3792 412 3826 s
431 3779 515 3827 Verba
532 3779 661 3841 epistolae,
684 3779 784 3842 bipsise
806 3797 829 3830 a.
852 3782 889 3850 d..
909 3783 1036 3844 besteben,
1058 3785 1103 3834 das
1127 3784 1215 3836 Gsnee
1243 3791 1294 3838 sur
1312 3783 1376 3844 sulse

366 3841 877 3904 vl11.1d.8extil.2183o.detoe,haee
910 3845 996 3910 Bogeu
1011 3848 1121 3897 dnscken
1137 3851 1217 3900 lmen
1237 3855 1293 3903 und
1308 3845 1378 3901 diesis

365 3911 438 3955 suut:
459 3907 475 3931 ‘⁴
486 3905 605 3968 Zugleich
621 3906 719 3956 missen
736 3907 779 3956 wir
795 3907 876 3957 Ihnen
909 3925 997 3960 vorsus
1015 3911 1141 3961 onentuch
1159 3915 1275 3966 bekannt
1293 3911 1378 3966 mecha*

365 3970 473 4026 melden,
492 3971 548 4018 dms
566 3970 613 4020 Hr.
632 3972 758 4021 Professor
777 3972 877 4021 Bekker
910 3973 1015 4024 Utinam
1025 3976 1154 4026 Beklrerus
1164 3983 1241 4028 tenax
1254 3977 1377 4044 proponis!

364 4033 456 4082 erklttrt
477 4033 531 4092 hat,
549 4034 591 4082 die
610 4035 736 4084 Collation
758 4036 793 4084 sci
816 4037 876 4085 voll-
908 4039 1031 4088 mendacii
1046 4041 1180 4102 turpissimi
1198 4049 1377 4107 meretur*

363 4097 584 4157 standiginseinen
592 4097 876 4159 thdemdasiirauch-
908 4103 1021 4152 absoluta
1047 4105 1135 4154 saltem
1158 4105 1224 4154 Livii
1250 4110 1344 4158 editius
1358 4115 1377 4148 Ν

364 4159 521 4206 bsrednraus
537 4160 601 4208 habe
616 4175 643 4208 er
657 4161 699 4209 nir
712 4163 797 4212 seinen
810 4165 876 4212 Text
908 4165 989 4215 dicem
1011 4173 1085 4217 antes
1105 4184 1138 4218 ns
1159 4169 1303 4234 inspectum
1319 4169 1376 4234 quil*

364 4221 473 4277 bonutst,
489 4222 541 4292 und
557 4237 584 4269 er
599 4226 688 4283 werde,
703 4225 760 4275 falls
777 4227 819 4276 sie
834 4228 881 4276 suf
909 4228 1052 4294 diligentius
1083 4248 1140 4281 eum
1172 4235 1247 4286 editis
1281 4233 1376 4289 mersis

365 4282 410 4330 der
438 4282 598 4345 Auesuhmng
631 4287 702 4336 lhres
729 4289 877 4341 Vorhabens
909 4294 1010 4354 publice
1020 4296 1149 4348 domuisset
