2934 4800
340 185 655 255 EDITIONUM
687 189 832 256 LIVII.
1046 201 1111 261 449

125 321 234 409 apud
259 322 420 388 Maittaire
444 325 479 388 in
501 325 617 390 Annal.
635 324 778 415 Typogr.
795 339 871 390 tom.
890 325 915 391 L
937 350 969 414 p.
986 333 1060 393 ³14.
1077 343 1110 392 et

125 424 225 474 tom.
245 408 305 475 lv.
322 434 352 496 p.
369 415 443 475 545.
492 410 636 498 Suspicio
658 425 766 476 tamen
788 425 845 488 est,
860 410 943 477 hanc
965 426 998 478 et
1018 437 1110 513 prue-

124 493 316 560 cedentem
331 497 477 561 eamdem
492 519 570 574 esse,
586 519 760 585 earumque
774 498 914 576 alteram,
930 513 963 564 et
976 500 1109 587 qutdem

123 581 239 658 hanc,
255 604 295 646 ex
307 582 375 646 solo
389 605 555 670 operarum
572 605 675 648 errore
691 598 799 648 natam
813 605 890 648 esse.

52 671 142 730 93.
177 665 326 732 Venetiis
357 691 416 755 per
447 668 630 734 Mattheum
662 667 807 756 Capussa
831 669 1046 748 Parmam,
1074 671 1108 736 in

52 753 203 816 forma
218 755 345 818 maiore.

188 837 352 904 Maittaire
368 840 401 904 in
418 840 537 905 Annal.
554 840 694 928 Typogr.
712 854 787 906 tom.
802 841 843 908 V.
858 856 930 930 part
944 842 989 908 IL
1004 865 1035 930 p.
1053 849 1105 908 23.

124 923 319 990 editionem
334 927 417 992 hanc
432 927 619 992 memoravit
632 949 674 992 ex
690 926 823 992 Orlsnd.
839 951 871 1015 p.
886 934 961 994 418.

52 1015 145 1076 95.
181 1009 359 1076 Mediolani
388 1033 445 1099 per
471 1011 658 1078 Uldericum
687 1012 928 1093 Scinzenzeller,
954 1015 1106 1102 impensis

52 1095 279 1161 Alexandri
296 1097 482 1175 Minutiani,
498 1099 532 1162 in
546 1099 647 1163 forma
661 1099 790 1163 maiore.

187 1181 373 1248 Editionem
402 1183 484 1249 hanc
516 1207 693 1249 memorans
727 1183 889 1250 Maittaire
919 1187 954 1249 in
984 1187 1103 1253 Annal.

128 1267 176 1331 T
277 1283 382 1336 ‚tom
405 1269 431 1334 Ι.
452 1293 482 1357 p.
500 1276 572 1336 332.
593 1283 626 1335 et
645 1284 721 1336 tom.
739 1269 799 1336 lV.
815 1292 846 1357 p.
863 1277 935 1337 590.
961 1285 1104 1351 testatur,

206 1353 302 1420 finem
324 1357 393 1420 eius
412 1355 474 1443 legi
495 1357 573 1422 haec
593 1358 708 1422 verbex
734 1356 919 1444 ‘Impressit
934 1358 1104 1424 Uldericus
1173 1388 1180 1400 ·

131 1449 146 1478 ‘
167 1439 368 1506 Sinzenzeler
380 1443 531 1529 impensis
544 1442 722 1507 Alexandri
738 1442 930 1520 Minutiani3
950 1467 991 1509 ex
1006 1468 1103 1532 quam

165 1527 334 1592 emendato
357 1529 541 1616 exemplari,
557 1530 583 1593 si
605 1551 678 1592 cum
702 1529 816 1594 ceteris
838 1530 989 1608 conferes,
1006 1555 1103 1617 quam

131 1621 147 1650 ‘
163 1611 310 1678 facillime
334 1614 500 1700 intelliges,
524 1615 746 1680 candidissime
774 1615 891 1692 lector;
924 1617 976 1681 cui
1006 1619 1102 1682 etiam

132 1706 149 1736 ‘
164 1696 359 1764 librariorum
376 1700 512 1786 culpam,
528 1714 683 1789 quantum
699 1701 799 1778 licuit,
815 1701 902 1765 idem
919 1702 1103 1768 Alexander

133 1795 147 1823 ‘
186 1799 319 1850 raestare
342 1800 473 1851 conatus
495 1800 552 1864 est,
573 1786 752 1852 Mediolani
773 1787 877 1874 pridie
899 1811 996 1875 quam
1016 1789 1099 1854 Lud

134 1880 148 1910 ‘
204 1919 211 1935 .
231 1870 288 1936 SF.
312 1873 437 1960 Anglus
454 1871 601 1960 princeps
620 1873 869 1960 sapientissimus
888 1874 983 1939 huius
1000 1877 1101 1941 incliti

133 1957 287 2043 ‘imperii
308 1973 467 2046 sceptrum
490 1973 523 2023 et
544 1959 670 2023 ducalia
692 1960 828 2046 insignia
844 1983 865 2025 a
880 1958 1101 2025 Maximiliano

135 2045 502 2196 ..a
523 2059 615 2197 tu
645 2047 822 2196 utu

135 2139 149 2168 ‘
204 2175 211 2192 .
332 2179 339 2193 .
557 2179 564 2196 .
616 2153 633 2193 e
758 2180 766 2196 .
823 2152 874 2193 an.

52 2217 148 2280 495.
176 2213 320 2280 Venetiis
345 2238 402 2303 per
427 2217 613 2304 Philippum
640 2215 789 2280 Pincinm
816 2215 1040 2294 Mantuanum,
1065 2220 1099 2282 in

73 2303 198 2366 forma
212 2302 332 2368 maiori.

183 2385 221 2452 In
244 2387 303 2453 hac
326 2387 466 2455 editione
488 2403 677 2476 repetuntur
707 2398 717 2427 ‘
729 2387 777 2453 M.
792 2389 928 2454 Antonii
952 2388 1100 2455 Sabellici

136 2474 361 2540 ‘brevissimae
379 2475 412 2539 in
429 2475 558 2540 Livium
577 2476 809 2551 annotationes,
824 2475 902 2539 locis
915 2498 973 2539 suo
987 2476 1099 2540 ordine

136 2568 149 2598 ‘
161 2576 216 2625 ant
241 2561 275 2624 in
301 2562 460 2648 integrum
487 2562 648 2638 restitutis,
673 2576 729 2625 aut
755 2561 790 2624 in
816 2560 928 2637 fronte,
952 2582 994 2625 ne
1020 2562 1099 2646 quid

136 2656 279 2712 ‘temere
292 2648 515 2724 offenderetur,
527 2648 615 2712 brevi
631 2648 738 2711 indice
752 2646 889 2710 relictis'
933 2645 977 2710 Iis
991 2660 1098 2711 autem

135 2734 350 2819 praemittitur
364 2734 462 2821 ipsius
479 2733 626 2799 Sabellici
639 2733 792 2821 praefatio
811 2731 873 2796 ‘ad
888 2731 1099 2819 Magnificum

137 2816 1100 2971 3ssssict’g‘ffilgffmfflflfflAffngflssffiuffibfflmvefgg

135 2992 306 3057 subiuncta
328 2992 442 3057 video:
476 2993 535 3056 ⁶T.
558 2991 643 3055 Livii
667 2992 813 3056 Patavini
837 2991 973 3057 decades
996 2992 1098 3079 expli-

138 3078 258 3155 ‘ciunt‚
275 3078 420 3143 Venetiis
482 3100 497 3142 r
516 3078 702 3164 Philippum
717 3076 865 3141 Pincium
883 3077 1097 3142 Mantuanum

139 3173 283 3229 ‘summa
296 3188 372 3231 cura
385 3178 420 3229 et
456 3164 578 3251 iligenti
599 3164 704 3227 studio
718 3163 897 3249 impressae.
944 3164 1042 3228 Anno
1058 3164 1098 3228 ab

137 3249 382 3317 ‘Incamatione
416 3250 550 3316 Domini
584 3246 950 3314 M.CCCC.XCV.III.
986 3248 1097 3312 Nonas

139 3336 361 3415 ‘Novembris
385 3337 567 3425 Imperaute
591 3335 798 3401 Sereniaeimo
815 3334 997 3419 Augustino
1019 3334 1098 3397 Bar-

140 3422 280 3501 ‘badico,
296 3422 504 3489 Venetiarum
519 3423 601 3487 duce
615 3420 817 3486 felicissimo!

54 3514 147 3574 1498.
171 3508 317 3575 Venetiis
338 3530 396 3598 per
414 3508 691 3574 Bartholomaeum
710 3506 752 3571 de
769 3505 867 3570 Zanis
885 3505 926 3569 de
942 3504 1096 3582 Portesio,

92 3597 128 3659 in
145 3596 243 3660 forma
256 3596 384 3661 maiore.

182 3682 357 3747 Recensuit
392 3682 475 3747 hanc
508 3681 681 3745 editionem
716 3676 878 3743 Maittaire
910 3678 946 3740 in
978 3676 1094 3740 Annol.

139 3766 277 3869 Typogr.
303 3782 378 3833 tom.
401 3766 426 3831 Ι.
448 3790 477 3855 p.
500 3772 573 3833 353.
595 3780 629 3831 et
652 3778 717 3828 tom
738 3763 797 3828 lv.
813 3786 845 3850 p.
864 3766 939 3827 662.
964 3761 1095 3839 addens,

139 3874 207 3917 etur
227 3876 294 3918 stne
316 3854 399 3918 notis
420 3854 581 3940 prodiisse.
629 3850 752 3915 Eadem
770 3861 912 3914 servatur
930 3848 965 3911 in
983 3848 1097 3912 biblio·

139 3940 229 4004 theca
249 3940 441 4017 l'raiectina,
461 3939 546 4004 unde
569 3934 721 4002 utendam
744 3935 862 4021 accepi,
882 3957 919 3999 ac
932 3932 1041 4010 didici,
1062 3934 1096 3997 in

139 4048 176 4125 aa
189 4027 340 4175 repgtitpls
354 4026 450 4089 fuisse
468 4023 615 4175 §effigiei
628 4021 881 4172 Anffmiii‘}
906 4019 1096 4170 ᾼάΡοῗὲοςιῃ

140 4134 204 4175 ems
228 4131 291 4175 ττι
335 4132 490 4175 aecascn
570 4130 678 4174 urvcr
729 4116 774 4171 :‘
816 4155 825 4171 .
873 4128 927 4170 rvu
977 4126 1096 4170 amm

141 4196 292 4262 ‘decades
314 4218 355 4262 ex
378 4196 499 4274 liciunt,
523 4194 668 4260 Venetiis
690 4214 749 4281 per
771 4190 1032 4257 Bartholomeum
1054 4191 1096 4256 de

142 4282 259 4347 ‘Zanis
283 4284 325 4349 de
349 4218 494 4348 Portesio
518 4302 641 4346 summa
665 4300 742 4343 cura
766 4292 799 4344 et
820 4277 967 4365 diligenti
990 4277 1096 4342 studio

100 4390 170 4435 vor..
187 4390 233 4435 rr.
910 4384 969 4449 ag
