2934 4800
344 219 384 277 82
725 207 837 273 ΤΙΤΙ
865 207 1001 273 LIVII

191 363 226 414 u.
238 362 267 414 c.
285 347 554 436 581.agemahanc
573 346 633 434 ipsi
648 345 807 432 legionem
821 345 983 411 vocabant
1028 344 1211 410 Praefectos
1232 341 1411 407 habehant

194 431 224 478 Ᾰ·
240 427 269 477 ⁰·
288 437 552 502 ¹7¹·Leonnatum
566 446 599 497 et
613 432 749 519 Thrasip
793 455 825 495 m
845 431 1018 520 Eulyestas
1066 429 1264 496 Ceterorum
1283 442 1411 493 caetra·

349 537 464 598 torum,
480 521 575 585 trium
588 520 685 585 ferme
701 455 834 584 midium
849 519 1024 595 homiuum,
1038 517 1105 582 dux
1121 531 1189 582 erat
1204 515 1413 602 Antiphilus

351 609 535 674 Edessaeus
582 606 732 683 Paeones,
749 618 835 670 etex
849 605 986 670 Parorea
999 618 1033 669 et
1050 604 1306 692 Parstrymonia
1321 601 1429 685 (strate

351 708 457 761 autera
483 717 520 758 ea
544 693 614 758 loca
636 693 778 757 subiecta
802 690 972 775 Pbraciae)
993 705 1027 756 et
1052 691 1221 778 Agrianes,
1247 688 1415 754 admixtis

352 783 446 848 etiam
461 780 637 845 Thracibus
651 778 772 857 incolis,
787 778 883 843 m'um
897 778 1031 842 millium
1046 778 1144 860 ferme
1159 790 1194 842 et
1207 778 1278 863 ipsi
1296 773 1430 861 exples

351 879 465 933 rerunt
490 888 667 931 numerum.
713 865 899 929 Armaverat
927 877 1188 950 contraxeratque
1211 885 1277 928 eos
1306 861 1416 926 Didas
1460 896 1461 906 κ

354 954 471 1032 Paeon,
487 954 542 1040 qui
557 952 788 1017 adolescentem
805 950 1006 1016 Demetrium
1020 950 1186 1015 occiderat
1237 949 1289 1014 Et
1306 969 1415 1012 arma·

352 1055 456 1106 torum
476 1040 540 1104 duo
560 1037 657 1102 millia
673 1037 837 1102 Gallorum
857 1051 956 1114 eraut,
998 1036 1133 1102 raefccto
1153 1034 1413 1122 Asclepiodoto

353 1127 408 1192 Ab
424 1125 578 1191 Heraclea
592 1147 633 1188 ex
649 1123 747 1188 Sintis
762 1125 821 1189 tria
830 1123 928 1188 millia
995 1145 1102 1188 recum
1117 1123 1303 1188 liberorum
1316 1143 1415 1185 suum

353 1214 467 1278 ducem
492 1212 658 1276 habebant
705 1210 907 1275 Cretensium
932 1232 989 1297 par
1013 1232 1115 1297 paene
1140 1231 1307 1273 numerus
1341 1227 1416 1271 suos

353 1301 450 1365 duces
464 1322 496 1363 se
521 1299 668 1364 uebatur:
695 1296 810 1374 Susum
829 1294 1076 1361 Phalasarneum
1092 1309 1126 1360 et
1147 1295 1277 1383 Syllum
1300 1294 1415 1359 Gnos-

353 1388 443 1452 sium
489 1323 532 1450 lit
543 1384 701 1449 Leonides
716 1383 986 1448 Lacedaemonius
997 1383 1179 1470 quingentis
1193 1404 1238 1446 ex
1252 1380 1413 1455 Graecia,

353 1471 454 1538 mixto
468 1472 576 1560 generi
591 1471 767 1546 hominum,
782 1483 933 1557 praeerat.
980 1469 1076 1556 Regii
1090 1470 1117 1532 is
1133 1468 1265 1556 generm
1279 1467 1414 1532 fereba-

353 1574 423 1636 tur;
443 1557 545 1634 exsul,
561 1556 726 1622 damnatus
740 1557 899 1643 frequenti
916 1555 1051 1621 concilio
1067 1556 1286 1632 Achaeorum,
1308 1553 1413 1617 literis

354 1647 395 1710 ad
416 1645 531 1710 Persea
550 1642 721 1730 deprensis.
767 1641 954 1707 Aetolorum
974 1655 1008 1707 et
1027 1641 1232 1718 Boeotorum,
1256 1642 1325 1727 qui
1347 1661 1412 1704 nou

355 1731 525 1817 explebant
538 1729 608 1817 plus
622 1751 718 1816 quam
729 1728 974 1815 quingentorum
986 1751 1096 1792 omnes
1109 1749 1298 1803 numerum,
1318 1727 1413 1814 Lyoo

355 1815 504 1881 Achaeus
530 1815 704 1901 praefectus
726 1827 801 1878 erat.
848 1813 899 1878 Ex
920 1815 969 1878 his
991 1815 1098 1879 mixtis
1122 1828 1171 1878 tot
1194 1813 1410 1901 populorum,

355 1914 403 1966 tot
416 1901 559 1988 gentium
573 1899 706 1977 auxiliis,
719 1899 887 1965 duodecim
901 1900 1000 1965 millia
1013 1913 1205 1965 armatorum
1220 1899 1333 1964 ferme
1345 1899 1412 1964 effi·

355 1989 527 2052 ciebantur.
573 1985 726 2072 Equitum
749 2009 790 2051 ex
810 2000 878 2050 tota
902 1986 1094 2052 Macedonia
1115 2000 1330 2051 contraxerat
1354 1986 1411 2050 tria

355 2073 461 2140 millia.
506 2072 646 2137 Venerat
666 2072 779 2138 eodem
803 2071 913 2160 Cotys,
937 2072 1075 2138 Seuthae
1097 2073 1190 2151 filius,
1214 2095 1276 2136 rex
1298 2073 1412 2160 gentis

356 2159 561 2248 Odrysarum,
576 2181 650 2223 cum
668 2157 754 2223 mille
774 2159 904 2224 delectis
923 2160 1091 2247 equitibus,
1107 2161 1176 2248 pari
1189 2160 1293 2224 ferruc
1315 2159 1412 2246 pedi·

296 2269 301 2280 ’
356 2259 425 2310 tum
444 2267 584 2310 numero.
629 2243 680 2309 Ita
699 2267 821 2309 summa
841 2246 936 2310 totius
954 2247 1112 2311 exercitus
1132 2247 1266 2346 triginta
1286 2267 1410 2310 uorem

356 2331 453 2396 millia
471 2332 615 2419 peditum
635 2344 734 2409 eraut,
748 2344 900 2418 quattuor
918 2333 1071 2420 equitum.
1119 2333 1202 2398 Satis
1223 2334 1409 2407 constabat,

355 2420 530 2484 secuudum
555 2440 629 2483 eum
654 2419 838 2496 exercitum,
865 2442 960 2505 quem
988 2418 1026 2483 M
1089 2442 1126 2484 us
1150 2420 1352 2484 Alexander
1378 2422 1428 2485 ius

357 2506 467 2570 Asiam
490 2505 620 2583 traiecit,
642 2526 807 2592 nunquam
828 2504 923 2568 ullius
945 2504 1038 2569 Mace
1062 2528 1161 2571 onum
1186 2507 1274 2592 regis
1295 2508 1410 2593 copias

290 2636 298 2654 .
357 2605 458 2657 tantas
472 2592 575 2657 firisse.
622 2590 738 2656 Sextus
752 2604 785 2655 et
797 2590 963 2655 vicesimus
982 2613 1084 2655 annus
1098 2593 1262 2679 agebatur,
1279 2614 1326 2656 ex
1343 2614 1409 2679 quo

397 2680 478 2743 te'nti
492 2678 641 2765 Philippo
653 2678 727 2741 data
739 2699 802 2763 pax
813 2689 889 2741 erat
934 2676 997 2741 Per
1007 2677 1041 2741 id
1050 2700 1144 2742 omne
1155 2692 1285 2765 tempus
1295 2679 1411 2766 quieta

356 2701 547 2828 iiacedonia
557 2778 590 2828 et
605 2763 787 2850 progeniem
799 2762 949 2838 ediderat,
959 2764 1049 2827 cuius
1061 2786 1176 2851 magna
1189 2788 1265 2852 pars
1280 2779 1411 2829 matura

355 2848 485 2913 militiae
508 2861 598 2925 esset,
617 2862 650 2913 et
671 2849 791 2913 levibus
812 2847 902 2913 bellis
924 2849 1084 2914 Thracum
1106 2851 1301 2928 accolarum,
1321 2874 1408 2939 quac

355 2949 540 2999 exercerent
555 2935 660 3021 magis,
676 2956 773 3021 quarn
786 2933 961 3021 fatigarent,
975 2937 1035 3000 sub
1049 2937 1175 3001 assidua
1194 2952 1308 3002 tamen
1322 2938 1410 3001 mili·

356 3021 401 3085 tia
421 3020 539 3085 fuerat:
571 3035 604 3084 et
625 3020 681 3083 diu
702 3020 887 3084 meditatum
914 3020 1064 3108 Philippo
1085 3023 1201 3109 primo,
1223 3023 1352 3087 deinde
1379 3038 1410 3087 et

356 3106 456 3183 Persi,
482 3106 663 3171 Romanurn
691 3104 819 3183 bellum,
845 3107 951 3170 omnia
979 3122 1016 3172 ut
1044 3108 1198 3173 instructa
1227 3123 1409 3197 parataque

357 3207 471 3269 essent,
484 3192 637 3256 effecerat
684 3189 776 3255 Mota
788 3214 957 3277 parumper
966 3194 1058 3271 acies,
1070 3195 1152 3282 (nou
1166 3197 1254 3261 iusto
1265 3197 1408 3261 decursu

352 3276 479 3364 tamen)
490 3301 535 3343 ne
545 3278 665 3342 stetisse
677 3288 801 3340 tautum
812 3278 846 3339 iu
861 3279 954 3342 armis
964 3279 1162 3345 viderentur:
1186 3298 1427 3371 armatosqrre,5

389 3458 462 3506 aEs
471 3455 593 3519 Parma]
617 3454 859 3518 Regionemoutibus
890 3471 1019 3505 numerum
1049 3459 1091 3519 qui
1122 3459 1264 3508 maximum
1300 3462 1409 3518 edidere,

357 3521 500 3583 propinqua
521 3520 551 3569 cf.
563 3536 627 3583 supr.
638 3519 722 3571 xxxix.
736 3530 773 3581 27.
890 3522 989 3569 tradunt
1015 3522 1089 3570 fuisse
1116 3528 1234 3584 quattuor
1259 3530 1286 3573 et
1308 3527 1410 3589 trigiam

390 3582 861 3645 3Ttracttaatacotu1Thracibusqui
893 3584 972 3631 millia
994 3586 1113 3647 pediturn,
1140 3588 1255 3648 equitum
1282 3598 1410 3650 quattuor,

347 3648 650 3711 ⁴inAgn'unumregionem
659 3645 860 3705 hanuemutibi-
893 3647 981 3697 lustin.
992 3650 1025 3697 xi.
1036 3648 1059 3697 6.
1070 3648 1170 3711 triginta
1183 3651 1234 3699 duo
1250 3652 1277 3699 ei
1294 3654 1409 3715 peditum

358 3710 566 3772 quehahitabant.
583 3712 663 3761 Gur.
891 3710 970 3759 millia
979 3712 1072 3771 tribuit,
1080 3715 1409 3779 quattuormilliaetquiu·

391 3791 406 3833 4
421 3775 557 3823 Secundum
573 3792 628 3824 eam
640 3774 780 3831 exercitum,
790 3789 859 3837 qaum
891 3780 976 3835 gentos
989 3775 1098 3837 equitem
1115 3790 1190 3838 quam
1206 3781 1363 3829 senteutiam
1377 3782 1409 3828 ri·

357 3838 469 3896 Mauram
479 3840 631 3898 Alexander]
651 3839 691 3886 Ita
701 3837 809 3898 loquitur
820 3836 859 3884 Li·
891 3837 962 3885 detur
980 3839 1032 3900 ipse
1050 3845 1148 3889 secutus
1163 3857 1218 3890 esse
1235 3843 1329 3893 Livius
1344 3861 1409 3907 supr.

357 3900 420 3957 rius,
432 3900 499 3960 quasi
518 3902 651 3949 Alexandri
667 3901 788 3949 exercitus
803 3900 860 3947 Per·
891 3899 924 3948 ix.
941 3915 977 3975 19.
1000 3904 1030 3951 cf.
1042 3903 1195 3953 Freinshem.
1212 3906 1308 3970 suppl.
1324 3912 1360 3958 ad
1377 3912 1407 3966 Q.

357 3962 394 4011 aei
409 3962 490 4024 copias
500 3965 539 4011 vel
553 3970 687 4025 superasset
701 3978 811 4021 numero,
821 3964 860 4011 vel
892 3964 1004 4013 Curtrum
1015 3966 1040 4014 ii.
1053 3980 1075 4028 3.
1092 3968 1174 4017 Cnuv.

359 4031 425 4074 carte
442 4032 574 4088 aequasset.
607 4027 710 4076 Constat
728 4032 812 4075 tamen
829 4042 861 4075 ex
925 4032 1098 4088 5Neatetr'are
1110 4035 1221 4092 tamum]
1249 4036 1365 4086 Tantum
1378 4054 1408 4086 aa

359 4088 501 4149 scriptorum
518 4088 626 4148 omnium
643 4104 769 4149 consensu,
780 4089 861 4152 ipsum
892 4094 982 4142 stetisse
1001 4094 1114 4142 Muretus
1134 4096 1272 4157 legendum
1294 4102 1360 4159 ruit,
1377 4118 1407 4148 sa.

358 4152 430 4199 illurn
441 4154 572 4201 exercitum
585 4153 648 4201 orbis
658 4154 801 4201 domitorem
817 4154 861 4201 mi·
892 4153 918 4202 id
936 4161 1031 4203 tantum
1050 4158 1148 4205 edidere
1166 4167 1262 4220 motus,
1280 4167 1352 4225 quod
1370 4182 1406 4212 ne

315 4275 316 4279 Ἰ
358 4230 405 4263 nus
414 4216 523 4265 ,militum
538 4217 658 4273 habmsse,
666 4232 739 4279 quam
751 4223 810 4278 quot
825 4232 860 4265 se-
892 4234 958 4266 cesse
976 4225 1036 4278 erat,
1051 4227 1148 4269 utnon
1165 4224 1266 4274 stetisse
1287 4229 1315 4275 in
1337 4231 1407 4279 armis

358 4292 415 4327 cum
443 4278 545 4329 Perseus
571 4281 681 4329 ducebat.
728 4281 860 4329 Plutarcho
892 4282 990 4330 omnino
1001 4283 1076 4345 quieti
1089 4284 1237 4337 riderentur,

359 4347 457 4392 auctore
473 4344 498 4393 in
515 4346 663 4403 Alexandro,
674 4344 798 4405 copiarum
808 4344 861 4393 eius
