2934 4800
360 216 462 282 LlB.
486 215 594 281 XLV.
627 214 740 281 cAP.
765 222 816 280 21.
1069 219 1129 282 193

72 343 178 410 Inter
202 347 339 415 multas
362 351 465 416 Asiae
486 350 704 439 Graeciaeque
726 351 901 439 legationes
924 350 1125 416 Rhodiorum
1136 367 1171 418 U.
1183 369 1213 418 c,
1229 367 1285 431 585·

41 432 182 498 naxime
206 433 322 522 legati
338 439 509 504 civitatem
522 450 756 503 converterunt.
802 435 890 502 Nam
904 459 1005 524 quum
1019 438 1123 525 primo
1133 433 1217 544 ᾗῇ·
1231 431 1283 492 ¹⁶⁷·

39 538 63 580 u
77 531 177 583 veste
201 522 370 589 candida
387 525 445 589 risi
466 538 582 604 essent,
597 525 686 612 quod
706 538 741 591 et
761 524 956 612 gratulantes
977 525 1120 602 decebat,
1129 512 1278 623 ,unfllgssg

36 616 70 679 rt,
86 605 116 668 si
131 606 325 674 sordidam
341 624 468 676 vestem
486 611 681 689 habuissent,
696 611 875 698 lugentium
890 611 999 675 Persei
1014 633 1122 676 casum

36 691 193 773 ›raebere
210 696 381 782 speciem
395 710 560 784 poterant3
582 711 752 785 postquam
765 696 902 762 consulti
915 697 956 762 ab
967 696 1016 762 M.
1027 696 1122 762 Iunio

32 777 168 844 nosne
178 778 328 861 Patres,
338 785 501 849 stantibus
514 785 548 848 in
560 785 688 849 comitio
698 784 820 872 legatis,
833 807 874 848 an
888 783 1003 861 locum,
1012 783 1121 863 lautia,

31 878 265 954 senatumque
283 869 423 948 darent,
438 870 563 935 nullum
577 870 732 957 hospitale
752 871 802 935 ius
819 871 854 934 in
874 870 912 934 iis
931 871 1121 935 servandum

29 967 265 1030 censuerunt3
294 979 451 1044 egremns
472 979 490 1022 e
513 957 602 1022 curia
615 956 736 1033 consul,
751 979 851 1043 quum
868 956 999 1034 Rhodii,
1014 970 1200 1044 gratu-Mal,
1210 997 1252 1030 ex-

29 1031 133 1100 latum
150 1061 191 1103 ae
208 1039 260 1106 de
272 1043 421 1108 victoria
434 1055 668 1130 purgatamque
683 1043 818 1108 civitatis
832 1043 965 1108 cumina
978 1043 1205 1110 dicentescerti·
1260 1075 1272 1084 ·

29 1122 174 1202 venisse,
188 1128 384 1213 petissent,
396 1143 434 1195 ut
447 1142 575 1194 senatus
589 1129 650 1194 sibi
662 1129 800 1206 daretur,
815 1129 1018 1218 pronuntiata
1043 1130 1122 1196 ‘So-

29 1209 113 1272 ‘ciis
128 1225 168 1275 et
183 1215 320 1280 amicis
339 1216 455 1280 atalia
474 1215 608 1281 comiter
626 1230 722 1304 atque
745 1216 943 1302 hospitaliter
964 1231 1122 1303 praestare

30 1293 253 1377 ‘Romanos‚
279 1315 325 1366 et
346 1316 493 1367 senatum
514 1302 590 1367 dare
611 1325 796 1368 consueme:
822 1301 968 1367 Rhodios
990 1324 1056 1366 non
1077 1303 1123 1367 ita

32 1383 201 1450 ‘meritos
222 1409 273 1452 eo
294 1388 399 1466 bello,
417 1401 454 1453 ut
470 1389 644 1454 amicorum
666 1389 886 1475 sociorumque
910 1410 1044 1453 numero
1065 1389 1122 1453 ha-

32 1466 163 1534 ‘bendi
188 1473 292 1538 sint!
343 1473 406 1539 His
427 1474 553 1554 auditis,
573 1487 812 1563 prostraverunt
833 1497 866 1539 se
889 1496 1000 1539 omnes
1021 1474 1121 1553 humi,

33 1555 297 1647 consulemque
327 1574 362 1627 et
386 1575 528 1639 cunctos,
554 1562 611 1649 qui
639 1560 782 1638 aderant,
810 1573 945 1638 orantes,
973 1583 1014 1625 ne
1040 1583 1123 1626 nova

33 1637 189 1729 falsaque
215 1647 370 1712 crimina
393 1647 466 1734 plus
489 1649 600 1713 obesse
623 1646 761 1713 Rhodiis
779 1657 922 1734 'aequum
945 1659 1120 1724 censerent,

38 1745 143 1810 quam
166 1733 326 1820 antiqua
343 1735 466 1812 merita,
481 1756 617 1821 quorum
637 1734 698 1822 ipsi
715 1743 813 1798 'testes
830 1747 944 1798 essent
990 1733 1123 1799 Extem-

39 1810 106 1896 Pl⁰2
124 1831 226 1882 veste
250 1820 390 1885 sordida
407 1833 543 1907 sumpta,
558 1821 671 1886 domos
684 1821 867 1908 principum
882 1843 956 1885 cum
974 1822 1121 1908 precibus

41 1917 80 1961 ac
110 1899 271 1970 lacrimis
304 1907 523 1984 circumibant,
547 1921 684 1984 orantes,
713 1918 751 1971 ut
778 1907 866 1994 prius
895 1920 1121 1993 cognoscerent

43 2005 193 2066 causam,
211 2014 323 2078 quam
336 1994 597 2058 condemnarent
641 1993 698 2058 Μ’.
711 1991 876 2058 Iuventius
890 1993 1016 2057 Thalna
1029 2015 1121 2081 prae-
1178 2012 1229 2071 21,

43 2081 106 2147 tor,
123 2075 228 2141 euius
252 2080 345 2144 inter
364 2081 449 2145 cives
470 2092 504 2145 et
523 2079 708 2167 peregrinos
727 2078 902 2144 iurisdictio
921 2091 997 2156 erat,
1019 2102 1121 2166 popu-

48 2153 119 2221 lum
142 2161 311 2230 adversus
334 2165 478 2231 Rhodios
501 2166 671 2232 incitabatz
695 2167 956 2253 rogationemque
979 2165 1241 2256 promul-Thalnae

48 2261 198 2396 {533ss
210 2258 229 2350 ξ
240 2251 295 2317 Ut
311 2251 450 2405 Rhodipls
467 2252 588 2318 bellum
609 2252 877 2405 iqdffmprgrllet
897 2274 938 2316 ex
957 2253 1120 2403 magipgpg
1128 2251 1221 2358 yffi

186 2358 224 2401 er
1206 2374 1211 2384 ·

54 2361 433 2503 ‘mitteretllrsnfdenlrum
441 2351 748 2513 l{berelliisqliuitururrl
769 2360 999 2491 esseaumflhldn
1003 2363 1120 2489 addoni
1129 2374 1247 2425 Rhodos

56 2498 107 2566 M·
120 2508 300 2577 Antonius
316 2526 350 2577 et
366 2512 415 2577 M.
428 2512 625 2599 Pomponius
647 2512 767 2577 tribuni
789 2511 891 2598 plebis
912 2510 1121 2575 adversaban-

59 2599 120 2653 tur.
171 2594 244 2662 Sed
262 2611 296 2663 et
308 2612 435 2686 praetor
455 2621 539 2664 novo
552 2598 701 2685 maloque
716 2597 865 2684 exemplo
880 2617 948 2660 rem
963 2596 1121 2682 ingressus

59 2688 139 2772 etat,
154 2685 264 2767 quod,
280 2698 353 2750 ante
376 2708 443 2749 nou
464 2684 609 2751 consulto
630 2696 754 2760 senatu,
770 2704 836 2747 non
854 2681 1037 2747 consulibus
1053 2705 1122 2747 cer-

63 2764 200 2833 tioribus
227 2771 330 2848 factis,
352 2772 395 2836 de
417 2794 476 2836 sua
495 2771 592 2836 unius
611 2770 771 2836 sententia
792 2768 989 2857 rogationem
1014 2768 1120 2847 ferret,

64 2846 235 2936 ‘Vellent
251 2857 450 2935 iuberentne,
466 2856 603 2922 Rhodiis
617 2856 737 2922 bellum
755 2855 891 2921 indicil'
912 2879 1011 2944 quum
1027 2868 1123 2921 antea

45 2940 195 3024 8semper
216 2944 308 3031 prius
328 2958 457 3009 senatus
478 2944 519 3009 de
541 2942 626 3009 bello
644 2941 807 3008 consultus
824 2954 916 3022 esset,
939 2942 1057 3008 deinde
1080 2964 1121 3009 ex

71 3144 102 3177 ex
111 3132 223 3204 Polybio
234 3156 298 3202 quae
310 3140 403 3199 Livius,
413 3156 490 3203 quum
501 3145 583 3189 cetera
613 3140 688 3188 modo
696 3141 728 3188 de
737 3154 767 3188 ea
777 3140 885 3201 loquitur
893 3140 1003 3190 Graecus
1011 3140 1121 3202 scriptor,

71 3208 102 3241 0¹
122 3214 153 3248 ω
174 3204 333 3265 exscriberet,
350 3205 442 3264 omisit,
459 3220 502 3253 seu
523 3204 583 3267 quia
614 3203 726 3265 quemvis
737 3204 924 3253 remclarenon
935 3205 1121 3267 explicabatur

71 3257 132 3309 ΜΕ
149 3271 264 3329 putabat,
274 3284 318 3317 seu
330 3268 389 3331 quia
403 3268 523 3317 Romanis
538 3284 581 3330 pa·
613 3266 705 3315 indicat
721 3282 753 3316 ee
769 3268 886 3317 mandata
903 3268 989 3330 legatis
1005 3270 1072 3327 data,
1089 3284 1120 3316 ex

74 3335 126 3393 {1¹¹³
137 3328 237 3391 deeora,
247 3332 352 3381 nimium
366 3332 496 3395 indulgens
507 3348 581 3380 saeco
613 3331 703 3392 quihus
726 3331 808 3393 potins
835 3330 1037 3381 confirmarentur
1060 3332 1120 3380 Gal-

74 3398 99 3433 ¹¹¹
123 3394 230 3451 postiam
255 3396 343 3455 amori,
363 3396 444 3445 noluit
467 3396 582 3445 historiae
614 3395 694 3442 lorum
710 3395 786 3444 animi
803 3397 836 3444 ad
855 3395 957 3453 bellurn,
974 3410 1049 3457 quam
1070 3395 1121 3441 Eu-

74 3456 255 3509 anserere.
288 3459 442 3521 Traditergo
454 3458 581 3522 Polybius,
613 3457 715 3507 muniet
727 3460 812 3508 Attalo
824 3458 1017 3507 conciliarentur.
1049 3458 1120 3505 Idem

77 3512 146 3577 leffi-
154 3535 194 3585 93.
206 3524 305 3573 Aenum
313 3529 338 3572 et
347 3524 490 3573 Maroneam
501 3523 581 3587 primo
613 3522 729 3584 suspicari
739 3536 868 3584 possumus
877 3537 908 3569 ex
920 3522 973 3583 ipso
984 3520 1055 3569 Livio
1066 3520 1120 3571 inlr.

78 3590 201 3636 wfloenas
221 3603 274 3637 esse
295 3588 390 3648 Attalo,
411 3593 437 3636 et
458 3589 580 3637 decretam
613 3598 653 3646 34
669 3586 750 3635 esav.

77 3640 222 3705 lentiorem
245 3653 278 3701 an
300 3651 397 3709 curae
417 3658 443 3700 er
467 3652 580 3701 omnibus
646 3646 864 3711 qsoamaqm]
896 3649 1019 3697 sosoma
1048 3650 1120 3711 vargo

77 3703 207 3764 bononhns
219 3715 408 3778 muneribusque
421 3731 478 3764 eum
488 3715 579 3777 magni-
612 3712 709 3775 legitur,
727 3728 772 3774 pro
790 3727 840 3774 quo
858 3714 1006 3761 sociorumve
1024 3714 1121 3775 reponit

80 3768 124 3820 fiet
136 3779 230 3828 cultum
245 3794 306 3839 esse,
316 3778 375 3843 quia
389 3781 520 3841 sperabant
532 3780 580 3827 Pa·
613 3776 759 3826 Gronovius.

80 3838 126 3884 ires
141 3840 231 3892 iterun
248 3843 321 3893 illum
339 3843 463 3892 aditurum
479 3843 512 3892 ad
530 3858 581 3903 eos,
644 3842 660 3890 8
676 3842 719 3889 Es
746 3842 890 3889 audofltats
910 3842 1030 3902 Petram]
1065 3842 1121 3891 Has

82 3906 305 3971 mistumque
322 3914 352 3955 ut
369 3922 471 3971 regnum
489 3906 581 3957 Eume-
613 3919 685 3954 voces
705 3902 802 3953 addidit
821 3903 984 3967 Kreyssigius‚
1000 3913 1120 3969 sequente

83 3970 374 4021 maecumdividerenn.
392 3972 467 4028 Quae
476 3970 582 4034 ubispes
614 3968 737 4018 Belskero.
770 3966 817 4017 Sed
834 3984 899 4032 supr.
917 3968 948 4017 vi.
966 3984 1004 4017 ar.
1021 3970 1120 4031 quando

83 4032 298 4103 murman
311 4041 366 4084 tum
376 4051 434 4085 vero
444 4051 495 4095 eos,
505 4049 582 4098 quum
615 4034 710 4090 Patres,
726 4036 754 4078 ut
772 4032 804 4080 ad
825 4034 947 4095 populum
965 4033 1068 4082 tenetur
1089 4034 1121 4082 de

85 4096 212 4147 mannum
223 4104 287 4148 esset
303 4098 329 4147 in
345 4099 421 4148 ltalia
431 4100 540 4159 Attalus,
553 4098 582 4147 li-
614 4097 680 4145 bello
699 4095 833 4145 Veliternis
853 4096 993 4155 indicendo,
1009 4096 1121 4147 decrera-

85 4153 148 4208 bem
163 4178 214 4213 esse
229 4163 326 4213 iussise
342 4164 441 4212 henum
459 4169 485 4211 et
501 4164 583 4212 Maro
615 4166 681 4219 runt,
688 4158 771 4207 scnhit
781 4166 863 4208 noster
873 4162 950 4209 lotam
961 4162 995 4209 od
1001 4164 1121 4225 papulum

85 4232 150 4334 mm
161 4228 245 4340 qu&
262 4227 428 4340 plromitspiouis
442 4227 523 4276 factm
539 4228 583 4299 At·
615 4224 697 4336 {1³12qu
709 4222 808 4289 omissis·
816 4224 915 4273 vocibus
931 4240 961 4273 er
975 4228 1121 4276 arrcwritato

147 4306 161 4337 ο
296 4307 337 4340 rae
362 4307 406 4340 rea
421 4306 514 4340 mione
530 4305 583 4351 qur·
668 4304 731 4337 rans.

90 4346 437 4417 deulegationemndGalloa
465 4355 583 4416 Sedquo-

127 4434 196 4481 VOL.
213 4438 257 4483 IV.
928 4439 949 4477 0
