2934 4800
34 4425 36 4486 l

345 226 555 294 LIBROR.
590 226 816 293 DEPERI).
1041 232 1103 296 257

532 616 623 682 0111.

69 790 289 857 CATILINA
303 814 323 858 a
338 790 378 858 C.
389 792 534 857 Antonio
544 790 732 879 proconsule
747 813 822 856 cum
836 794 978 857 exercitu
992 814 1102 857 caesus

67 890 112 941 est.
153 876 190 943 P.
205 876 342 943 Clodius
361 890 534 955 accusatus,
549 876 638 964 quod
657 878 691 941 in
711 877 823 942 habitu
843 877 990 943 muliebri
1003 878 1039 943 in
1053 902 1101 944 sa·

68 962 196 1042 crarium,
223 964 258 1027 in
287 962 375 1049 quod
404 964 507 1028 virum
536 963 652 1028 intrare
683 962 771 1028 nefas
799 980 857 1041 eat,
884 964 1038 1043 intrasset,
1067 978 1102 1031 et

68 1071 183 1113 uxorem
212 1049 348 1115 maximi
377 1049 537 1138 pontilicis
562 1058 744 1137 stuprasset,
769 1049 930 1115 absolutus
955 1064 1012 1117 est.
1060 1050 1100 1117 C.

67 1131 218 1201 Pontinius
240 1148 371 1238 praetor
388 1134 587 1223 Allobrogas,
606 1136 663 1285 ‹pui
684 1134 922 1213 rebellaverant,
945 1136 987 1201 ad
1011 1135 1102 1201 Solo-

69 1241 129 1285 nem
146 1221 280 1287 domuit.
328 1222 365 1287 P.
379 1220 512 1287 Clodius
535 1221 577 1287 ad
598 1221 727 1310 pebem
751 1221 882 1285 transiit.
929 1221 968 1287 C.
983 1221 1102 1287 Caesar

70 1303 220 1373 lusitanos
235 1308 382 1394 subegit:
398 1330 501 1395 eoque
517 1307 697 1373 consulatus
712 1306 893 1385 candidato,
905 1322 938 1373 et
952 1320 1100 1395 captante

70 1394 279 1479 rempublicam
311 1392 472 1471 invadere,
502 1392 693 1482 conspiratio
726 1393 811 1459 inter
843 1406 906 1457 tres
942 1392 1044 1481 princi

70 1477 184 1543 cirintis
208 1480 295 1545 facta
321 1492 379 1557 est,
408 1478 469 1544 Cn.
482 1477 682 1568 Pompeium,
708 1480 757 1545 M.
773 1478 935 1557 Crassum,
963 1478 1003 1545 C.
1018 1416 1101 1545 cpg

70 1584 160 1629 sarem
196 1566 305 1654 Leges
318 1565 458 1653 agrariae
473 1587 492 1630 a
508 1564 645 1631 Caesare
660 1564 789 1631 consule
804 1586 877 1629 cum
893 1587 1009 1653 magna
1023 1587 1100 1631 oon·

71 1650 203 1730 tentione,
218 1652 324 1717 invito
347 1666 469 1729 senatu,
488 1663 521 1716 et
541 1652 641 1717 altero
663 1649 793 1717 consule
813 1652 862 1718 M.
876 1649 1004 1731 Bibulo,
1019 1652 1101 1718 latae

72 1750 137 1801 sunt
179 1736 217 1803 C.
231 1737 399 1803 Antonius
419 1737 589 1825 proconsul
609 1738 644 1803 in
661 1736 801 1801 Thracia
818 1760 929 1825 parurn
950 1760 974 1827 p
1064 1761 1099 1804 re

72 1840 124 1885 rem
143 1824 243 1911 gessit.
293 1825 343 1890 Μ.
358 1822 484 1901 Cicero,
509 1822 579 1911 lege
606 1848 626 1889 a
647 1823 684 1888 P.
700 1821 818 1888 Clodio
845 1824 972 1890 tribuno
997 1826 1100 1913 pebis

73 1904 129 1985 lan,
143 1909 226 1997 quod
244 1910 450 1975 indemnatos
469 1910 553 1975 cives
573 1910 757 1987 necavisset,
773 1910 806 1973 in
824 1909 971 1975 exsilium
988 1912 1102 1977 missus

73 2004 116 2057 est
155 1994 282 2075 Caesar,
303 1996 341 2061 in
385 1996 557 2061 rovinciam
578 1994 716 2061 Galliam
736 1994 905 2083 profectus,
924 1994 1100 2075 Helvetios,

74 2082 1101 2236 tttfflnss‘ttts.⁰ttiz.tt?⁸’..tdtt.tuttttt“pt.¹t

75 2260 142 2315 terea
174 2254 268 2320 situm
300 2253 479 2319 Galliarum
515 2254 666 2320 continet
713 2254 887 2341 Pompeius
919 2254 960 2320 de
994 2255 1100 2321 liberis

77 2332 257 2421 Mithridatis,
274 2340 429 2428 Tigrane,
444 2352 478 2405 et
495 2340 644 2429 Tigranis
660 2338 737 2426 filio,
753 2340 980 2430 triumphavit:
1005 2341 1101 2430 Mag·

75 2441 176 2510 nusque
190 2439 290 2494 stota
305 2427 460 2494 concione
476 2427 688 2494 consalutatus
703 2441 759 2492 est

536 2843 623 2914 CIV.

79 3013 205 3088 PRIMA
227 3047 301 3112 pars
326 3021 398 3087 libri
421 3023 517 3087 situm
540 3021 731 3086 Germaniae
756 3043 922 3109 moresque
947 3027 1098 3094 continet

81 3099 109 3165 C.
121 3105 233 3188 Caesar,
256 3131 362 3198 quum
384 3107 532 3174 adversus
552 3107 740 3186 Germanos,
782 3107 815 3171 ui
837 3109 998 3178 Ariovisto
1018 3114 1099 3180 duce

79 3185 104 3249 in
117 3187 238 3261 Galliam
263 3193 535 3272 transcenderant,
555 3193 731 3260 exercitum
753 3130 893 3272 duceret,
912 3213 1039 3284 rogatus
1060 3201 1101 3265 ab

81 3271 178 3344 Aeduis
199 3295 231 3346 ct
256 3280 426 3368 Sequanis,
451 3301 586 3367 quorum
610 3301 684 3367 ager
708 3279 935 3367 possidebatur,
961 3285 1100 3372 trepida-

81 3357 174 3430 tionem
192 3368 342 3444 militum,
360 3379 489 3468 propter
510 3379 631 3432 metum
653 3387 806 3431 novorum
827 3366 967 3432 bostium
988 3384 1099 3449 ortam,

82 3441 242 3519 dornone
261 3467 423 3522 exercitus
442 3451 591 3531 inhibuit,
612 3465 645 3517 et
664 3452 763 3518 victos
783 3453 903 3539 proelio
922 3453 1100 3522 Germanos

83 3526 167 3601 Gallia
179 3540 310 3630 expulit.
358 3540 406 3606 M.
422 3538 547 3617 Cicero,
564 3539 719 3626 Pompeio
738 3540 822 3604 inter
841 3537 919 3604 alios
932 3554 1052 3618 orante,
1067 3557 1101 3607 et

82 3611 218 3690 lamio
243 3627 371 3694 Milone
399 3626 525 3691 tribuno
554 3624 654 3712 plebis
723 3640 808 3702 ente,
834 3625 958 3711 ingenti
982 3627 1100 3714 gaudio

83 3719 184 3774 tenann
197 3734 232 3777 ac
246 3713 347 3780 totius
361 3711 482 3789 Italiae,
495 3712 534 3776 ab
545 3709 688 3776 exsilior
730 3724 822 3777 nctus
836 3722 893 3774 est.
929 3709 1101 3779 Cn.Pom-

83 3787 715 3964 trttffittttltmtttttttt
729 3796 1102 3974 ”ibiibffbeffi

85 3963 201 4105 populos,
219 3993 357 4060 quorum
377 3933 490 4058 inge’ns
512 3969 684 4035 multitudo
708 3931 785 4045 ierat,
806 3968 926 4056 proelio
945 3972 1044 4037 victos
1066 3974 1101 4037 in

102 4047 251 4147 editionem
272 4058 414 4147 accepit:
439 4079 475 4122 ac
495 4056 612 4122 deinde
632 4067 743 4121 contra
758 4054 893 4120 Nervios
911 4056 1005 4122 unius
1024 4059 1101 4126 civi·

86 4141 142 4198 urs
165 4161 233 4206 cum
261 4167 377 4232 magno
406 4143 587 4208 discrimine
616 4141 778 4231 pugnavit,
809 4163 943 4229 eamque
972 4157 1101 4231 gentem

87 4212 199 4302 delevit3
222 4251 301 4316 quae
323 4229 443 4296 bellum
463 4230 568 4318 gessit,
586 4227 689 4294 donec
712 4251 754 4292 ex
777 4229 942 4328 sexaginta
962 4231 1101 4298 millibus

88 4321 249 4380 eruturum
270 4317 406 4382 trecenti
427 4329 643 4402 superessent:
668 4337 709 4379 ex
731 4329 889 4380 sexcentis
905 4319 1102 4382 senatoribus

121 4409 184 4460 Vol..
198 4419 241 4464 rv.
423 4433 428 4442 ·
913 4424 929 4464 s
