2934 4800
395 232 625 323 mann.
653 259 764 325 car.
790 265 840 331 37.
1094 256 1136 330 ss

74 393 254 458 censuisset.
302 391 342 458 P.
358 393 488 459 Licinio
506 395 628 460 consuli
646 395 687 460 ad
702 397 878 462 exercitum
893 397 1018 463 civilem
1033 399 1133 463 socia·
1143 415 1178 468 U.
1189 417 1219 467 e.
1234 419 1290 480 εει.

74 477 197 567 lemque
220 480 350 568 petenti
375 481 485 546 addita
506 481 633 558 auxilia,
657 481 813 570 Ligurum
835 484 901 549 duo
923 484 1030 562 millia,
1051 481 1289 550 crahc-1⁷1·

50 581 174 630 stenses
189 567 361 653 sagittarii,
379 569 533 653 (incertus
547 590 708 647 numerus,
724 583 879 657 quantum
898 572 999 658 rogati
1013 571 1132 637 auxilia

74 650 242 718 Cretenses
262 654 446 730 misissent)
467 653 628 720 Numidae
650 656 727 722 item
748 657 871 743 equites
892 656 1128 760 elephantique.

72 737 109 802 In
120 762 189 803 eam
204 763 274 804 rem
287 740 392 828 legati
407 741 448 806 ad
464 739 663 806 Masinissam
678 741 1020 831 Carthaginiensesque
1032 746 1128 824 missi,
1163 793 1172 808 .

72 825 107 889 L.
123 825 312 892 Postumius
338 827 489 905 Albinus,
515 827 556 904 Q,
574 828 745 895 Terentius
769 828 894 907 Culleo,
919 829 958 896 C.
976 832 1126 896 Aburius.

71 909 109 974 In
125 911 258 978 Cretam
278 914 364 978 item
380 915 499 1002 legatos
514 928 577 980 tres
592 915 636 980 ire
651 916 781 1003 placuit,
797 919 839 981 A.
851 917 1052 982 Postumium
1069 919 1128 982 Al-

70 997 189 1076 binum,
206 999 247 1064 C.
259 999 464 1079 Decimium,
481 1001 522 1066 Α
534 1001 696 1067 Licinium
713 1003 864 1070 Nervam.

111 1084 174 1149 Per
186 1087 277 1152 idem
300 1103 432 1176 tempus
447 1089 543 1176 legati
562 1090 601 1154 ab
621 1111 695 1191 rege
716 1091 835 1156 Perseo
848 1103 1013 1157 venerunt.
1060 1091 1126 1162 Eos
1183 1101 1234 1161 36.
1319 1105 1322 1109 ’

48 1170 103 1238 9in
117 1173 273 1259 oppidum
290 1175 467 1240 intromitti
487 1198 552 1239 non
569 1173 697 1263 placuit,
713 1200 815 1264 quum
836 1177 900 1242 iam
920 1178 1039 1243 bellum
1058 1178 1126 1266 regi

70 1279 177 1324 eorum
191 1272 226 1325 et
241 1258 484 1328 Macedonibus
498 1274 531 1326 et
544 1279 671 1327 senatus
684 1263 852 1340 decresset,
864 1276 898 1328 et
911 1263 1048 1351 populus
1062 1265 1127 1329 ius·

71 1343 164 1410 sisset
210 1345 253 1411 In
268 1349 389 1413 aedem
406 1347 558 1414 Bellonae
572 1348 607 1413 in
621 1364 767 1414 senatum
783 1348 955 1414 introducti
972 1351 1018 1414 ita
1031 1351 1249 1428 verberate.

72 1429 227 1498 fecerunt:
255 1435 398 1500 ‘Mirari
417 1434 534 1500 Persea
547 1458 665 1523 regem,
682 1436 762 1522 quid
776 1437 810 1500 in
830 1434 1054 1500 Macedoniam
1071 1429 1233 1501 ιιι-ΡΝ·

75 1519 205 1584 ‘arcitus
225 1522 437 1610 transportati
451 1532 564 1586 essent.
613 1520 648 1586 Si
667 1522 829 1622 impetrari
845 1544 864 1585 a
883 1535 995 1586 senatu
1009 1537 1126 1610 posset,

78 1609 131 1667 ‘ut
149 1603 171 1668 ii
190 1623 397 1686 revocentur,
421 1629 527 1694 regern
549 1608 591 1673 de
614 1608 745 1685 iniuri1s,
767 1609 793 1674 si
815 1631 893 1695 quas
915 1609 1008 1673 sociis
1029 1608 1126 1676 factas

79 1695 313 1774 ‘quererentur,
341 1695 493 1760 arbitratu
522 1707 649 1760 senatus
677 1695 908 1760 satisfacturum
938 1696 1026 1760 esse.'
1071 1695 1124 1784 Sp.

81 1771 238 1858 Carvilius,
255 1782 301 1847 ad
321 1804 394 1846 eam
412 1782 513 1869 ipsam
533 1803 601 1846 rem
622 1805 663 1846 ex
680 1781 816 1847 Graecia
836 1783 983 1848 remissus
1003 1782 1043 1847 ah
1060 1781 1124 1849 Cn.

79 1859 199 1942 Sicinio,
209 1868 246 1939 in
256 1883 375 1934 senatu
388 1882 463 1932 erat
502 1867 535 1932 Is
549 1867 774 1933 Perrhaebiam
790 1882 1004 1956 expugnatam
1019 1870 1123 1948 armis,

78 1945 253 2019 Thessaliae
269 1955 396 2042 aliquot
409 1954 504 2020 urbes
519 1970 634 2042 captas,
646 1967 760 2033 cetera,
777 1979 858 2043 quae
870 1967 925 2020 aut
940 1970 1056 2041 ageret,
1069 1970 1125 2022 aut

77 2052 194 2180 gereret
212 2063 283 2119 rex,
302 2065 403 2129 quum
423 2055 577 2128 argueret,
593 2041 784 2128 respondere
804 2042 845 2107 ad
865 2066 903 2107 ea
921 2042 1021 2130 legati
1038 2043 1122 2108 iussi.

105 2135 245 2212 ostquam
266 2130 477 2206 haesitabant,
494 2143 646 2214 negantes
664 2129 723 2193 sibi
745 2127 828 2193 ultra
845 2129 1016 2215 quicquam
1034 2151 1124 2194 man·

78 2204 181 2274 datum
200 2237 280 2294 esse,
304 2215 380 2280 iussi
399 2216 581 2280 renuntiare
601 2215 678 2303 regi,
695 2214 889 2280 ‘Consulem
910 2215 947 2280 P.
962 2214 1124 2282 Licinium

79 2292 180 2362 ‘brevi
194 2323 271 2366 cum
290 2302 434 2367 exercitu
454 2303 596 2366 futurum
616 2301 650 2365 in
666 2300 858 2366 Macedonia
872 2324 957 2367 csse:
981 2302 1122 2381 adeum,

80 2380 120 2443 ‘si
140 2385 320 2455 satisfacere
343 2390 378 2453 in
400 2389 507 2454 animo
531 2402 622 2467 esset,
646 2388 786 2454 mitteret
812 2388 939 2476 legatos.
986 2389 1124 2455 Romam

80 2472 181 2617 ‘guod
199 2490 368 2561 praeterea
387 2477 536 2553 mitteret,
559 2498 624 2540 non
644 2498 729 2541 esse:
753 2476 916 2540 neminem
936 2498 1045 2541 eorum
1066 2498 1125 2563 per

64 2559 91 2595 ¹‘
116 2556 219 2625 taliam
248 2565 297 2629 ire
321 2564 502 2628 liciturum'
545 2561 595 2627 lta
623 2562 768 2639 dimissis,
795 2562 832 2625 P.
846 2561 972 2626 Licinio
1001 2561 1124 2627 consuli

80 2645 271 2728 mandatum,
287 2650 370 2714 intra
384 2649 590 2714 undecimum
610 2648 696 2713 diem
716 2648 840 2712 iuberet
853 2671 908 2711 ecs
923 2647 1016 2713 Italia
1030 2670 1124 2713 exce·

82 2724 159 2808 dere,
171 2747 203 2798 et
220 2734 277 2824 Sp.
290 2735 464 2801 Carvilium
481 2736 629 2813 mitteret,
645 2734 712 2822 qui,
725 2735 828 2800 donec
843 2758 955 2799 navem
971 2758 1123 2800 conscen-

81 2811 202 2911 dissent,
224 2824 408 2888 custodiret.
438 2821 545 2886 -Haee
569 2822 691 2885 Romae
711 2833 790 2899 acta,
809 2821 952 2886 nondum
974 2822 1123 2910 profectis

82 2920 112 2963 111
145 2909 318 2975 rorinciarn
335 2908 524 2974 consulibus
931 2988 935 2997 ι

155 3015 184 3058 m
217 3000 280 3063 Cn.
299 2995 445 3073 Sicinius,
476 2995 542 3082 qui,
572 2994 756 3081 priusquam
791 2994 976 3081 magistratu
1009 2995 1121 3073 abiret,

83 3070 282 3147 Brundisium
304 3083 346 3148 ad
367 3082 498 3147 classem
521 3096 553 3146 et
575 3080 616 3145 ad
638 3081 813 3146 exercitum
858 3082 1023 3146 raemissus
1045 3096 1121 3160 erat,

84 3162 211 3234 tacens
234 3170 270 3234 in
294 3168 429 3234 Eiram
455 3168 598 3255 quinque
627 3166 767 3232 millibus
786 3104 945 3317 peditum,
973 3167 1122 3232 trecentis

83 3252 244 3335 equitibus,
260 3256 301 3321 ad
317 3284 333 3321 r
351 3255 545 3344 ymphaeum
560 3256 594 3318 in
609 3276 684 3341 agro
699 3253 786 3355 Apol
798 3255 896 3319 oniati
911 3267 1012 3319 castra
1025 3254 1123 3319 habe·

86 3332 140 3401 bal·
183 3342 264 3409 Inde
280 3343 424 3408 tribunos
438 3365 511 3408 curn
527 3341 651 3407 duobus
666 3339 805 3406 millibus
819 3340 956 3406 militum
972 3340 1014 3405 ad
1028 3363 1123 3405 occu·

84 3426 181 3505 panda
194 3430 446 3495 Dassaretiorum
462 3442 495 3494 et
515 3427 695 3517 Illyriorum
718 3426 855 3505 castella,
871 3426 946 3513 ipsis
964 3448 1123 3491 arcessen-

87 3508 161 3577 tibus
168 3516 332 3602 praesidia,
344 3528 379 3581 ut
387 3517 518 3581 tutiores
526 3538 546 3580 a
553 3514 762 3579 finitimorum
772 3515 894 3600 impetu
904 3510 1121 3577 Macedonum

85 3614 189 3681 essem,
209 3604 302 3669 misit.
349 3603 464 3667 Paucis
542 3602 684 3666 tdiebus
707 3601 749 3675 Q.
762 3599 914 3675 Marcius,
937 3598 977 3662 A.
992 3597 1121 3677 Atilius,
1221 3654 1230 3671 ,

88 3694 116 3743 02
133 3684 168 3752 P.
183 3704 215 3755 et
240 3689 306 3755 Ser.
326 3688 469 3755 Cornelii
484 3624 632 3766 linum,
655 3700 689 3751 et
710 3685 750 3751 L.
767 3685 943 3762 Decimius,
965 3684 1063 3773 legati
1087 3686 1122 3751 in

90 3764 244 3842 Graeciam
268 3778 363 3854 missi,
391 3775 563 3863 Corcyram
589 3774 736 3861 peditum
761 3771 848 3835 mille
872 3794 979 3835 secum
1005 3772 1123 3839 advex-

87 3874 186 3928 erunt:
210 3864 254 3928 ibi
269 3864 353 3928 inter
367 3886 400 3927 se
419 3877 452 3927 et
470 3862 625 3949 regiones,
642 3882 721 3946 quas
741 3858 877 3936 obirent,
892 3871 925 3925 et
942 3858 1059 3924 milites
1073 3860 1123 3925 di·

89 3940 223 4015 viserunt.
271 3949 436 4014 Decimius
451 3950 562 4013 missus
577 3962 625 4013 est
639 3946 680 4010 ad
695 3944 862 4023 Gentium,
874 3968 982 4033 regern
997 3944 1123 4035 Illyrio-

116 4154 226 4225 8Rooatl
242 4164 351 4223 euntia]
370 4162 465 4210 Vocem
476 4163 583 4220 aneilla,
649 4174 658 4207 ι
672 4161 716 4209 Ire
726 4160 863 4218 Mamm]
877 4158 1075 4233 cfiSupmsxii.
1085 4174 1123 4233 ²¹:

90 4223 112 4265 ll
127 4238 335 4287 tupmvacaneam,
351 4226 470 4289 expungit
487 4225 581 4275 Grono·
614 4224 731 4274 Ceterum
742 4224 869 4271 licitarum
879 4221 991 4270 absolute
1005 4222 1046 4269 bre
1062 4236 1123 4282 poo-

90 4280 141 4336 rim,
614 4296 667 4335 tum
684 4293 728 4344 est,
742 4301 819 4348 quum
834 4288 928 4335 nemim
942 4321 948 4332 .
960 4321 966 4332 .
979 4320 985 4333 .
997 4286 1124 4332 liciturum

116 4356 173 4412 otu
188 4356 316 4418 oppidum]
341 4356 417 4404 sc.1n
435 4355 527 4402 urbem.
551 4353 582 4401 ct'.
614 4350 725 4399 usitatior
736 4350 884 4399 constructio
895 4352 965 4397 essct.

90 4424 191 4475 lupide.
