2934 4800
424 226 750 297 KREYSSIGIL
1046 240 1111 303 4⁸5

17 388 208 469 ferebam,
224 388 376 456 maiorem
393 388 480 453 illam
495 389 581 455 Livii
601 390 778 457 editionem
795 401 870 457 ante
889 391 948 459 hos
967 394 1111 483 quinque

17 514 150 557 annos
177 515 198 557 a
221 513 273 555 me
296 490 486 570 inchoatam,
502 491 641 557 necdum
665 492 850 572 absolutam,
866 518 930 582 qua
949 495 1112 564 Tafelium

17 616 206 680 perverse
226 593 359 658 abusum
380 615 447 657 esse
467 593 654 682 supradixi,
671 596 786 684 supine
804 620 924 676 eorum,
940 600 997 686 qui
1019 612 1113 688 typo-

19 696 219 761 thetarum
256 694 430 783 specimina
462 694 649 783 corrigenda
681 699 886 785 accepissent,
916 700 1113 788 negligentia

21 797 225 885 permultis
253 797 576 885 iisque'gravissimis
601 822 769 887 operarum
793 804 933 889 peccatis
958 826 1027 870 esse
1053 804 1112 871 de·

21 900 236 964 formatam.
283 898 375 963 Haec
392 910 429 963 ut
444 898 658 979 emendarem,
673 903 922 990 primoquidem
939 908 1109 973 ctuafirit:
1215 962 1227 985 ,

25 1001 96 1065 sed
116 1002 234 1066 maior
247 1000 355 1079 alters,
367 1012 413 1080 ut,
425 1023 525 1087 quum
540 1002 573 1066 iu
589 1025 623 1067 re
642 1004 751 1070 critica
768 1028 874 1093 neque
892 1020 985 1097 turpe
1004 1010 1047 1075 sit
1062 1032 1113 1076 er-

26 1126 163 1170 rorem
173 1105 277 1183 fateri,
292 1128 398 1192 neque
409 1126 519 1170 verum
530 1105 637 1171 videre
653 1108 766 1193 quovis
779 1120 921 1197 tempore
936 1112 1112 1199 contingat,

28 1207 232 1273 lectionem
248 1207 408 1293 vulgatam
428 1206 497 1271 aliis
515 1206 602 1287 locis,
618 1230 698 1294 quos
718 1209 796 1275 olim
815 1222 934 1277 temere
949 1211 1113 1278 sollicitas-

30 1332 126 1387 sem,
156 1310 196 1373 in
214 1309 364 1373 orationis
382 1320 567 1373 contextum
587 1310 796 1388 restituerem,
812 1310 881 1377 aliis
898 1324 1015 1393 autem,
1032 1336 1113 1401 quos

33 1412 126 1476 olim
145 1412 286 1475 intactos
297 1410 504 1497 reliquissem,
513 1409 564 1477 vel
574 1410 721 1477 codicum
737 1413 924 1479 auctoritate
938 1414 1047 1493 fretus,
1059 1416 1112 1482 vel

33 1514 260 1577 coniecturam
271 1510 490 1599 probabilitate
503 1510 618 1578 ductus
629 1513 837 1601 corrigerem
856 1516 969 1581 harum
980 1539 1111 1605 quoque

36 1612 282 1690 mutationum,
299 1624 335 1677 ut
349 1625 526 1677 ceterarum
540 1614 694 1693 omnium,
709 1616 866 1681 rationem
879 1618 1061 1685 redditurus
1075 1620 1111 1685 iu

38 1715 330 1793 annotationibus,
346 1737 439 1801 quse,
455 1715 660 1802 simulatque
681 1738 734 1783 eas
753 1740 812 1805 per
829 1720 932 1784 otium
951 1720 1112 1787 absolvere

40 1818 195 1895 licuerit,
222 1831 336 1904 quarto
364 1816 513 1883 editionis
543 1817 669 1883 maioris
694 1830 782 1884 tomo
807 1820 1024 1889 subiicientur.
1069 1823 1111 1889 In

41 1920 239 2008 praesentia
263 1919 359 1999 enim,
384 1932 421 1983 ut
445 1918 588 1998 lectores,
616 1920 731 2007 quibus
758 1922 792 1986 in
817 1922 895 1988 locis
920 1947 939 1989 a
962 1924 1112 1991 Draken-

43 2024 183 2089 borchii
197 2023 380 2087 recensione
392 2021 589 2087 discesserim
594 2030 627 2101 ⁷¹,
641 2046 705 2089 uno
721 2024 755 2087 in
769 2038 940 2112 conspectu
953 2027 1109 2105 viderent,

45 2148 112 2214 pro
124 2126 225 2191 huius
236 2124 384 2190 editionis
395 2124 526 2190 consilio
537 2126 612 2191 satis
623 2125 730 2204 habui,
742 2126 926 2192 varietatem
937 2128 1112 2195 lectionum

48 2228 210 2295 editionis
229 2227 552 2293 Drakenborchinnae
575 2227 758 2315 adiungere,
774 2228 809 2292 in
826 2252 899 2316 qua,
915 2253 1016 2317 quum
1038 2232 1109 2299 Liv.

49 2329 100 2398 II.
123 2336 175 2398 12.
197 2336 247 2395 ira
261 2334 405 2416 inserirur,
426 2343 522 2420 atque
542 2330 596 2397 lib.
618 2328 728 2395 XLII.
745 2336 798 2397 48.
815 2336 1032 2420 quinquereme,
1052 2357 1112 2424 pro

51 2457 123 2521 quo
139 2435 176 2500 in
190 2434 330 2499 editione
345 2434 467 2498 minore
483 2438 687 2521 quinqueremi
699 2433 825 2521 legitur,
840 2457 906 2501 non
921 2437 1111 2502 mutandum

54 2559 138 2618 csse,
154 2559 197 2602 ex
218 2535 288 2602 Liv.
310 2536 337 2601 L
359 2541 410 2602 53.
432 2550 465 2602 et
486 2537 539 2602 lib.
563 2535 692 2602 XXVI.
717 2542 769 2602 51.
793 2560 863 2603 sero
886 2538 1109 2618 intellexerim,

53 2653 152 2705 notas
165 2639 208 2704 ad
222 2638 308 2704 locos
322 2639 391 2704 illos
406 2639 619 2726 pertinentes:
647 2637 726 2727 Cap.
746 2644 795 2703 12.
817 2643 867 2704 ira
887 2639 1039 2728 incenato]
1062 2646 1112 2707 ira

56 2745 207 2825 infernus,
218 2754 331 2829 atque:
352 2741 433 2806 Ibid
447 2739 665 2828 quinquereme]
682 2743 900 2826 quinquereme,
912 2741 1112 2808 inducendas

57 2865 127 2909 csse
150 2865 276 2921 moneo,
297 2865 338 2907 nc
361 2841 507 2906 malevoli
528 2841 659 2918 iudices,
674 2854 712 2906 ut
731 2842 777 2919 fit,
793 2842 923 2908 editoris
943 2845 1112 2932 negligen-

59 2946 138 3010 tiam
173 2960 313 3032 carpant.
369 2944 538 3008 Praeterea
574 2944 702 3030 utrique
739 2944 874 3010 editioni
910 2963 1112 3014 accesserunt

59 3046 301 3135 deperditorum
327 3045 412 3110 Livii
441 3044 592 3110 librorum
620 3044 806 3131 fragmenta,
837 3047 952 3133 quibus
981 3063 1110 3116 auctore

60 3161 93 3214 ct
118 3172 246 3216 suasore
270 3147 450 3214 Niebuhrio
478 3147 654 3212 secundum
681 3146 902 3234 Epimmarum
932 3151 1046 3215 seriem
1075 3153 1111 3216 in

60 3251 182 3317 iustum
201 3250 345 3316 ordinem
369 3249 504 3314 redactis
527 3271 593 3312 non
616 3248 719 3313 solum
743 3247 852 3313 addidi
872 3250 1112 3336 pretiosissimas

61 3351 131 3419 illas
144 3354 218 3419 libri
232 3353 428 3440 nonagesimi
439 3352 533 3439 primi
544 3350 702 3437 reliquias,
715 3373 795 3436 quas
809 3365 883 3415 ante
898 3351 956 3416 hos
967 3353 1111 3438 quinque

61 3467 94 3519 et
119 3455 353 3542 quinquaginta
377 3475 476 3518 annos
501 3477 521 3517 a
546 3451 683 3516 Brunsio
705 3473 742 3515 sc
762 3451 929 3516 Iuvcnatio
947 3466 980 3516 et
1004 3466 1113 3518 nostra

63 3569 165 3622 aetate
190 3579 209 3621 a
232 3555 412 3621 Niebuhrio
438 3577 473 3619 ac
503 3566 621 3619 memet
647 3554 716 3641 ipso
743 3576 783 3618 cx
810 3554 921 3619 codice
943 3553 1111 3633 Vaticano,

63 3679 166 3746 eoque
186 3657 398 3744 palimpsesto,
413 3657 514 3722 editas
535 3678 603 3720 esse
623 3655 783 3735 constatn,
799 3655 856 3722 sed
877 3656 974 3722 etiam
993 3656 1112 3722 inserui

95 3836 123 3886 71
144 3823 177 3872 In
203 3825 322 3871 mutanda
349 3825 476 3872 verborum
505 3823 570 3872 Lati·
639 3834 667 3885 71
686 3824 726 3874 De
748 3824 797 3873 hoc
817 3825 953 3886 fragmento
975 3823 1007 3872 ct'.
1029 3827 1113 3872 nostra

64 3901 150 3937 nomm
162 3887 291 3949 scriptura,
302 3887 333 3935 da
348 3901 397 3960 qua
408 3885 571 3960 (immmatiei
605 3887 768 3962 Adnmhratic
785 3887 895 3962 mlum.
904 3887 1024 3960 literariae
1040 3888 1071 3935 de
1082 3887 1113 3937 T.

65 4077 177 4152 tuendus
188 4081 214 4124 st
228 4075 392 4150 §abundem
405 4091 431 4150 ¹.¹¹
444 4077 572 4126 Gramma·
604 4083 687 4126 neena
702 4083 807 4152 reperto.
825 4078 893 4140 laps.
909 4078 1020 4150 ¹81320i
1037 4075 1112 4152 illem

65 4139 572 4266 &idai-“iliiniiiisiiiiiiiiiii
603 4140 1112 4268 {imniddiiiibsliiidinifi‘if

67 4265 161 4314 Latinis
169 4265 285 4314 carmina.
296 4265 364 4328 Lips.
377 4267 445 4328 1823.
455 4282 478 4330 p.
490 4279 512 4329 5.
521 4282 573 4330 sqq.
605 4264 644 4318 66.
656 4281 707 4330 sqq.
720 4266 833 4316 editionis
843 4271 939 4318 nomme
950 4266 1056 4317 maioris.

67 4327 111 4379 hac
122 4330 154 4378 de
166 4344 192 4379 re
203 4335 386 4392 praeceperunt.
