2934 4800
346 204 388 266 94
629 213 634 224 ‘
729 192 848 260 TITI·
874 192 1011 259 LIVII

217 378 225 392 .
260 380 267 393 .
282 332 464 406 studeinde
479 343 553 398 ante
566 353 624 396 sua
637 353 798 418 quemque
819 331 956 397 tentoria
976 329 1078 418 spicas
1092 329 1233 396 fiscibus
1250 329 1418 401 desecan:
1436 401 1437 410 χ

214 444 221 458 ·
261 419 339 470 ·¹⁷¹·
347 435 423 496 tem,
438 442 504 506 quo
524 419 635 506 purius
655 417 850 482 frumentum
873 429 1001 494 tereret,
1019 417 1165 504 ingentes
1189 438 1336 482 acervus
1356 439 1404 503 per
1436 415 1437 420 ’

347 519 415 572 tota
429 519 530 570 castra
543 518 786 569 stramentorum
797 503 926 568 secisse:
949 518 1035 569 ratus
1051 503 1202 568 incendio
1218 521 1404 591 opportuna

348 615 426 669 esse,
449 592 542 669 faces,
567 590 767 678 taedamque,
794 607 827 655 et
853 589 1015 656 malleolos
1043 603 1176 678 stuppae
1202 590 1315 654 illitos
1342 589 1404 676 pice

440 679 447 691 '
471 678 577 743 iubet:
601 690 697 764 atque
721 677 767 741 ita
792 677 898 741 media
922 690 1016 742 nocte
1042 677 1212 764 profectus,
1237 691 1284 741 ut
1310 677 1405 764 prims

362 787 419 830 uce
444 786 607 851 aggressus
630 762 762 828 falleret.
808 763 1042 850 Nequidquam.
1090 763 1219 828 Primae
1249 763 1405 828 stationes
1442 794 1443 806 κ

349 874 515 939 oppressae
545 850 684 915 tumultu
712 873 750 914 ac
779 863 896 914 tenure
923 871 980 914 suo
1008 863 1130 915 ceteros
1155 851 1404 914 excitaremur:

349 939 539 1024 signumque
557 936 668 1001 datum
689 949 738 1001 est
759 958 845 1001 arma
867 936 1028 1023 extemplo
1047 935 1215 1023 capiendi;
1240 935 1405 1022 simulque

350 1025 385 1090 in
400 1024 491 1102 vallo,
507 1024 550 1088 ad
570 1037 684 1110 portas,
707 1022 798 1087 miles
819 1023 990 1088 instructus
1013 1036 1089 1100 erat,
1105 1035 1137 1087 et
1159 1021 1318 1087 intentus
1341 1045 1405 1109 pro·

349 1111 537 1198 pugnationi
565 1123 746 1174 castrorum.
791 1108 926 1174 Perseus
957 1123 990 1174 et
1019 1107 1179 1196 extemplo
1211 1109 1404 1193 circumegit

350 1198 461 1274 aciem,
483 1210 517 1262 et
541 1197 643 1284 prima
667 1195 896 1282 impedimenta
918 1196 974 1272 ire,
997 1195 1114 1260 deinde
1137 1193 1296 1282 peditum
1321 1196 1404 1282 signs

349 1284 423 1349 ferri
445 1284 544 1348 iussit
589 1281 662 1370 Ipse
682 1305 756 1347 cum
776 1283 921 1369 equitatu
942 1297 976 1347 et
997 1281 1059 1346 levi
1081 1295 1242 1348 armatura
1260 1281 1404 1346 substiu't

330 1371 392 1436 'ad
414 1393 529 1459 agmen
548 1368 745 1458 cogendum3
768 1383 864 1446 ratus,
884 1369 918 1432 id
963 1368 1027 1434 uod
1047 1368 1173 1454 accidit,
1195 1368 1403 1434 insecutmts

350 1457 392 1522 ad
417 1473 558 1524 extrema
582 1458 623 1521 ab
650 1468 739 1556 tergo
765 1455 924 1542 carpenda
939 1391 1062 1520 lrostes.
1108 1453 1212 1519 Breve
1236 1469 1402 1520 certamen

348 1544 428 1609 levis
442 1558 616 1609 armaturae
632 1565 769 1607 maxime
784 1564 857 1606 cum
872 1541 1141 1628 procursatoribus
1154 1541 1225 1606 fuit.
1263 1541 1403 1629 Equites

349 1631 537 1718 peditesque
552 1630 620 1693 sine
635 1627 775 1714 tumultu
790 1629 825 1692 in
840 1639 941 1692 castra
954 1627 1125 1694 redierunt.

394 1715 556 1782 Demessis
583 1716 667 1780 circa
694 1715 864 1802 segetibus,
890 1714 1028 1780 Romani
1054 1714 1096 1778 ad
1121 1713 1333 1780 Cranonium
1359 1715 1401 1777 in·

351 1814 471 1866 tactum
490 1823 600 1888 agrum
615 1815 715 1865 castra
728 1814 866 1866 movent
911 1800 963 1865 Ibi
977 1823 1076 1887 quum
1091 1800 1203 1878 securi,
1218 1815 1254 1866 et
1297 1817 1400 1888 ropter

352 1901 523 1953 saeuorum
544 1886 818 1974 longinquitatem,
835 1901 867 1952 et
880 1887 950 1952 viae
968 1887 1072 1975 inopis
1090 1910 1245 1975 aquarum
1261 1825 1387 1953 ‹li'ffiml

351 1988 459 2050 tatem,
474 1996 556 2062 quae
578 1974 662 2038 inter
682 1972 851 2061 Sycurium
871 1987 904 2038 et
920 1973 1071 2040 Crauona
1092 1988 1149 2052 est,
1164 1974 1278 2038 stativa
1306 1975 1399 2040 babe-
1444 1987 1445 2000 ¹

351 2076 441 2138 rent3
460 2073 591 2148 repente
602 2060 704 2148 prima
715 2059 786 2125 luce
798 2061 832 2124 in
844 2060 1083 2126 imminentibus
1094 2060 1223 2125 tumulis
1234 2062 1398 2148 equitatus

352 2148 458 2247 regius
475 2169 548 2213 cum
570 2146 631 2212 levi
652 2161 810 2212 armatma
823 2147 908 2212 visus
929 2147 962 2211 in
1005 2161 1092 2212 ntem
1115 2147 1291 2212 tumultum
1317 2147 1395 2212 fecit

352 2233 461 2299 Pndie
485 2256 544 2322 per
565 2233 730 2298 meridiem
751 2233 883 2320 profecti
905 2233 945 2299 ab
990 2235 1100 2322 ycurio
1118 2246 1225 2298 erant:
1250 2235 1396 2321 peditum

353 2343 468 2409 agmen
489 2322 548 2386 sub
573 2320 643 2384 luce
669 2320 863 2408 reliquerant
886 2320 921 2384 in
945 2321 1090 2408 proxima
1112 2319 1252 2409 planitie.
1304 2319 1396 2387 Stetit

352 2408 449 2497 paul'
507 2431 523 2472 r
544 2408 578 2472 in
600 2407 739 2485 tumulis,
756 2407 827 2471 elici
849 2430 940 2496 posse
962 2424 1049 2472 ratus
1070 2407 1112 2472 ad
1130 2420 1278 2495 equestre
1296 2422 1394 2473 certa·

352 2519 427 2562 men
482 2518 619 2561 omanus
667 2493 734 2569 Qui
760 2507 831 2581 post
854 2517 927 2558 uam
949 2494 1029 2558 nihil
1052 2494 1228 2571 movebant,
1253 2496 1395 2581 equitem

352 2584 460 2661 mittit,
476 2582 533 2670 qui
551 2582 675 2670 pedites
689 2580 804 2647 referre
877 2579 1045 2680 Sycurium
1060 2581 1149 2667 signa
1163 2581 1308 2645 iuberet:
1334 2582 1394 2669 ipse

353 2692 429 2735 mox
457 2670 626 2734 insecutus.
672 2666 811 2732 Romani
839 2680 972 2753 equites,
999 2667 1124 2732 modico
1153 2666 1323 2733 intervallo
1351 2690 1394 2731 se·

353 2768 497 2843 quentes,
513 2756 613 2819 sicubi
627 2776 749 2841 sparsos
763 2776 800 2818 ac
814 2752 980 2839 dissipatos
994 2754 1142 2819 invadere
1157 2767 1296 2841 possent,
1312 2768 1394 2841 post·

354 2864 450 2929 quam
465 2842 622 2906 confertos
643 2841 739 2919 abire,
754 2840 845 2990 sqgna
862 2854 960 2926 atque
975 2840 1102 2905 ordines
1123 2854 1293 2919 servantes,
1309 2842 1394 2906 vide·

354 2940 439 3004 runt,
455 2927 562 3014 stipsi
577 2928 611 2989 in
626 2939 773 2991 castrare
798 2939 884 2991 eunt

288 3072 297 3088 ,
398 3012 489 3090 Inde,
509 3013 646 3078 offensus
668 3012 900 3099 longinquitate
923 3013 1053 3090 itineris,
1073 3036 1128 3079 rex
1151 3014 1193 3078 ad
1212 3012 1273 3079 Mo
1332 3016 1392 3080 lum

355 3111 457 3166 casua
476 3099 591 3163 movit:
616 3114 649 3164 et
669 3099 817 3175 Romani,
834 3099 984 3165 demessis
1006 3098 1162 3165 Cranonis
1176 3038 1350 3188 segetibsda
1364 3103 1391 3164 in

356 3185 593 3252 Phalannaeum
618 3209 729 3273 agrum
756 3198 926 3251 transeunt
972 3186 1023 3251 Ibi
1070 3210 1146 3251 uum
1172 3210 1212 3251 ex
1236 3188 1392 3273 transfirgs

355 3286 521 3361 cognosset
541 3293 608 3348 rex,
623 3274 691 3335 sine
713 3271 778 3336 ullo
798 3287 918 3337 armato
940 3210 1096 3359 pracsidio
1118 3274 1232 3360 passim
1247 3290 1392 3361 vagantes

353 3382 523 3449 peragras
547 3359 709 3423 Romanos
730 3370 859 3435 metere,
882 3381 955 3424 cum
978 3360 1062 3423 mille
1083 3360 1255 3445 equitibus,
1273 3361 1393 3426 duobis

354 3447 493 3513 millibus
515 3444 676 3511 Thoecum
696 3456 730 3509 et
754 3443 956 3510 Cretensium
978 3446 1145 3533 profectus,
1166 3469 1278 3532 quum,
1297 3470 1392 3535 quan·

355 3547 423 3599 tum
445 3533 618 3601 accelerare
642 3544 774 3619 poterat,
791 3532 890 3597 effuso
910 3534 1035 3619 agmine
1055 3532 1139 3609 isset,
1155 3532 1326 3621 improviso
1344 3558 1391 3621 ag·

355 3644 478 3708 gressus
503 3633 551 3686 est
574 3619 744 3683 Romanos
790 3617 904 3683 Iuncta
924 3616 1078 3695 vehicula,
1123 3619 1252 3705 leraque
1273 3638 1390 3693 onusta,

355 3706 443 3771 mille
458 3706 628 3771 admodum
644 3705 821 3791 capiuntur,
837 3706 978 3769 sexcenti
993 3704 1091 3769 ferme
1100 3642 1261 3771 immines.
1302 3706 1391 3771 Prae·

355 3792 430 3856 dam
450 3792 689 3857 custodiendam
709 3790 952 3878 ducendamque
975 3792 1009 3855 in
1031 3802 1131 3856 castra
1152 3794 1302 3858 trecentis
1319 3794 1390 3859 Cre

356 3879 493 3943 tensium
515 3877 612 3941 dedit
658 3877 741 3965 Ipso,
761 3890 905 3942 revocato
930 3878 970 3942 ab
994 3878 1092 3943 effusa
1116 3878 1212 3944 caede
1234 3882 1343 3967 equite
1364 3894 1391 3944 et

355 3964 485 4053 reliquis
513 3961 667 4050 peditum,
692 3964 780 4029 ducit
809 3964 849 4028 ad
874 3964 1055 4051 proximum
1084 3965 1286 4051 praesidium,
1314 3982 1391 4031 ratus

390 4146 403 4197 7
418 4138 535 4185 Fascibus
544 4136 704 4195 damaim]
722 4150 755 4183 tc,
765 4134 805 4183 De
816 4136 861 4183 sas·
893 4135 972 4183 multo
983 4134 1074 4183 leviore
1084 4150 1158 4198 opera
1165 4136 1197 4184 de
1205 4134 1389 4198 fascibuaqmm

357 4200 434 4258 cibus,
453 4200 479 4247 in
499 4215 559 4262 quos
577 4204 733 4260 compactum
753 4198 800 4246 fuit
821 4200 861 4247 de-
894 4200 914 4247 si
931 4200 1039 4261 singulae
1051 4200 1200 4261 colligendae
1210 4198 1322 4259 fuissent,
1332 4202 1390 4249 dest·

356 4279 462 4313 tremum
476 4265 633 4311 frumentum.
666 4262 768 4323 Quippe
784 4263 863 4325 spicas
896 4264 943 4311 curi
955 4263 1061 4324 potuisse
1072 4264 1143 4312 facile
1154 4270 1264 4325 apparet.
1283 4265 1363 4315 Dora
