2934 4800
130 255 422 324 EDITIONIS
454 255 1033 328 DRAKENBOROHIANAF.
1069 268 1136 330 499

36 396 235 481 plessent.
249 392 387 458 -lbist
414 392 507 479 quia]
539 391 740 460 ac—tbid.
768 395 994 481 decremnt]
1025 399 1137 464 decre·

54 490 205 545 verunt.
228 479 355 563 -Csp.
377 479 431 543 30.
452 488 526 543 est:
547 487 582 542 ut
604 479 723 562 omnes]
747 489 807 545 est.
856 481 1134 549 Omnes-Ibid.

56 568 266 642 deduceret,
284 585 470 649 uacuasque
491 565 637 630 traderet
655 565 815 630 Romanis
836 576 912 631 ante
929 568 1137 634 Isthmiorum

58 663 219 738 tempus.
264 651 453 715 Deduceret
478 659 510 714 et
536 671 579 714 ec
602 649 668 734 his]
693 651 889 717 deduceret:
913 653 975 719 his.
992 689 1035 703 -
1050 653 1135 719 lbid.

64 736 287 820 Quinctium]
307 735 487 806 Quinctius.
499 769 540 782 -
552 734 636 800 lbid.
649 735 805 821 scribere]
821 738 987 803 scriberet.
996 739 1133 805 -Ibid.

61 824 225 898 tradere,
240 830 377 906 praeter
397 819 551 907 quinque]
575 822 716 896 tradere,
738 823 879 907 quin.-
891 822 976 888 Ibid.
997 826 1137 912 quinque

61 907 201 991 millia]
232 908 428 993 quingentis.
441 906 582 970 -Ibid.
611 907 646 970 in
678 909 788 972 decem
820 931 923 974 annos
952 910 1136 996 impositum

62 995 155 1077 regi
174 994 299 1058 tradit:
326 993 483 1057 Claudius
498 995 532 1056 in
550 1014 653 1057 annos
673 993 827 1079 triginta]
851 995 885 1058 in
899 995 1007 1060 decem
1022 1018 1136 1073 annos,

65 1080 230 1164 triqinta.
243 1078 378 1144 --lbit
409 1078 607 1164 Cariaeque]
636 1079 758 1142 Cariae
785 1080 1043 1166 atque-Ibid.
1069 1082 1138 1148 Pa·

65 1165 170 1245 runs]
192 1165 314 1229 Paron.
327 1198 368 1212 -
382 1163 462 1249 Cap.
484 1166 536 1228 31.
561 1163 735 1247 demotum]
759 1165 797 1228 id
815 1169 985 1231 decretum.
997 1167 1134 1232 -lbia

68 1251 246 1400 ffl-
276 1249 345 1400 iii
358 1247 1019 1418 ii'aihbssibihiihhid‘hbi'
1033 1253 1138 1404 {⁸1⁹3}

71 1419 194 1505 urbes]
210 1419 599 1506 Asiae.-1bid.sacere
614 1443 655 1486 ac
668 1417 966 1507 statuere]socere,
981 1431 1134 1490 statuere.

71 1507 219 1572 -Ibid.
242 1504 342 1591 oires]
363 1505 575 1571 res-Ibid.
591 1507 675 1572 satis
687 1507 904 1592 placuissent]
922 1509 1134 1594 placuissent.

71 1629 121 1640 -
136 1591 224 1658 Ibid.
249 1592 303 1657 Ab
329 1593 447 1657 Elatia
466 1591 635 1678 profectus
660 1591 845 1677 Quinctius]
872 1593 926 1659 Ab
949 1594 1137 1660 Elatia.-

74 1678 170 1743 Ibid.
186 1677 242 1741 lbi
261 1677 397 1742 consilia
417 1679 459 1742 dc
478 1678 630 1743 libertate
648 1677 816 1744 Graeciae
832 1680 903 1744 dies
918 1701 1030 1780 prope
1051 1688 1137 1747 totos

74 1765 113 1828 in
142 1763 281 1829 concilio
306 1765 415 1828 decem
440 1765 622 1850 legatorum
648 1763 889 1848 tractabantur]
919 1766 967 1830 sbi
996 1767 1136 1832 emata

77 1851 192 1914 decem
218 1849 399 1935 legatorum
422 1850 658 1914 tractabantur.
672 1885 714 1896 —
727 1848 812 1914 Ibid.
832 1849 916 1934 sese]
940 1873 985 1916 se.
998 1851 1134 1938 -Csp.

77 1937 135 2000 32.
159 1944 194 2000 et
212 1935 436 2036 pernicitatis]
464 1957 505 2000 ac
521 1935 894 2020 pernicitatis-Ibid.
913 1959 982 2022 per
1003 1939 1067 2001 duo
1088 1939 1133 2002 di·

78 2043 179 2086 oersa
208 2021 313 2085 maria
342 2043 479 2086 omnium
507 2043 613 2085 rerum
639 2043 715 2085 usus
744 2020 970 2096 ministrantis,
996 2022 1136 2088 humano

76 2107 199 2218 generi
228 2107 405 2183 concilium,
429 2107 534 2171 Asiae
560 2105 791 2193 Graeciaeque
816 2107 846 2170 is
868 2115 1028 2172 mercatus
1050 2117 1133 2174 erat.

87 2193 170 2256 I'um
190 2213 265 2256 nero
281 2213 344 2256 non
361 2194 409 2256 ad
424 2193 538 2257 soh'tos
557 2193 651 2256 modo
668 2213 744 2256 usus
757 2191 896 2278 undique
911 2203 1135 2274 conuenerant,

81 2280 144 2342 sed
161 2279 406 2363 suspectatione
424 2276 540 2361 erecti]
560 2299 627 2363 per
648 2278 710 2342 duo
726 2278 859 2343 diversa
876 2279 983 2343 maria
999 2281 1136 2345 omnium

86 2363 293 2429 Graecorum
315 2364 393 2428 andi
416 2385 455 2429 ue
478 2371 650 2429 conventus
673 2373 755 2430 erat.
801 2363 871 2429 Sed
891 2366 1136 2452 suspectatione

83 2448 349 2515 erecti-Ibid.
373 2387 433 2513 abt
455 2447 537 2533 alia]
561 2450 971 2515 atti.-1bid.ttomanos
995 2452 1136 2517 uictores

83 2538 142 2601 cin
162 2536 312 2623 cuiquam
326 2534 588 2622 persuadebatur
605 2535 753 2601 Graecia
773 2536 858 2599 omni
877 2556 1035 2600 cessuros.
1080 2536 1138 2601 Ad

83 2622 303 2708 spectaculum
331 2618 556 2703 consederant]
581 2620 722 2685 Romani
746 2621 793 2684 ad
815 2621 1036 2706 spectaculum
1061 2644 1136 2685 con-

84 2706 392 2772 sederunt-Ibid.
423 2704 623 2791 acciperent]
654 2704 967 2793 caperent-Ibid.
998 2714 1029 2771 et
1059 2706 1134 2793 alis]

86 2794 156 2858 alii.
169 2792 308 2857 -lbid.
337 2794 384 2856 ad
405 2793 520 2856 somnii
546 2813 662 2856 nonam
690 2813 707 2855 s
731 2790 846 2875 eciem]
876 2792 991 2856 somnii
1020 2814 1136 2858 ranam

86 2878 233 2965 speciem.
246 2878 385 2942 -lbid.
410 2900 473 2942 non
496 2878 613 2941 audire
635 2900 685 2941 mo
709 2875 743 2960 o]
769 2900 832 2942 non
857 2876 1133 2945 audire-Ibid.

81 2962 322 3050 pronuntiavit]
332 2962 578 3049 pronunciaret.
589 2997 632 3010 -
642 2962 724 3047 Cap.
734 2963 787 3027 33.
801 2962 1048 3049 suppeditabat]
1060 2965 1136 3030 sub-

84 3050 286 3137 peditabant.
298 3084 343 3097 -
354 3049 438 3113 Ibid.
455 3059 488 3112 et
501 3047 643 3131 virtutis]
661 3048 801 3113 virtutis.
818 3086 862 3097 -—
877 3048 957 3134 Cap.
973 3050 1026 3116 34.
1047 3050 1136 3116 Isth·

88 3135 166 3220 mia]
190 3136 258 3200 ista
282 3132 509 3200 iam-Ibid.
533 3136 646 3199 eadem
659 3132 752 3217 sere,
776 3132 875 3218 quae]
903 3136 1026 3213 eadem,
1050 3158 1136 3219 quae

79 3221 318 3307 sere.-lbid.
346 3219 496 3307 egerant]
523 3218 777 3284 erant-Ibid.
801 3218 1010 3296 iactantibus,
1036 3220 1134 3305 nibil]

89 3309 223 3373 iactata.
269 3306 375 3371 Nihil.
388 3343 431 3355 —
444 3304 528 3369 Ibid.
544 3301 791 3387 denuntiatum]
816 3304 1078 3388 pronunciatum.
1091 3343 1136 3356 -

90 3393 174 3458 Ibid.
189 3394 367 3458 abstineret
383 3392 494 3457 liberis
513 3391 710 3467 ciuitatibus,
726 3411 785 3454 nec
801 3412 941 3475 unquam
961 3390 1136 3456 lacesseret

91 3478 209 3555 armis,·
230 3486 262 3542 et
276 3480 310 3542 in
318 3499 408 3563 poce
422 3484 454 3541 et
468 3477 502 3541 in
517 3476 668 3541 libertate
683 3497 753 3539 esse
768 3474 886 3539 debere
899 3497 1007 3540 omncs
1018 3476 1136 3563 ubique

95 3564 243 3629 Graecus
257 3563 367 3645 urbes]
387 3564 564 3627 abstineret
583 3562 715 3639 liberas,
731 3582 900 3646 omnesque
919 3561 1079 3627 Graecas.
1092 3596 1136 3611 —

93 3648 173 3714 Ibid.
209 3648 353 3733 decreto]
390 3648 682 3712 decreta-Ibid.
710 3644 1023 3733 pronuntiabantur]
1054 3670 1136 3733 pro·

93 3735 294 3799 nunciabant.
305 3769 349 3781 -
359 3732 442 3797 Ibid.
459 3742 492 3797 et
506 3733 656 3819 Dolopes
670 3754 796 3833 quoque
810 3732 906 3797 liberi
913 3732 1134 3818 pronuntiati]

93 3822 286 3906 etDolcpes,
297 3819 393 3884 liberi
404 3818 757 3906 quoquepronunciats.
765 3854 810 3867 —
819 3817 903 3882 Ibid.
913 3815 1068 3904 eccepto]
1079 3840 1136 3883 eu·

94 3914 193 3991 cepto.
203 3940 248 3955 -
256 3905 342 3969 Ibid.
355 3905 536 3968 Phocenses
546 3904 800 3990 Locrensesque,
812 3904 898 3968 sicut
907 3902 1135 3989 antesuerant,

94 3993 220 4056 adiecta
244 3989 366 4055 decreti
389 3989 599 4066 auctoritate,
624 3988 676 4053 his
702 3986 957 4071 contribuerunt]
990 3988 1136 4053 Phocen-
1219 3995 1223 4000 ’

93 4098 151 4153 ses,
162 4076 356 4153 Locrenses,
372 4084 405 4140 et
419 4096 503 4159 quae
516 4074 602 4140 sicut
619 4074 843 4222 antepnerant
857 4074 1000 4150 adiecta,
1013 4075 1136 4141 decreti

96 4164 288 4227 auctoritate
308 4162 360 4225 his
384 4160 689 4225 contribuerunt.-
716 4159 782 4223 bid.
806 4180 847 4224 ea
869 4180 935 4223 una
956 4154 1025 4244 res]
1049 4161 1136 4225 oenit

95 4270 150 4312 res.
162 4284 206 4297 -
216 4246 300 4313 Ibid.
316 4255 448 4311 senatus
462 4246 584 4310 reiecta
602 4243 664 4328 est]
683 4252 822 4309 senatus.
836 4278 877 4292 -
890 4244 974 4309 Ibid.
989 4244 1137 4395 adiecta]

96 4333 228 4399 adiecto.
241 4331 380 4399 -lbid.
411 4329 615 4418 Lychnidus]
645 4330 769 4415 Lycus.
786 4365 829 4381 -
843 4331 923 4418 Cup.
953 4331 1005 4396 35.
1035 4330 1110 4396 rebe
