2934 4800
367 217 428 278 142
752 206 865 274 ΤΙΤΙ
896 205 1030 274 LIVII

283 445 290 458 .
319 343 804 582 itss‘ffssssm'i‘
818 343 1423 517 ‘'titt‘hdttittitthtt

370 529 479 669 ‘pprtc
498 519 593 583 etiam
672 516 760 605 lippo
774 529 863 604 patre
883 539 950 594 suo,
968 515 1166 580 Antiochum
1185 529 1422 603 oppugnatum

370 613 380 644 ‘
442 627 574 670 senune
584 617 618 668 et
627 603 806 668 Eumenem
818 617 850 667 et
861 602 1005 667 Pmsiarn
1017 616 1153 667 armatos
1166 625 1254 666 esse.
1315 601 1352 666 Si
1368 599 1425 664 Ma

370 691 542 755 ‘cedoniae
562 712 697 777 regnum
716 689 875 754 sublatum
892 688 982 765 foret,
1021 689 1175 753 roximam
1193 689 1326 752 Asiam
1351 710 1424 751 esse:

370 786 487 864 ‘quam
507 777 570 840 iam
591 799 633 840 ex
653 790 753 862 parte,
769 777 828 840 sub
850 775 954 862 specie
974 775 996 840 li
1038 773 1211 839 randarum
1234 773 1425 838 civitatium

371 872 480 927 ‘suam
505 862 658 928 fecerint:
690 861 808 927 deinde
836 861 969 961 Syriam.
1015 860 1083 925 Iam
1107 860 1261 926 Prusiam
1294 860 1424 924 Eumeni

371 949 511 1014 ‘honore
533 948 692 1036 praeferri,
707 949 771 1012 iam
788 947 985 1012 Antiochum
1005 948 1157 1012 victorem
1202 947 1344 1012 raemio
1364 945 1425 1009 belli

371 1037 433 1100 ‘ab
447 1037 480 1099 A
565 1049 598 1100 to
612 1034 719 1099 arceri.
767 1033 856 1099 Haec
871 1035 1063 1120 cogitantem
1081 1034 1170 1120 provi
1196 1035 1273 1098 ere’
1290 1033 1425 1105 iubebat.

371 1131 429 1186 ‘ut
443 1058 564 1186 aupgpp
573 1143 683 1208 pacem
702 1143 810 1185 secum
825 1120 1001 1184 faciendam
1022 1119 1230 1206 compelleret
1246 1119 1425 1184 Romanoa

372 1217 448 1272 ‘aut
475 1221 711 1296 perseverantes
739 1207 774 1270 in
807 1206 890 1270 bello
924 1206 1042 1270 iniusto
1070 1228 1262 1270 communes
1299 1205 1425 1270 duceret

371 1295 534 1360 ‘omnium
552 1316 663 1380 regum
681 1293 806 1357 hostes!
849 1291 906 1356 Ad
921 1290 1118 1357 Antiochum
1138 1305 1252 1379 aperta
1276 1291 1426 1356 mandata
1446 1285 1447 1302 ¹

370 1394 470 1458 erant,
483 1381 524 1445 ad
536 1380 715 1444 Eumenem
729 1401 788 1466 per
801 1378 939 1465 speciem
950 1379 1145 1465 captivorum
1156 1378 1424 1442 redimendorum

370 1468 482 1532 missus
496 1468 618 1554 legatus
632 1480 719 1530 erat:
743 1487 853 1530 verum
873 1463 1043 1528 occultiora
1056 1464 1214 1550 quaedam
1305 1465 1423 1537 banau,

393 1577 453 1618 uae
467 1554 502 1617 in
516 1553 695 1640 praesentia
708 1551 844 1616 invisum
860 1550 991 1637 quidem
1012 1565 1045 1614 et
1064 1563 1249 1637 suspectum
1309 1551 1423 1616 omanis

370 1576 550 1704 Eumenem
572 1638 657 1702 falsis
677 1636 940 1726 gravioribus**.
985 1635 1135 1700 Proditor
1153 1635 1242 1700 enim
1264 1661 1311 1701 ac
1333 1645 1437 1724 propri·

370 1723 469 1788 hostis
483 1723 619 1801 habitus,
634 1724 713 1788 dum
732 1724 817 1788 inter
833 1746 866 1787 se
881 1722 946 1786 duo
966 1745 1056 1808 reges
1074 1735 1240 1808 captantes
1254 1723 1379 1788 hande
1397 1739 1421 1784 et

370 1810 501 1874 avaritia
520 1823 650 1874 certant
698 1809 808 1897 Cydas
827 1823 895 1873 erat
910 1808 1083 1885 Cretensis,
1099 1831 1140 1872 ex
1160 1809 1289 1873 intimis
1308 1809 1421 1873 Eume-

369 1897 439 1961 nis:
464 1896 517 1960 hic
536 1895 624 1983 prius
644 1894 685 1959 ad
701 1895 821 1982 Amphi
846 1894 921 1959 olim
941 1916 1013 1958 cum
1032 1893 1184 1958 Chimaro
1198 1895 1354 1980 quodam
1374 1919 1420 1981 po

369 1982 473 2069 pulari
495 2004 561 2057 suo,
577 1980 733 2046 militante
756 1919 845 2068 apud
861 1980 987 2057 Persea,
1006 1980 1080 2044 inde
1102 1993 1212 2067 postea
1235 1981 1281 2045 ad
1305 1983 1419 2046 Deme·

370 2069 515 2145 triadem,
544 2067 643 2132 semel
678 2089 753 2133 cum
790 2067 974 2132 Menecrate
1011 2067 1160 2153 quodam,
1190 2067 1315 2132 iterum
1356 2089 1419 2132 cun

370 2152 576 2231 Antimacho,
591 2153 686 2240 regiis
701 2154 845 2230 ducibus,
860 2153 919 2217 sub
934 2152 1009 2240 ipsis
1029 2153 1194 2217 moenibus
1213 2155 1309 2218 urbis
1331 2153 1419 2220 collo-

370 2254 462 2304 cutus
490 2237 601 2304 lberat.
649 2238 827 2326 Herophon
857 2261 994 2327 quoque,
1025 2239 1081 2325 qui
1115 2251 1182 2302 tum
1214 2241 1338 2306 missus
1369 2255 1433 2314 est:

370 2325 493 2391 duabus
529 2326 571 2391 ad
606 2325 746 2390 eundern
780 2325 960 2390 Eumenem
996 2325 1060 2389 iam
1095 2337 1168 2389 ante
1205 2324 1417 2413 legationibus

369 2414 497 2479 functus
511 2426 587 2478 erat.
635 2413 728 2488 Quae
740 2412 899 2499 colloquia
912 2411 1036 2477 occulta
1049 2424 1083 2476 et
1096 2411 1272 2513 legationes
1287 2415 1432 2479 infames!

370 2501 502 2587 quidem
523 2512 632 2565 eraut:
657 2499 723 2577 sed,
742 2498 821 2586 quid
843 2511 949 2563 actum
971 2510 1063 2577 esset,
1082 2498 1199 2585 quidve
1220 2499 1313 2564 inter
1335 2520 1417 2587 reges

370 2588 580 2665 convenisset,
611 2587 823 2673 ignorabatur.
879 2583 945 2649 Res
978 2598 1086 2649 autem
1119 2585 1164 2650 ita
1192 2607 1263 2650 sese
1297 2586 1414 2652 habuit

260 2657 312 2750 25·
372 2671 533 2738 Eumenes
555 2696 662 2759 neque
684 2672 763 2736 favit
786 2670 934 2735 victoriae
961 2669 1078 2748 Persei,
1102 2693 1209 2758 neque
1232 2671 1321 2738 bello
1350 2654 1432 2751 euml

212 2738 350 2853 ssffi‘lfifgit
371 2758 520 2822 invadere
541 2761 648 2822 animo
667 2758 797 2822 habuit:
822 2779 887 2820 non
908 2769 972 2821 tam
990 2758 1066 2843 quia
1085 2770 1234 2857 paternae
1257 2759 1415 2824 intereos
1446 2760 1447 2837 l

211 2866 344 2917 interPea
372 2843 554 2908 inimicitiae
581 2857 680 2921 crant,
705 2866 801 2931 quam
824 2843 963 2930 ipsorum
987 2843 1068 2907 odiis
1091 2856 1175 2907 mter
1196 2866 1230 2908 se
1254 2840 1447 2929 accensae=l

212 2932 353 2981 scsetnu-
372 2928 450 2993 Non
473 2952 512 2994 ea
533 2950 644 3016 regum
666 2928 845 3007 aemulatio,
868 2941 904 2992 ut
925 2951 1028 3015 aequo
1051 2930 1157 2994 animo
1177 2928 1295 2996 Persea
1320 2946 1416 2997 tantu
1446 2930 1447 3025 l

212 3008 318 3045 mmm·
370 3015 469 3102 apisci
498 3036 583 3102 opes,
610 3028 793 3102 tantamque
822 3014 965 3102 gloriam,
992 3028 1112 3117 quanta
1142 3016 1299 3081 Romanis
1330 3020 1415 3083 victis
1446 3028 1447 3113 l

300 3169 304 3176 ,
370 3123 445 3165 eum
457 3102 614 3179 manebat,
627 3100 789 3166 Eumenes
799 3102 920 3165 visurus
934 3100 1038 3166 fuant.
1073 3101 1234 3167 Cernebat
1245 3116 1280 3167 et
1291 3104 1414 3179 Persen,
1446 3122 1447 3155 l

370 3187 433 3251 iarn
448 3187 525 3251 inde
540 3188 580 3253 ab
594 3187 686 3252 initio
700 3187 786 3265 belli,
802 3188 889 3252 omni
904 3188 1000 3252 modo
1015 3210 1104 3274 spem
1119 3188 1205 3276 pacis
1220 3201 1373 3269 tentasse,
1388 3206 1414 3254 et
1446 3196 1447 3241 ἶ

369 3273 404 3336 in
418 3273 486 3338 dies
501 3274 610 3360 magis,
622 3296 687 3360 quo
701 3274 845 3360 proprior
860 3272 1079 3339 admoveretur
1094 3287 1201 3352 terror,
1214 3274 1297 3340 nihil
1311 3300 1413 3365 neque
1446 3292 1447 3303 ³

403 3448 522 3500 onaan·
539 3451 694 3513 orwiombru
712 3451 726 3477 ⁴*
744 3451 770 3510 ’1
797 3450 878 3499 Voces
910 3456 1049 3513 promptam
1088 3467 1140 3501 csse
1178 3450 1358 3502 animadvertit
1389 3456 1413 3503 A.

370 3516 515 3565 caminum
540 3521 684 3573 onerarunt,
711 3519 755 3562 aut
787 3513 878 3563 similes
910 3514 1109 3564 MaiusodExc.
1123 3516 1180 3564 vat.
1194 3516 1282 3579 Polyb.
1295 3518 1366 3565 xxix.
1377 3532 1398 3579 3.

371 3579 488 3640 quasdam
500 3578 650 3628 intercidisse
661 3582 744 3626 censet
755 3577 873 3639 Sigonius.
944 3592 954 3626 1
973 3580 1060 3642 Neque
1071 3580 1131 3629 lello
1141 3595 1196 3629 cum
1206 3581 1326 3630 incudm
1338 3586 1413 3630 anias
1446 3610 1447 3615 =

405 3645 575 3706 7Hmphon]
595 3642 693 3692 Dehoc
703 3641 803 3690 nomine
813 3643 876 3689 mul·
908 3643 1006 3703 habuit]
1023 3642 1134 3705 signinus
1142 3647 1412 3705 reposcentium
1446 3662 1447 3665 ¹

370 3711 426 3754 tum
443 3707 588 3769 disputatur.
622 3706 705 3768 Vulgo
721 3706 823 3769 Eropon
842 3706 875 3753 le·
909 3706 957 3754 Sed
974 3706 1035 3754 nihil
1051 3712 1089 3755 est
1105 3706 1286 3770 praepositione
1302 3724 1375 3770 opus,
1389 3718 1411 3757 ut

370 3769 444 3831 gitur,
461 3771 506 3818 sed
524 3771 638 3833 Crypton
657 3770 824 3831 reponendum
844 3785 875 3819 ex
909 3770 1020 3818 observat
1038 3770 1183 3820 Gronovius
1217 3770 1259 3820 Sic
1275 3774 1371 3821 Auctor
1385 3776 1412 3822 de
1446 3788 1447 3791 ’

372 3833 461 3895 Polyb.
477 3832 535 3895 Lag.
551 3836 589 3895 85.
605 3834 712 3882 Gronov.
727 3837 753 3880 ct
769 3832 875 3882 Crevier.
909 3833 981 3883 Bello
999 3834 1072 3896 Hisp.
1089 3834 1114 3882 in
1134 3833 1210 3883 literis
1229 3836 1362 3899 Pompeii:
1381 3854 1411 3887 co

371 3901 478 3947 censent.
518 3896 647 3945 Bekkerns
670 3897 814 3958 Hicrophon
840 3912 876 3945 re·
909 3898 988 4009 garico
1009 3900 1091 3946 animo
1109 3900 1183 3948 haheo
1201 3901 1236 3947 nd
1253 3916 1296 3949 ooo
1315 3902 1410 3952 ntum.

371 3978 400 4011 ce
418 3964 445 4013 it.
760 4006 771 4021 ,
932 3975 989 4009 aar.

400 3978 545 4087 ilnsames
633 4025 718 4084 acne]
754 4023 876 4072 infamiae
941 4028 1042 4075 closer
1058 4042 1083 4075 ce
1099 4027 1227 4086 moenem]
1251 4028 1365 4077 Accam
1381 4029 1410 4077 ir-

371 4086 478 4138 Eumeni
494 4090 561 4151 apud
577 4088 705 4137 Romanos
720 4092 809 4145 erant;
825 4102 874 4136 sus
907 4089 1191 4151 terpunctionesubiata,
1198 4095 1300 4139 auctora
1310 4092 1409 4141 lietuin-

370 4156 470 4211 pcctum
488 4150 632 4214 proditionis
649 4150 786 4199 Eumenem
804 4150 875 4199 facic-
908 4167 974 4213 gero,
985 4153 1093 4215 reposuit
1105 4152 1212 4203 Bekkcr.
1228 4153 1264 4203 ita
1279 4160 1308 4204 ut
1321 4172 1366 4205 vox
1376 4174 1409 4205 cc

369 4214 436 4263 hant.
453 4215 534 4265 cim.
907 4230 980 4264 censa
999 4231 1056 4265 cum
1075 4224 1192 4279 sequente
1209 4220 1343 4270 mulatio
1360 4236 1409 4271 con

400 4279 556 4341 ortonam
576 4293 654 4340 nepae
672 4277 755 4337 sacti]
784 4277 875 4325 Totam
907 4285 986 4340 grum.

368 4342 432 4390 hanc
464 4339 629 4389 narrationem
656 4354 671 4388 c
699 4339 804 4400 Polybio
833 4340 874 4388 dc-
