2934 4800
325 233 642 302 EDITIONUM
676 235 821 302 LIVIL
1032 247 1097 308 453

78 371 1099 548 ffiffilid‘lmlliil‘fiefflilpffl‘d'iffl

83 559 231 624 terea,
265 559 451 610 contextum
490 545 661 610 Livianum
698 568 773 610 cum
808 545 920 611 decem
956 547 1098 615 diversae

83 645 279 698 monetae
302 646 358 697 aut
377 633 549 732 scripturae
569 631 733 696 codicibus
752 632 903 698 collatum
921 655 999 712 esse,
1015 658 1098 701 nova

92 718 282 783 Ascensii
306 718 466 784 Praefatio
488 719 585 806 priori
611 718 754 784 subiecta
774 719 880 797 docet,
928 743 988 784 uae
1014 721 1097 788 hanc

87 817 241 868 notam
270 804 414 869 Chronol
457 805 536 868 'cam
566 804 783 890 praelerebat:
820 806 899 870 ‘Pri
925 807 954 870 'e
982 808 1097 873 natalis

95 899 111 927 ‘
128 889 320 955 Dominici
338 891 434 955 M.D.
478 891 552 955 lll.’
594 888 826 956 Incalcevero
846 891 920 956 libri
940 892 1097 958 haecsor·

92 975 221 1040 mula
250 977 386 1062 ascripta
415 976 590 1062 reperitur:
628 975 701 1040 ‘Ex
732 977 866 1041 aedibus
892 979 1097 1045 Ascensianis

99 1061 250 1148 ‘longe
276 1062 478 1139 accuratiore,
503 1085 600 1148 quam
625 1061 761 1148 pridem,
785 1063 957 1149 vigilantia,
981 1065 1097 1130 collato

101 1157 116 1186 ‘
132 1148 306 1212 videlicet
321 1146 494 1234 exemplari
508 1169 582 1212 cum
597 1147 709 1211 decem
720 1149 921 1214 venerandae
931 1152 1097 1216 vetustatis

102 1243 116 1272 ‘
136 1233 328 1311 codicibus,
345 1247 378 1298 et
399 1256 465 1298 non
488 1234 649 1298 oscitantis
671 1233 792 1298 iudicio
808 1257 862 1298 rec
927 1235 982 1312 ito,
999 1249 1095 1323 atque

106 1329 120 1360 ‘
137 1320 338 1406 plusquam
357 1321 515 1384 sexcentis
534 1319 612 1384 locis
631 1318 797 1397 illustrato,
812 1321 847 1384 in
862 1321 885 1383 il
898 1322 976 1384 ustri
991 1321 1097 1386 Parri-

105 1415 119 1444 ‘
135 1407 273 1470 siorum
311 1406 497 1482 Academia,
535 1406 686 1492 impensis
731 1403 885 1470 lobannis
921 1407 1026 1485 Parvi,
1063 1422 1097 1473 et

111 1501 125 1530 ‘
138 1493 265 1640 {Ipsius
292 1493 367 1643 quliW
378 1491 1097 1643 bllllllt'adAllemfi'Dmobredemptionh

109 1587 123 1616 ‘
172 1601 312 1642 umenae
371 1626 377 1642 .
418 1627 426 1642 .
522 1627 527 1639 .
637 1599 714 1642 onas
764 1599 853 1643 ecem
875 1580 947 1642 res.'

58 1669 125 1729 16.
160 1663 297 1728 Parisiis
312 1686 352 1728 ex
368 1663 498 1728 aedibus
514 1664 727 1740 Ascensianis‚
744 1664 779 1726 in
792 1664 894 1728 forma
907 1665 1037 1730 maiore.

175 1748 270 1814 Haec
289 1749 396 1825 editio,
414 1771 510 1836 quam
530 1750 642 1814 itidem
658 1749 822 1814 Maittnire
841 1750 875 1813 in
893 1751 1012 1818 Annal.
1029 1751 1097 1840 Ty-

113 1836 334 1924 pographicis
348 1858 413 1900 non
431 1837 600 1913 recensuit,
613 1836 724 1900 eadem
740 1837 849 1900 omnia
860 1837 999 1915 exhibet,
1012 1861 1095 1925 quae

115 1923 278 2009 proxime
300 1922 503 2008 praecedens,
519 1923 613 2071 eisppe
636 1945 732 2009 quam
756 1923 917 1987 simillima
939 1937 995 2001 est,
1015 1924 1096 1990 adeo

117 2022 165 2072 ut
201 2021 333 2095 utraque
366 2007 499 2072 totidem
529 2008 561 2072 fo
576 2009 612 2071 'is
643 2009 830 2074 absolvetur.
877 2009 954 2073 Non
988 2023 1096 2075 tamen

148 2107 301 2180 ropterea
322 2094 569 2159 existimandum
592 2107 649 2171 est,
670 2116 741 2158 eam
764 2107 888 2158 tantum
910 2095 1030 2172 fraude,
1046 2097 1096 2160 bi·

118 2117 281 2266 bliopolis
296 2182 411 2244 nostris
429 2180 525 2244 bodie
543 2179 715 2244 admodum
730 2180 900 2267 frequenti,
916 2203 949 2246 se
965 2205 985 2246 a
997 2182 1095 2269 priori

122 2266 289 2330 diversam
313 2289 380 2330 esse
402 2267 539 2330 mentiri.
587 2265 684 2330 Plura
706 2267 794 2330 enim
816 2281 943 2332 exstent
964 2269 1093 2346 indicia,

123 2351 221 2417 unde
233 2353 338 2439 colligi
354 2364 467 2440 potest,
479 2375 549 2417 eam
564 2352 625 2418 boc
641 2375 725 2417 anno
739 2376 849 2419 revera
862 2368 962 2419 totam
978 2355 1093 2419 iterum

126 2462 283 2503 excusam
310 2462 387 2504 esse.
433 2440 562 2503 Titulus
587 2441 673 2504 enim
699 2441 920 2527 praecedentis
945 2441 1095 2505 editionis

127 2525 266 2589 exbibet
295 2526 431 2613 signum,
458 2548 523 2610 quo
553 2524 712 2589 Iohannes
742 2526 871 2602 Parvus,
902 2527 967 2590 sive
997 2525 1094 2603 Petit,

128 2612 525 2762 &deff-lilii
538 2634 622 2761 tlt}
646 2611 1031 2774 ltlllllttll‘ttt
1046 2614 1095 2761 ”el

352 2744 360 2774 2

128 2782 235 2848 literis
263 2782 290 2847 1.
319 2786 357 2849 P.
386 2720 571 2869 inscriptum
601 2785 802 2861 sustinentes,
832 2783 956 2848 adiecto
985 2784 1095 2848 subtus

131 2871 263 2934 nomine
279 2870 356 2946 eius,
373 2868 396 2933 J
399 2868 533 2935 EHAN
549 2869 699 2936 PETIT.
739 2870 846 2935 Huius
860 2884 971 2935 contra
985 2869 1096 2935 titulus

131 2956 271 3043 praefert
285 2957 376 3021 binos
391 2956 527 3033 Leones,
543 2968 668 3020 scutum
688 2958 873 3043 bipartitum
893 2958 1095 3034 sustinentes,

134 3042 227 3107 cuius
262 3041 415 3129 superiori
449 3057 538 3141 parte
575 3043 814 3128 conspiciuntur
851 3057 913 3108 tres
948 3042 1094 3120 coroirae,

134 3128 260 3215 aequali
282 3128 394 3193 ordine
417 3127 495 3192 eliae
515 3128 557 3193 ad
578 3127 660 3191 latus
681 3128 814 3193 aliarum
828 3128 1009 3215 dispositae,
1024 3150 1096 3215 pars

136 3228 242 3292 autem
278 3214 409 3279 inferior
437 3213 530 3301 pellis
566 3213 709 3277 murinae
740 3214 785 3277 im
828 3213 835 3227 ⁸
861 3236 912 3276 em
942 3215 1094 3290 imitatur,

137 3300 246 3366 addito
264 3302 374 3365 subtus
395 3301 524 3365 nomine
545 3298 795 3364 LODOVlCU
843 3298 1095 3364 HORNKEN.

137 3386 266 3451 Deinde
291 3388 324 3451 in
348 3388 446 3474 priori
472 3386 613 3451 editione
637 3386 716 3451 baec
738 3387 835 3450 verba
856 3386 916 3449 sub
937 3385 1097 3471 descripto

138 3474 164 3538 si
208 3497 227 3538 o
251 3474 262 3537 l
325 3488 420 3537 ntru:
446 3471 710 3537 ‘vaenundantur
730 3472 770 3536 ab
785 3471 929 3536 Iohanne
944 3469 1047 3535 Parvo
1064 3484 1098 3535 et

140 3569 149 3599 ⁴
178 3496 398 3625 odocdglladio
413 3558 604 3635 Ascensi03’
630 3559 664 3622 in
684 3557 850 3659 posteriori
869 3569 976 3622 autem
996 3556 1095 3621 haec:

140 3646 380 3711 ‘vaenirdantur
404 3646 444 3711 ab
471 3645 619 3711 Gotfiido
646 3644 832 3731 Hrttorpio.’
876 3642 1012 3743 Insuper
1034 3642 1098 3707 for-

140 3732 225 3798 mula
246 3732 287 3796 ad
310 3733 407 3797 linem
431 3732 526 3797 huius
549 3732 698 3796 editionis
719 3730 831 3795 addita
850 3730 886 3793 in
906 3728 1098 3815 quibusdam

141 3819 242 3884 differt
261 3820 301 3883 ab
325 3817 389 3896 illa,
405 3840 502 3905 quam
520 3816 723 3917 praecedenti
743 3816 900 3881 adiectam
917 3837 986 3879 esse
1000 3814 1097 3879 modo

142 3905 281 3970 vidimus.
328 3904 368 3969 In
394 3904 454 3969 bac
478 3926 565 3969 enrm
591 3903 704 3968 ultima
728 3902 797 3967 eius
822 3924 895 3988 pars
920 3900 971 3965 bis
992 3902 1098 3966 verbis

143 3992 333 4078 concipitur:
359 3991 415 4054 ‘in
430 3990 543 4056 illustri
558 3989 789 4054 Parrbisiorum
804 3988 976 4065 academia,
991 4010 1098 4051 rursus

145 4086 154 4117 ‘
164 4100 256 4165 opera
274 4091 308 4143 et
327 4078 528 4142 accuratione
544 4076 749 4151 Ascensiana,
764 4096 850 4139 anno
869 4074 1097 4161 redemptionis

145 4164 315 4229 ‘humanae
332 4164 531 4229 M.D.XVI.
544 4161 586 4226 ad
601 4160 712 4225 Nonas
727 4160 856 4226 Iunias!
888 4159 1040 4260 Denique
1056 4184 1097 4225 ex

146 4263 205 4316 toto
225 4251 341 4338 passim
360 4261 515 4314 contextu
530 4248 666 4315 Liviano
686 4246 766 4311 duas
784 4246 922 4312 diversas
940 4246 1098 4312 editiones

147 4358 204 4402 esse
232 4337 403 4402 clariaeime
433 4336 548 4401 elucet.
606 4334 762 4411 Quamvis
797 4333 883 4398 enim
916 4332 1098 4422 posterioris
