2934 4800
325 226 391 289 390
696 218 1019 288 PRAEFATIO

324 377 576 466 corruptissimos
597 390 706 444 tamen
727 380 807 459 illos,
823 403 903 467 quos
925 380 960 445 in
979 381 1175 445 Annotatr.
1199 372 1247 441 ad
1269 371 1373 439 Sallm?

325 480 411 546 Hist
434 480 507 547 Lib.
533 479 596 546 IlI.
618 480 812 569 Fragmenta
834 506 866 571 p.
887 488 939 548 86.
964 506 1034 571 sqq.
1056 482 1246 556 reoemui,
1274 478 1374 542 imm

324 584 530 673 relinqueret,
544 607 618 650 cum
633 586 892 652 annotationibus
905 586 1024 651 criticis
1037 584 1211 651 edidero.
1426 590 1427 595 ’

370 689 493 767 Restat,
518 701 555 754 ut
579 688 620 755 de
649 690 795 769 ratione,¹
808 713 906 778 quam
931 690 966 754 in
993 690 1085 756 Livii
1122 688 1223 753 libro
1256 684 1380 751 tdeedm
1426 680 1427 685 ¹

326 793 421 857 tertio
444 791 486 858 ad
507 790 625 856 codicis
648 790 891 880 Bambergensis
913 804 947 857 et
968 790 1174 857 editionum
1206 788 1383 875 antiqmms

326 894 425 959 fidem
448 893 576 960 edendo
599 907 696 981 atque
718 896 870 960 varietate
894 893 1072 959 lectionum
1099 895 1148 959 in
1177 891 1311 969 ueteris,
1330 910 1385 977 qus

327 996 430 1063 oodex
444 996 498 1061 ille
512 997 666 1074 continet,
683 996 771 1062 Livii
785 996 873 1062 libris
886 996 1058 1085 diligenter
1079 993 1278 1063 enotanda
1290 1008 1385 1058 secum

326 1122 408 1179 sum,
422 1100 619 1189 paucimimis
636 1099 805 1165 absolvam.
851 1101 995 1166 Primum
1016 1101 1186 1166 omnium
1211 1095 1387 1188 igitur,lise

327 1226 432 1293 nuper
452 1202 666 1269 homunculus
688 1204 797 1269 neseio
820 1205 903 1292 quis,
923 1203 981 1292 qui
1003 1202 1065 1269 sibi
1091 1216 1240 1281 caveat,
1267 1224 1320 1279 ne,
1338 1202 1386 1263 tu

328 1304 396 1367 vult
421 1304 553 1367 validius
580 1302 692 1388 instare
719 1325 790 1381 sese,
817 1315 854 1367 ut
882 1302 1049 1368 Phaedrus
1078 1302 1143 1382 ait,
1184 1312 1291 1387 reque
1317 1304 1388 1363 ma

329 1430 461 1493 corpore,
476 1405 683 1471 minutiarum
697 1404 840 1471 studium
855 1405 934 1470 mihi
948 1404 1077 1493 publice
1093 1406 1289 1482 obiecerit,
1303 1404 1336 1469 in
1347 1401 1387 1465 lus

329 1531 459 1596 quoque
479 1507 586 1574 labore
605 1506 728 1572 fortiter
748 1531 785 1573 ao
804 1522 932 1573 strenue
953 1507 1160 1574 exantlando
1188 1531 1241 1574 ne
1267 1504 1388 1571 minuti·

329 1612 424 1676 simae
438 1610 570 1699 quidem
584 1634 635 1677 res
648 1610 856 1699 negligendas
872 1634 940 1677 esse
958 1612 1163 1693 existimavi,
1180 1611 1286 1679 haud
1300 1610 1388 1674 imme-

329 1735 400 1779 mor
422 1736 543 1793 eorum,
567 1736 650 1801 quae
674 1712 824 1779 Erasmru
848 1713 1085 1779 Roterodamus
1110 1730 1151 1781 et
1175 1715 1273 1780 Dav.
1294 1708 1387 1777 aute

329 1815 444 1880 kenius
469 1814 510 1880 de
536 1815 684 1881 codicum
711 1838 809 1881 manu
834 1816 1022 1905 scriptorum
1048 1816 1243 1884 collatione
1271 1816 1305 1881 in
1333 1812 1385 1877 aui

330 1939 456 1983 versum
482 1934 720 2006 praeceperunt
767 1917 826 1983 llle
852 1918 938 1983 enim
963 1918 998 1983 in
1024 1920 1243 2006 praefatione
1271 1914 1384 1984 editims'
1424 1953 1426 2048 p

331 2020 543 2108 Moguntinae
574 2020 731 2109 praefixa:
771 2022 911 2099 Nullum,
941 2021 1056 2109 inquit,
1089 2034 1162 2089 tam
1195 2028 1383 2111 &pravam

331 2127 491 2211 amplier,
504 2126 582 2189 ande
595 2126 699 2189 sollers
710 2121 916 2190 coet'eetator⁹²
926 2148 985 2191 aon
996 2126 1095 2191 multu
1108 2140 1213 2215 queat
1222 2130 1381 2193 restim
1423 2133 1426 2268 1

1424 1157 1426 1214 l

332 2333 431 2383 datione
441 2333 563 2393 mbstitui,
573 2348 668 2383 memor
680 2348 765 2383 eorum
777 2348 840 2397 quse
872 2331 1024 2391 descisceret,
1042 2331 1079 2380 ita
1102 2334 1250 2395 taem
1269 2346 1314 2395 pro
1330 2336 1379 2391 tr?

332 2398 359 2448 in
386 2397 467 2461 Epist.
488 2397 521 2449 ad
546 2397 654 2450 Goeller.
679 2415 704 2461 p.
726 2410 782 2462 447.
804 2413 839 2462 sq.
868 2398 980 2460 araphae
991 2402 1017 2446 et
1024 2397 1170 2458 penulas-e
1187 2414 1237 2462 pro
1244 2398 1377 2462 privs?

332 2463 484 2526 scripseram.
532 2463 623 2513 Postea
648 2469 733 2512 tamen
761 2463 839 2526 Kopi·
872 2467 947 2512 neret.
980 2461 1056 2517 Quod
1079 2475 1167 2523 quum
1191 2463 1220 2511 in
1246 2459 1378 2530 praelatis!

333 2529 410 2577 tarius
431 2543 475 2590 per
496 2527 579 2576 literas
600 2527 661 2576 mihi
686 2527 841 2589 signideavit,
872 2523 1080 2576 commentationi
1092 2525 1126 2573 de
1141 2523 1378 2580 &autumem

334 2591 481 2641 venabulum
494 2594 577 2640 minus
592 2591 619 2640 in
633 2591 717 2640 oodiee
732 2589 840 2654 reperiri.
873 2589 1066 2640 tristatum.
1079 2587 1260 2652 magmenta,
1269 2597 1315 2640 eu.
1324 2599 1375 2650 μθ

334 2656 406 2705 Nihil
417 2657 491 2718 igitur
500 2656 632 2718 quiequam
643 2657 797 2706 mutandum.
872 2653 945 2703 missa
961 2667 985 2716 p.
1000 2667 1036 2703 rs.
1053 2667 1098 2715 per
1116 2653 1209 2702 iocum
1228 2669 1308 2730 impu
1321 2663 1376 2722 qu}

368 2734 397 2768 sa
415 2721 490 2782 Apud
501 2720 629 2783 scriptores
640 2719 751 2778 latinos,
762 2735 777 2768 a
788 2717 840 2782 qui-
872 2717 934 2767 serio
950 2723 976 2766 et
991 2730 1123 2780 suppremo
1135 2716 1284 2768 Hauthalir
1298 2727 1378 2766 aaut

333 2785 380 2833 bus
390 2784 538 2832 somniorum
554 2789 629 2845 atque
643 2783 753 2832 ominum
768 2783 840 2832 inter
872 2781 1089 2846 reprehendissem,
1118 2786 1175 2831 tam
1209 2783 1320 2846 pavita
1338 2779 1375 2828 ila

334 2853 424 2910 pretes,
433 2853 462 2896 ut
476 2847 661 2904 Quinctilianus
677 2847 759 2898 Instit
772 2848 840 2897 Orat
873 2860 949 2908 quum
969 2861 995 2894 se
1013 2844 1065 2908 peti
1083 2845 1216 2906 sensinet,
1235 2850 1376 2910 exaperta!

335 2911 389 2960 111.
401 2909 424 2960 6.
440 2924 478 2972 ge
496 2911 699 2971 attenuatae
716 2917 841 2971 vocantur,
873 2915 955 2970 est,ut
965 2909 990 2957 in
1002 2909 1064 2958 libre
1074 2909 1110 2958 sie
1120 2909 1267 2974 inscripto:
1285 2910 1377 2968 neser

333 2975 686 3036 tnrstraquaerasvoosbulum
696 2977 842 3025 ooauotator
874 2989 917 3022 rur
933 2973 1091 3030 Gesehiehte,
1104 2973 1313 3039 uerbenam.
1327 2973 1375 3023 ra

334 3038 631 3089 abErasmoeoutiotum.
659 3039 749 3102 Neque
759 3045 842 3088 nostra
873 3039 981 3101 stellung
999 3038 1051 3086 und
1069 3037 1219 3102 Erkldrurm
1239 3040 1290 3088 des
1305 3039 1376 3090 ‘falfi

334 3107 416 3152 aetate
426 3103 524 3162 desunt,
533 3103 575 3165 qui
588 3103 684 3152 Erasmi
698 3103 841 3166 exemplum
874 3103 917 3151 der
927 3101 1023 3152 Satiren
1035 3102 1078 3151 des
1090 3101 1193 3151 Persius
1204 3119 1254 3152 von
1267 3103 1316 3154 Dr.
1324 3100 1377 3153 rat

334 3172 475 3230 sequantur.
503 3167 664 3217 Praeceteris
673 3167 842 3217 teruenFerd.
875 3166 998 3216 Hauthal.
1014 3165 1122 3241 Leipsig.
1143 3168 1218 3229 1837.
1235 3183 1315 3231 quern
1330 3162 1376 3216 aid

336 3232 498 3291 Hauthslius‚
519 3232 588 3280 errius
608 3231 769 3281 Latinitatem
792 3246 841 3281 uon
874 3230 922 3279 fios
942 3245 1001 3279 sane
1019 3244 1126 3278 censoris
1147 3231 1248 3292 publici
1268 3231 1376 3291 nnnes't

335 3297 405 3357 falso,
425 3297 468 3345 sed
487 3295 574 3345 merito
592 3301 731 3358 erspeotam
751 3311 783 3345 ex
803 3295 842 3355 iis,
873 3296 974 3353 dosunt
985 3293 1127 3357 Propertius
1137 3294 1183 3354 ait,
1191 3297 1377 3356 etsemdm'r

335 3376 399 3425 quae
409 3362 441 3410 de
455 3375 520 3409 nova
531 3359 629 3408 Horatii
639 3359 756 3420 editione,
767 3375 842 3422 quam
873 3366 897 3410 et
912 3360 1046 3421 chalybas
1061 3373 1165 3408 oeneus
1179 3361 1287 3421 remoti,
1297 3367 1375 3410 aest*

335 3425 436 3474 molitur
447 3430 472 3474 et
485 3439 575 3488 magno
589 3423 660 3472 hiatu
675 3423 842 3487 promittitis
874 3423 997 3486 quondam
1017 3422 1163 3485 disciplinae
1183 3425 1298 3484 alumni,
1316 3421 1376 3474 adi

337 3489 420 3539 Iahnii
442 3489 533 3539 Amat
557 3487 675 3551 philolog.
701 3494 728 3537 et
752 3489 841 3550 paeda·
873 3491 925 3536 tate
941 3487 1142 3549 indulgentiaque
1157 3487 1264 3537 adiutus
1280 3489 1376 3538 Draus

334 3569 388 3617 gog.
403 3569 426 3602 a.
443 3553 512 3614 ¹⁸30·
531 3552 590 3601 Vol.
606 3552 645 3602 ΙΙ.
662 3553 732 3601 Fare.
751 3552 799 3602 1v.
817 3567 840 3615 p.
872 3551 899 3600 in
916 3551 1013 3601 officina
1029 3549 1249 3601 Bloehmauniana
1265 3553 1334 3617 typis
1346 3567 1375 3601 ss·

336 3632 392 3680 450.
400 3633 451 3680 sqq.
463 3616 576 3666 disseruit
586 3615 842 3680 atqueerlibelloita
873 3615 1027 3664 scribendum
1056 3615 1161 3675 curavit,
1183 3621 1220 3676 et,
1244 3632 1323 3679 quum
1346 3631 1375 3666 nt

336 3683 470 3744 inscripto:
492 3680 551 3730 Auli
568 3681 645 3730 Persii
661 3679 746 3730 Flaoci
763 3679 843 3729 Satira
873 3679 945 3728 illum
962 3693 1018 3728 meo
1033 3678 1096 3728 mihi
1111 3695 1168 3729 aere
1183 3689 1375 3743 eomparaturm

337 3745 416 3808 prima
433 3745 499 3794 edite
517 3751 543 3794 et
561 3745 680 3808 oestigata
694 3745 727 3793 sd
747 3743 841 3794 XXX.
874 3759 926 3794 esse
942 3749 1008 3792 reete
1024 3743 1173 3804 desperaret,
1184 3743 1250 3805 ipse,
1269 3747 1324 3808 qais
1337 3761 1375 3794 ere

336 3809 455 3858 editiones
471 3809 658 3872 antiquissimae,
672 3815 718 3858 etc.
736 3824 752 3856 a
770 3808 842 3858 Ferd.
875 3807 939 3856 det?
954 3808 987 3856 sd
1001 3823 1042 3856 me
1056 3807 1200 3868 transmisit,
1210 3823 1239 3871 p.
1251 3811 1373 3872 373—382

337 3873 458 3923 Hauthal.
477 3872 585 3936 Lipsiae,
604 3875 672 3936 1833.
691 3875 723 3922 de
741 3888 790 3936 quo
810 3871 842 3920 G.
875 3871 977 3934 aliisque
991 3871 1051 3920 loeis
1064 3871 1236 3921 taeterrimum
1248 3872 1373 3923 aoerhimtis

337 3936 469 4000 Pinagerus
488 3937 515 3985 in
537 3937 750 3999 ephemeridibus:
776 3935 842 3985 Zeit·
875 3951 934 3984 suae
945 3935 1010 3984 virus
1024 3937 1050 3984 in
1064 3951 1105 3984 me
1119 3943 1257 3998 evomeret,
1266 3937 1373 4000 rimabar

335 3999 844 4051 sehriftt'drdiedlterthumsvissenschaft.
876 3998 992 4048 conviciis
1007 4015 1036 4048 ao
1053 3999 1147 4062 probris
1161 4015 1203 4049 me
1217 4001 1371 4059 insectemur.

340 4066 408 4126 ¹835·
427 4065 478 4114 No.
496 4078 598 4127 30-33.
614 4081 638 4127 p.
655 4063 790 4126 246-26e
807 4079 843 4114 se-
875 4063 1009 4126 utpuemli
1019 4064 1046 4113 in
1056 4063 1133 4114 triviis
1143 4065 1370 4125 soleatnoaverhir,

338 4128 565 4187 veroquidem,sed
576 4128 778 4188 reeteiudicavit,
790 4143 843 4191 eog-
876 4129 919 4177 sed
935 4128 1073 4176 verberibus
1091 4127 1234 4192 castigandi.
1270 4129 1317 4178 Par
1329 4130 1368 4193 peri

336 4202 423 4236 nosoas
443 4189 511 4247 licet,
534 4191 581 4238 hoc
604 4191 650 4238 sibi
671 4193 785 4265 sumpsit,
807 4199 844 4251 ut,
875 4191 964 4240 referre
982 4198 1008 4240 et
1026 4191 1226 4241 muliercularum
1248 4194 1297 4244 ritu
1312 4196 1367 4243 altas

337 4250 543 4312 quemadmodum
557 4252 582 4299 in
597 4253 683 4301 multis
695 4255 750 4303 aliis
764 4257 796 4304 ab
806 4253 841 4303 in·
875 4255 925 4304 oan'
942 4270 992 4304 nou
1007 4255 1104 4317 honori,
1114 4257 1158 4305 sed
1174 4257 1288 4306 dedecori
1304 4259 1366 4308 dum:

337 4316 451 4372 corrupta
469 4311 550 4362 Latini
570 4316 686 4366 sermonis
703 4317 842 4382 integritate
874 4317 906 4367 de
933 4334 959 4367 re
986 4334 1065 4381 pauca
1092 4321 1192 4370 addam.
1234 4319 1366 4372 Hauthaliu
1418 4374 1420 4391 .

1404 4419 1422 4787 l
