2934 4800
318 101 382 162 236
701 91 984 158 EPITOMAE

319 230 579 317 proficisceretur,
594 226 711 292 accidit
726 249 797 303 rox,
816 225 924 304 Mane,
939 221 1110 291 Mancine:
1132 247 1230 312 quae
1246 243 1371 306 arm

320 316 422 381 tristia
443 314 548 391 fuisse,
573 327 689 378 eventu
714 313 881 398 probatum
905 325 961 376 est
1008 311 1123 376 Victus
1146 311 1253 376 enim
1276 329 1298 371 a
1317 305 1374 370 tt:-

319 400 469 467 mantinis
483 412 518 464 et
530 399 639 464 castris
652 415 778 475 exutus,
819 420 893 462 uum
913 419 986 484 spes
1005 397 1094 462 nulla
1112 395 1283 462 servandi
1299 414 1375 456 exe·

319 487 401 552 citus
416 498 508 564 esset,
523 507 633 573 pacem
652 505 727 550 cum
745 485 783 548 iis
795 423 873 549 lecit
886 483 1141 570 ignominiosam,
1156 503 1276 569 quam
1291 494 1377 544 rm

320 595 388 638 esse
411 585 539 636 senatus
559 571 670 636 vetnit.
716 569 864 656 Triginta
888 569 986 638 millia
1010 569 1249 634 Romanorumn
1276 589 1297 628 a
1322 565 1379 628 ss

320 659 536 722 mantinorum
573 655 711 721 millibus
748 668 898 742 quattuor
930 656 1015 720 victa
1049 668 1151 720 erant
1205 654 1261 718 D.
1281 650 1380 715 Iunius

322 743 531 820 Lusitaniam,
557 742 689 828 triginta
713 742 839 806 urbium
870 741 1173 828 expugnationibus,
1204 760 1325 826 usqoe
1351 735 1382 798 al

321 851 467 895 occasum
490 841 524 892 et
548 827 715 892 Oceanum
739 825 940 914 perdomuit3
964 840 1005 903 et,
1024 849 1127 913 quum
1149 827 1307 890 fluvium
1326 823 1382 886 os

321 914 472 979 livionem
487 914 617 979 transire
635 913 759 978 nollent
774 913 898 990 milites,
913 926 1059 999 ereptum
1077 913 1244 998 signifer-0
1262 912 1383 996 mpura

321 1000 388 1088 ipse
404 999 573 1090 transtulit,
585 1013 619 1064 et
632 999 688 1076 sic,
700 1012 738 1064 ut
751 999 1054 1085 transgrederentur,
1069 999 1250 1086 persuasit.
1292 995 1383 1058 Aler-

322 1085 414 1151 andri
432 1084 526 1163 iilins,
542 1108 599 1149 rex
621 1084 742 1173 Syriae,
758 1085 870 1149 decem
890 1107 990 1148 annos
1009 1084 1187 1149 admodum
1212 1083 1383 1152 habcma

323 1172 477 1250 Diodoto,
502 1171 559 1258 qui
585 1171 742 1259 'Ptyphon
767 1171 1059 1258 cognominabanrr,
1086 1183 1194 1234 tutore
1229 1191 1310 1244 suo,
1336 1189 1383 1252 prr

323 1258 466 1324 fraudem
489 1258 612 1322 occisus
633 1270 701 1332 est;
724 1257 881 1343 corruptis
903 1256 1045 1333 medicis,
1067 1256 1135 1342 qui,
1161 1251 1382 1320 eum-calend

323 1343 432 1410 dolore
452 1343 595 1409 consumi
614 1343 656 1407 ad
675 1341 830 1430 populum
851 1343 988 1419 mentiti,
1006 1342 1084 1406 dum
1106 1355 1236 1420 secant,
1259 1337 1383 1405 oom'de·

322 1444 407 1496 runt,

804 1599 893 1668 LVL

325 1772 367 1838 D.
381 1771 547 1838 IUNIUS
567 1772 758 1839 BRUTUS
778 1774 812 1838 in
832 1773 989 1861 Hispania
1002 1773 1150 1839 ulteriore
1167 1769 1376 1838 feliciterad·

324 1883 432 1925 versus
448 1858 615 1924 Gallaecos
628 1861 791 1947 pugnavit.
837 1859 994 1944 Dissimili
1014 1872 1132 1924 eventu
1150 1859 1203 1924 Μ.
1215 1857 1375 1924 Aemilim

325 1945 469 2033 Lepidus
486 1944 658 2094 proconsul
679 1945 829 2010 adversus
843 1945 1005 2011 Vaccaeos
1023 1968 1092 2010 rem
1105 1947 1219 2032 gemit,
1237 1943 1375 2010 cladem·

348 2055 389 2095 ue
414 2031 550 2095 simiem
577 2030 795 2096 Numantinae
824 2054 933 2119 passus
958 2045 1015 2096 cst.
1061 2031 1117 2096 Ad
1142 2028 1373 2097 exsolvendum

362 2116 519 2180 amantini
542 2116 679 2182 foederis
702 2116 856 2204 religione
879 2140 922 2205 po
944 2116 1044 2195 ulum,
1066 2116 1257 2194 Mancinus,
1280 2135 1371 2203 quun

324 2201 420 2267 huius
441 2203 488 2267 rei
509 2215 620 2267 auctor
640 2202 759 2280 fnisset,
779 2202 907 2268 deditus
923 2140 1143 2281 limantium,
1164 2226 1234 2268 non
1260 2219 1313 2268 αι
1332 2223 1373 2264 re-

325 2301 446 2376 ceptus.
492 2287 643 2352 Lustrum
659 2311 679 2352 a
691 2290 875 2354 censoribus
889 2289 1054 2354 conditum
1068 2301 1125 2354 est.
1172 2291 1289 2354 Censa
1306 2299 1369 2351 arnt

325 2375 567 2525 ciyiuchtppita
584 2387 727 2526 ffiegccecnta
744 2374 1067 2527 viginpivtriafflrpillia,
1082 2389 1251 2526 rpplngenta
1266 2370 1370 2471 viginti

327 2478 918 2634 ttiil⁴cosc¹‹¹›1li¹uuipraediirilm'rslraais
937 2484 1023 2612 curross
1033 2464 1368 2636 diciordisldiiopsrldsbir‘cnw

326 2633 490 2719 pugnavit.
536 2633 648 2707 Quum
669 2632 789 2698 bellum
808 2632 1043 2698 Numantinum
1066 2634 1145 2698 vitio
1166 2633 1293 2699 ducum
1315 2652 1367 2696 non

326 2716 704 2867 assume
720 2718 866 2892 aas
882 2719 1030 2870 sss
1044 2715 1368 2893 sisela

327 2826 1145 3054 sssassistemusu
1170 2906 1369 3066 “usu
1418 2927 1419 2942 ψ

327 3058 450 3160 solutus
473 3074 529 3123 est
576 3060 703 3161 Bellum
726 3063 849 3141 servile,
863 3062 904 3163 'in
953 3062 1038 3127 icilia
1059 3076 1175 3163 ortum,
1194 3086 1301 3165 quum
1322 3083 1367 3149 op·

327 3146 1369 3315 rpsblurtfflffuffl

329 3316 447 3405 Syrus3
467 3318 537 3418 oui,
553 3331 713 3419 contracta
727 3320 898 3406 agrestium
915 3343 1077 3386 servorum
1095 3342 1205 3399 manu,
1221 3337 1258 3388 et
1271 3321 1368 3388 solutis

328 3402 502 3491 ergastulrs,
518 3405 592 3469 rusti
610 3418 770 3470 exercitus
787 3428 957 3471 numerum
977 3406 1129 3493 implevit.
1177 3407 1287 3474 Cleon
1301 3430 1367 3496 qno·

328 3512 402 3576 qne,
414 3489 495 3555 alter
508 3512 625 3566 servus,
636 3490 678 3555 ad
692 3492 894 3579 septuaginta
908 3492 1008 3558 millia
1021 3514 1184 3559 serrorum
1199 3496 1366 3567 contrariu
1420 3511 1421 3515 ’

328 3589 371 3651 et,
386 3575 486 3661 copiis
500 3575 626 3653 iunctis,
642 3589 753 3642 contra
767 3578 921 3665 populum
937 3578 1118 3645 Romanum
1134 3581 1367 3669 exercitumque

328 3661 397 3725 eius
412 3660 530 3726 bellum
544 3685 638 3751 saepe
652 3678 825 3751 gesserunt.

799 3922 905 3989 Lvu

331 4088 485 4157 scuuo
500 4065 775 4160 sistemus
792 4094 1097 4162 annuamus
1112 4097 1248 4176 osseus,
1264 4114 1298 4164 a
1310 4120 1365 4164 cor-

328 4188 459 4264 ruptum
488 4177 618 4244 licentia
645 4179 836 4267 luxuriaque
869 4184 1046 4251 exercitum
1078 4183 1120 4249 ad
1149 4186 1365 4252 severissimam

1404 4434 1423 4725 l

629 4732 1385 4755 Vr—‘p-pr———r—-q—-q-d·
