2934 4800
1102 15 1442 24 -—·-———

450 225 775 294 KREYSSIGII.
1076 241 1141 305 349

61 383 196 464 rictam,
211 385 457 474 haudquaquam
474 409 584 476 passus
602 411 672 456 eum
693 413 745 458 me
764 392 935 480 prohiberi,
951 419 1017 484 quo
1032 401 1138 468 minus

60 487 224 552 liberum
247 489 367 556 codicis
391 493 651 577 praestantissimi
676 517 770 560 usum
795 520 816 562 a
838 495 966 565 Iaeckio
988 505 1136 589 precibus

61 591 287 670 enixissimis,
314 615 394 680 quas
421 593 475 660 ille
505 617 659 684 perquam
688 599 842 665 benevole
867 601 1005 682 admisit,
1034 605 1137 696 impe·

62 705 203 758 trarem
216 708 259 772 et,
275 718 372 782 quam
391 697 511 786 largam
530 698 704 766 lectionum
722 702 861 769 maxime
882 708 1135 776 memorabilium

63 819 221 863 messem
245 796 414 865 Goellerus
439 801 559 888 pariter
586 825 624 868 ac
651 803 816 870 Bekkerns
839 807 932 874 nobis
960 809 1134 899 reliquerit,

61 900 200 986 partim
223 900 259 965 in
285 901 433 968 editionis
459 902 677 971 Bekkerianae
706 929 841 974 censura
865 908 1134 998 premeridibus

64 1001 230 1068 literariis
252 1002 441 1071 Ienensibus
462 1029 490 1071 a.
509 1011 602 1073 1831.
619 1007 683 1074 Νο.
703 1014 929 1101 153-156.ρ.
950 1019 1134 1086 aot-287.

64 1103 215 1183 inclusa,
230 1107 347 1194 partim
365 1108 401 1172 in
419 1109 661 1176 Meletemotum
676 1113 861 1180 criticorum
875 1116 971 1200 Sper.
986 1117 1016 1182 1.
1032 1117 1134 1186 Mise-

67 1227 134 1270 nae
159 1229 193 1272 a.
213 1211 306 1286 1832.
327 1208 416 1274 edito
430 1208 689 1290 demonstrarem,
704 1213 863 1302 simulque
885 1215 1133 1288 obtrectatorum

66 1309 357 1377 criminationibus
370 1312 496 1377 obviam
510 1313 617 1378 eundo
631 1335 704 1380 mea
717 1315 798 1380 mihi
810 1317 1014 1385 vindicarem.

116 1412 221 1478 Haec
240 1413 281 1479 de
301 1437 335 1480 re
357 1437 459 1504 aeque
481 1417 605 1502 ingrata
626 1439 664 1482 ac
683 1417 824 1483 iucunda
840 1419 974 1506 praefati
993 1423 1132 1510 primum

70 1516 228 1580 omnium
250 1539 351 1604 pauca
374 1517 528 1583 addamus
550 1517 599 1597 iis,
614 1541 696 1605 quae
722 1517 892 1586 Goellerus
912 1545 943 1610 p
964 1528 1041 1592 347.
1060 1549 1130 1616 sqq.

71 1617 114 1683 de
130 1619 258 1685 codicis
273 1618 516 1708 Bambergensis
530 1619 572 1686 ed
586 1622 748 1688 saeculum
762 1623 970 1690 undecimum
983 1629 1036 1694 rel
1049 1629 1131 1697 duo·

72 1719 244 1787 decimum
274 1721 433 1788 referendi
461 1723 563 1788 forms
591 1737 626 1788 et
653 1723 765 1790 babitu
789 1725 945 1793 disseruit.
991 1730 1132 1800 Adiecta

74 1837 145 1889 erat
170 1824 277 1890 codici
300 1824 452 1904 chartula,
474 1826 509 1890 in
533 1849 598 1914 qua
620 1827 668 1892 vir
689 1828 804 1894 doctus
826 1831 934 1896 nescio
956 1834 1029 1921 quis
1051 1835 1131 1903 haec

74 1927 339 2014 consignaverat:

119 2038 131 2068 ‘
141 2031 215 2096 Fot
237 2037 277 2096 81
305 2029 385 2118 [sire
403 2029 449 2119 1.]
471 2033 543 2096 sind
563 2036 603 2096 14
624 2033 729 2097 Zeiicn
750 2036 802 2098 des
824 2037 854 2102 7.
877 2037 1031 2123 Kapr'teh,
1045 2043 1130 2106 duaa

77 2133 180 2218 ‘solqt
192 2135 252 2198 dar
266 2137 296 2198 8.
312 2135 357 2197 bia
370 2155 440 2198 tam
458 2134 598 2198 &Musae
614 2135 667 2198 dea
683 2139 736 2200 24.
752 2135 885 2206 Boebes.
929 2141 1000 2204 Der
1013 2143 1132 2208 Kartar

80 2239 129 2300 ς9.
153 2235 238 2324 [imo
253 2242 283 2302 8.
300 2237 366 2304 sive
381 2235 494 2324 VIIL]
510 2239 588 2302 stelit
601 2239 711 2303 biaten.
730 2237 781 2326 [id
794 2250 844 2305 est
857 2239 893 2305 in
906 2263 1015 2309 aversa
1027 2244 1081 2310 tot
1098 2253 1129 2312 8.

79 2337 245 2428 ‘pagina]
291 2341 355 2405 Die
368 2340 527 2405 Kastodea
542 2341 726 2426 hrofensem
743 2343 789 2408 bis
806 2347 858 2409 23.
874 2346 943 2411 iaci.
992 2345 1074 2434 [Hic
1094 2349 1131 2413 in

80 2449 209 2509 ‘aversa
231 2442 285 2509 fol.
313 2448 384 2509 126.
407 2444 524 2533 pagine
545 2444 727 2533 repetitus]
754 2468 857 2511 mocon
877 2448 922 2512 N.
947 2454 1000 2513 21.
1024 2472 1087 2515 aar
1108 2456 1129 2516 6

81 2546 235 2626 ‘stram
250 2550 298 2613 die
313 2550 436 2635 iibriqca
451 2553 471 2613 8
487 2548 612 2613 Bliitter
626 2550 742 2615 iobna'

123 2652 213 2716 ‘Fet
239 2656 266 2715 1.
295 2650 633 2737 [sivc128.]be9inut
658 2654 716 2715 dua
742 2656 794 2715 31.
818 2654 910 2717 Bacis
938 2657 1020 2717 aner
1045 2678 1130 2740 qauz

83 2755 335 2830 ‘rescindam
355 2754 469 2817 iiltererr
483 2753 694 2838 Handacbmfi
711 2776 769 2819 voa
789 2760 833 2819 80
846 2756 1073 2822 Fobbbldttem.
1087 2794 1130 2809 -

83 2855 164 2919 ‘Dia
182 2855 706 2941 Gleicbcrtipkeitderlettamder
722 2861 743 2920 2
760 2858 866 2921 Maca
883 2858 984 2923 Seitm
1003 2861 1056 2925 der
1074 2866 1127 2927 30.

86 2957 225 3023 ‘Becher
244 2961 300 3022 mit
318 2960 411 3022 denen
425 2960 477 3022 der
494 2961 546 3021 31.
569 2962 652 3021 aare
673 2960 821 3025 oae'lleicltt
840 2983 901 3025 aar
921 2964 1061 3027 dodarcb
1082 2988 1132 3029 er·

86 3060 239 3137 ‘iiiia-bor,
258 3062 330 3124 duaa
351 3062 432 3124 beida
449 3062 594 3125 enboeder
612 3082 679 3125 vom
694 3064 863 3128 niimlicitm
881 3064 1039 3130 Schreiber
1051 3069 1130 3145 aad,

88 3165 173 3227 ‘oder
187 3165 339 3229 accidere
354 3166 491 3229 letamen
506 3164 607 3250 topirt
619 3165 779 3231 acardea³.’

124 3268 208 3331 ‘Am
236 3266 376 3331 Scblarse
402 3268 455 3331 das
481 3270 532 3331 36.
557 3268 680 3331 Becher
693 3268 802 3350 findet
823 3270 889 3333 sici
910 3270 965 3333 der
989 3270 1130 3334 Scarab-

117 3484 278 3543 assoellerm
304 3498 402 3547 queque
428 3500 453 3548 p.
477 3485 531 3547 ³4⁸·
555 3499 591 3547 sq.
623 3484 707 3535 basaa
741 3482 838 3533 Mem
856 3483 916 3533 folio
930 3482 1052 3533 scribendi
1068 3484 1131 3534 ratio

90 3545 140 3595 “In
155 3548 303 3611 panuitimo‚
314 3548 402 3612 inquit,
413 3548 490 3611 partis
505 3550 535 3598 B.
552 3548 591 3607 [id
621 3550 723 3660 propius
741 3548 917 3609 enumquam
935 3548 1083 3621 penultimo,
1098 3550 1131 3597 ad

90 3614 122 3657 est
140 3612 231 3661 codicis
254 3612 405 3673 recentioris]
431 3612 490 3661 totto
511 3626 589 3672 verso,
632 3628 725 3661 ormam
744 3612 869 3661 literarum
887 3616 964 3673 parba
980 3613 1011 3660 A.
1027 3612 1131 3661 accedit.

92 3672 148 3731 [sive
164 3677 207 3727 tol.
228 3676 312 3739 ¹²⁶¹2]
333 3677 400 3725 linea
415 3676 531 3727 vicesima
550 3692 589 3725 co·
623 3676 699 3733 Quod
710 3674 1016 3739 quomodoexplicandum
1025 3675 1131 3736 sitem

92 3735 181 3789 lumuae
198 3741 285 3803 prioris
300 3742 386 3790 eadem
400 3756 463 3803 quae
478 3744 549 3803 parte
560 3742 591 3789 A.
623 3757 673 3789 non
688 3742 775 3789 eadem
789 3744 881 3799 aetate,
890 3754 940 3787 non
955 3740 1042 3788 eadem
1054 3754 1131 3787 manu

94 3800 207 3857 [idertiu
218 3805 303 3854 codiee
311 3804 460 3866 antiquiore]
473 3805 593 3867 scripture
624 3810 727 3867 atraque
756 3818 812 3866 pars
838 3802 978 3865 conscripta
1003 3803 1044 3863 sit,
1065 3804 1134 3852 band

91 3874 194 3928 tranet,
213 3875 323 3919 ceterum
344 3868 409 3917 inter
430 3868 508 3917 linem
525 3868 591 3918 idem
624 3867 738 3929 soio‚nisi
749 3866 872 3929 fortc‚qui
882 3872 977 3929 partem
989 3867 1133 3929 Ramipn't,

94 3931 155 3989 spatii
178 3933 288 3993 interest,
311 3933 377 4007 qued
404 3931 430 3981 in
446 3938 527 4009 ‚parte
551 3932 592 4008 B3,
624 3932 787 3994 antiquiorem
813 3930 904 3978 librum
931 3933 963 4006 At
985 3932 1017 3979 ad
1043 3946 1133 4006 manus

93 3998 592 4123 stratureuusutu
623 3996 1134 4121 ...qnae

95 4118 153 4182 tabo,
167 4129 273 4174 exeunte
290 4124 353 4173 libro
370 4124 494 4199 trigesimo
511 4122 592 4173 lineas
624 4124 736 4172 chartula
753 4122 832 4171 codici
847 4121 1021 4185 Bambergensi
1037 4121 1135 4171 adiecta

96 4185 172 4254 todem
183 4189 312 4238 interuallo
323 4188 532 4251 dispositumst,
543 4203 592 4250 qno
624 4188 749 4251 leguntur,
771 4185 851 4251 petita
873 4201 925 4235 ene
947 4193 1058 4251 apparet.
1093 4186 1135 4234 De

96 4258 122 4321 m¹
132 4257 197 4311 parte
209 4254 248 4313 A,
258 4252 353 4301 sedicet
369 4258 397 4301 nt
412 4253 472 4301 folia
486 4252 594 4301 habeant
627 4250 713 4302 ceteris
724 4250 841 4314 deinceps
850 4251 967 4301 dicemus.

99 4314 192 4374 tliranus
217 4324 339 4380 septenes,
362 4316 468 4379 trigenas
495 4322 595 4365 octonas
