2934 4800
315 733 848 834 PRAEFATIO

223 1035 518 1108 FRANCISCI
556 1041 944 1116 CANCELLERll

563 1275 600 1324 nt

111 1485 155 1552 Τ.
192 1486 334 1555 LlVll
366 1487 465 1558 LlB.
502 1490 604 1558 XCl.
636 1492 1053 1563 FRAGMENTUM.

485 1771 680 1810 ——o—

143 2021 244 2090 UAE
266 2045 317 2089 res
340 2021 430 2102 mihi,
449 2022 559 2112 reique
584 2022 728 2111 publicae
750 2024 907 2094 literariae
930 2029 1107 2109 universae,

164 2111 249 2176 bene
263 2131 412 2197 prospere
437 2132 477 2175 ue
492 2109 627 2187 eveniat,
643 2109 682 2175 T.
700 2109 786 2176 Livii
798 2111 1012 2182 Historiarum
1025 2116 1109 2218 frag·

70 2209 206 2262 mentum
224 2132 519 2274 retransmissa
539 2196 586 2261 ita
607 2194 731 2283 pridem
753 2197 789 2297 in
811 2199 1004 2266 bibliotheca
1016 2199 1110 2268 Vatr-

71 2295 341 2435 crappuorepeerotum
370 2295 468 2368 atque
496 2305 516 2347 a
546 2280 618 2346 CC.
645 2281 719 2348 VV.
747 2282 826 2349 Vrto
854 2283 903 2350 Μ.
930 2285 1108 2367 Iuveuatio,

270 2369 313 2435 bo
333 2366 471 2433 Bruusio
490 2367 684 2456 descriptum
703 2390 778 2435 eum
797 2392 875 2437 curs
892 2394 930 2439 ac
948 2372 1013 2439 fide
1035 2373 1109 2441 edo.

74 2448 138 2519 Nee
150 2478 226 2521 vero
242 2454 335 2520 valde
353 2454 560 2525 laborandum
580 2454 614 2519 in
632 2477 672 2521 eo
690 2478 758 2521 eme
775 2455 857 2521 mihi
873 2458 977 2536 rideo,
993 2471 1030 2524 ut
1044 2459 1109 2525 leo-

74 2540 192 2619 taribus,
213 2541 256 2606 ad
276 2542 416 2629 primum
436 2540 657 2606 huiuscemodi
678 2542 725 2606 rei
746 2541 897 2608 nuntium
913 2544 956 2607 de
972 2544 1057 2622 fuco,
1072 2558 1110 2611 ut

74 2622 134 2690 fieri
155 2628 244 2705 solet,
268 2627 509 2715 suspicantibus,
534 2648 591 2714 pro
613 2626 698 2692 virili
720 2648 893 2707 occurram
916 2650 1109 2716 omnemque

75 2712 150 2779 aud
171 2736 225 2779 eon
247 2736 267 2778 s
287 2735 339 2778 me
360 2712 479 2779 fraudis
499 2712 711 2800 suspicionem
735 2712 875 2778 amoliar.
920 2712 999 2780 Non
1021 2715 1110 2781 enim

76 2732 184 2878 dlibito,
209 2800 290 2899 quin
312 2798 457 2899 plerique
480 2820 601 2877 eorum,
625 2799 682 2886 qui
704 2798 762 2865 hae
784 2800 917 2900 paginae
937 2800 974 2865 in
995 2823 1109 2868 manus

76 2899 198 2963 sanent,
212 2885 314 2951 libelli
327 2885 543 2972 insenptione,
559 2896 655 2985 atque
670 2885 752 2951 adeo
765 2885 813 2951 rei
826 2886 925 2974 rpsius
939 2886 1110 2954 insolentia

78 2986 107 3031 se
119 2973 254 3038 novitate
269 2972 416 3059 permoti,
431 2971 584 3037 continuo
605 2972 628 3035 ri
648 2993 714 3036 non
729 2970 771 3037 ad
784 2970 864 3037 haee
878 2971 1009 3059 quidem
1022 2996 1108 3055 mea,

78 3054 125 3119 sed
136 3058 175 3123 ad
188 3059 288 3146 ipsius
301 3055 396 3135 Livii,
411 3056 499 3144 quod
517 3056 660 3145 promitti
676 3057 738 3122 sibi
751 3056 916 3136 ridebunt,
930 3058 1109 3127 ἀποσπασ-

79 3140 180 3217 μότων
205 3156 292 3209 recta
320 3142 496 3209 advolaturi
524 3144 599 3221 sint,
624 3142 801 3231 acriterque
830 3166 889 3232 pro
913 3166 948 3209 ae
972 3146 1108 3234 quisque

79 3228 204 3296 aninum
219 3230 384 3295 intenturi.
421 3227 520 3305 Quod
533 3228 562 3293 si
575 3228 703 3307 facient,
713 3229 822 3295 statim
836 3243 909 3318 post
918 3231 994 3310 duo,
1005 3244 1108 3299 tresve

79 3310 231 3403 laguena
244 3338 353 3382 versus
369 3340 390 3383 e
406 3338 440 3381 so
460 3314 569 3394 lectos,
583 3314 675 3381 laoile
695 3327 868 3416 auguratur
879 3315 961 3382 milri
974 3317 1109 3397 animm,

80 3403 274 3489 suspicionem
289 3425 343 3469 eos
356 3424 484 3468 omnem
498 3400 584 3467 ultro
598 3424 640 3467 ex
653 3402 767 3467 animm
780 3401 987 3489 deposituros.
1022 3402 1111 3469 Nam

81 3489 153 3569 quod
176 3490 217 3555 de
242 3488 379 3555 Phidiae
411 3488 502 3576 signo
527 3487 592 3554 diei
618 3487 713 3575 vulgo
741 3486 916 3565 cousuevit,
941 3486 1038 3553 simul
1061 3510 1112 3554 es·

80 3587 250 3727 illl&
291 3571 1111 3747 maffiuffiqfflpqffi

84 3740 261 3836 Carthagine
289 3748 325 3812 iu
355 3746 545 3835 Hispaniam
573 3746 616 3811 ad
645 3746 743 3835 patris
771 3744 948 3811 exereitum
976 3746 1110 3825 traiecit,

83 3834 162 3898 ‘eum
174 3836 278 3923 primo
295 3833 402 3899 stetim
421 3833 562 3899 adventu
580 3853 709 3899 omnem
727 3831 906 3898 exereitum
924 3832 961 3897 in
978 3853 1013 3898 se
1034 3854 1112 3899 eon-

84 3921 233 3987 ‘vertimer
267 3918 485 3986 Hamilcarem
507 3920 685 3985 virentem¹
708 3917 871 3983 redditum
899 3917 960 3985 sibi
987 3934 1112 3985 veteres

84 4004 201 4073 ‘milites
226 4004 377 4085 credere3
404 4005 544 4071 eundem
568 4006 711 4091 vigorem
736 4004 772 4068 in
797 4003 896 4082 vultu,
919 4006 1049 4106 vimque
1075 4005 1111 4071 in

84 4091 195 4173 ‘ocula
216 4092 363 4160 habitum
391 4092 464 4171 oris,
488 4091 744 4178 lineamentaque
766 4089 921 4168 intueri3’
944 4090 981 4155 id
1005 4112 1111 4179 ipsum

109 4298 204 4353 2⁶11oe
221 4304 278 4356 Liv.
300 4302 382 4355 XXI.
401 4318 424 4363 4
445 4302 572 4365 legebatur
605 4299 730 4352 Gronorio
747 4300 857 4363 iubente,
872 4298 899 4349 in
916 4304 1059 4351 oontextum
1075 4314 1113 4348 re·

86 4370 132 4415 ante
144 4366 378 4429 Drakenborehimn,
392 4366 435 4433 qui
451 4368 572 4428 tarmen,
603 4364 677 4429 oepit.
1096 4418 1099 4423 .
