2934 4800
370 193 468 260 LIB.
491 193 617 260 XLIV.
650 195 763 262 CAP.
790 203 839 262 12.
1070 203 1131 266 135

45 345 274 486 ΨΜ
297 333 384 399 urbis
408 333 579 398 avertimet.
626 331 728 398 Erant
753 334 788 398 in
813 333 971 422 praesidio
994 334 1218 404 Cassan-U.c.
1234 353 1289 414 ⁵⁸3·

127 444 185 498 ac,
216 433 343 508 praeter
370 441 437 485 non
465 419 733 486 contemnendam
766 420 965 488 iuventutem
998 416 1291 510 oppida-A·0·1⁶9·

20 525 28 569 t
54 529 203 585 norum,
234 507 409 594 octingenti
440 507 607 594 Agrianes,
637 520 671 572 et
698 506 765 572 duo
793 507 893 572 millia
922 507 1131 574 Penestarum

55 593 272 682 Illyriorum,
298 615 319 658 a
341 593 494 658 Pleurato
518 592 596 657 inde
624 593 722 670 missi,
747 592 933 660 bellicosum
958 609 1130 683 utrumque

57 703 188 767 genus.
228 679 291 744 His
305 679 469 744 tuentibus
482 701 600 757 muros,
615 701 716 780 quum
731 680 836 744 subire
854 679 993 748 Romani
1007 703 1131 746 summa

58 767 100 830 vi
117 767 313 844 niterentur,
328 779 493 831 momento
508 778 573 830 tem
617 787 659 830 rrs
675 765 812 853 parietes
826 765 983 832 fornicum
998 768 1130 856 perfossi

20 855 191 918 Surbem
221 853 447 941 patefecerunt.
496 789 656 930 Quodosi,
683 853 740 939 qui
768 852 991 940 irrumperent,
1017 854 1131 920 armati

59 940 222 1018 frrioeent,
253 938 416 1026 extemplo
444 938 610 1025 cepissent
657 936 731 1004 Hoc
764 939 820 1003 ubi
852 939 1027 1027 perfectum
1061 962 1129 1006 esse

62 1049 158 1113 opus
187 1025 342 1090 militibus
370 1026 553 1089 nuntiatum
581 1037 640 1102 est,
666 1023 837 1090 clamorem
866 1025 984 1091 alacres
1052 1027 1130 1094 udio

61 1125 211 1213 repente
222 1111 349 1188 tollunt,
360 1111 534 1198 aliisparte
547 1110 610 1176 alis
623 1110 657 1174 in
672 1111 785 1176 urbem
799 1111 975 1199 irrupturis
1046 1127 1131 1179 ostes
1231 1163 1240 1182 .

63 1221 218 1286 primurn
241 1196 408 1263 admiratio
429 1197 524 1284 cepit,
547 1197 702 1284 quidnam
723 1197 784 1262 sibi
806 1199 991 1286 repentinus
1012 1198 1132 1265 clamor

65 1284 183 1350 vellet
230 1284 405 1370 Postquam
428 1297 538 1383 petere
561 1284 672 1350 urbem
695 1305 846 1372 accepere
867 1285 1018 1371 praefecti
1039 1308 1132 1374 prae-

36 1371 151 1443 7sidii
175 1371 284 1459 Pytho
307 1384 341 1436 et
360 1369 538 1470 Phihppus,
558 1392 617 1457 pro
640 1393 690 1448 eo,
706 1370 762 1456 qui
786 1381 969 1457 occupasset
1110 1371 1130 1450 i,

67 1480 161 1544 opus
173 1456 294 1521 factum
314 1477 381 1521 esse
400 1469 471 1533 ratr,
486 1479 561 1522 cum
575 1455 681 1521 valida
698 1478 797 1520 manu
811 1456 992 1543 Agrianum
1086 1457 1132 1523 '0-

67 1565 217 1632 rumque
234 1555 426 1630 erumpunt:
451 1542 689 1630 Romanosque,
705 1541 764 1628 qui
782 1541 837 1606 alii
856 1541 984 1608 aliunde
1004 1565 1054 1609 cor
1117 1555 1132 1610 t

69 1631 409 1715 convocabanturque,
424 1640 463 1694 ut
483 1630 574 1716 sigm
595 1629 630 1692 in
651 1629 765 1693 urbem
786 1627 948 1707 inferrent,
966 1629 1132 1718 incompo-

69 1718 156 1781 sitos
171 1728 268 1804 atque
282 1715 478 1780 inordinatus
491 1716 613 1803 fugant,
628 1728 926 1802 persequunturque
941 1715 983 1780 ad
997 1715 1128 1782 fossam:

71 1804 113 1904 in
136 1824 238 1952 qpam
257 1801 436 1889 compulsos
457 1802 550 1867 ruina
570 1801 744 1902 cumulant.
793 1799 942 1867 Sescenti
964 1802 1063 1868 ferme
1085 1802 1130 1868 ibi

44 1900 585 2074 stabulabunt&
609 1909 668 2039 lt
682 1888 1131 2061 :ltfpffltltt‘ltli

74 2073 218 2149 praetor,
233 2082 360 2148 segnior
378 2061 420 2126 ad
436 2060 499 2125 alia
511 2061 613 2126 factus
627 2059 758 2126 consilia
772 2073 858 2124 erat:
882 2071 915 2126 et
933 2083 975 2125 ne
992 2060 1131 2126 Eumeni

75 2147 225 2235 quidem,
240 2146 333 2212 simul
349 2147 472 2224 amari,
487 2146 582 2212 simul
599 2169 619 2210 a
634 2160 719 2211 terra
734 2144 942 2234 aggredienti,
958 2147 1131 2234 quicquam

76 2234 158 2300 satis
171 2233 372 2322 procedebat.
417 2233 543 2299 Placuit
556 2232 656 2320 igitur
670 2233 807 2319 utrique,
823 2233 974 2300 custodiis
987 2233 1130 2311 firmatis,

76 2345 125 2423 ne
143 2321 232 2423 quod
250 2319 444 2409 praesidium
463 2343 505 2384 ex
520 2318 714 2422 Macedonia
731 2318 902 2421 intromitti
920 2332 1035 2423 posset,
1050 2340 1132 2407 quo-

77 2431 170 2560 ἓὲῖἶ
186 2407 1133 2593 ’Ἑὲοᾚέἕὲὴὲἔοὶΐῖἒῖῖζρῖἲὲῗιέὶἶὲῗῗδοὲἱὲἷ

79 2581 223 2647 salonica
244 2603 319 2645 cum
341 2580 473 2646 delectis
496 2579 665 2645 Gallorum
684 2578 891 2644 auxibaribus
912 2578 1008 2655 missi,
1031 2600 1131 2664 quum

80 2671 119 2733 in
133 2668 199 2733 salo
218 2680 337 2733 stantes
355 2666 495 2731 hostium
515 2688 612 2731 naves
631 2664 890 2751 conspexissent3
913 2664 984 2751 ipsi,
1000 2663 1133 2729 obscura

81 2766 189 2833 nocte,
214 2754 350 2841 simplici
376 2753 498 2831 ordine,
522 2775 620 2840 quam
644 2762 792 2838 poterant
817 2748 961 2837 proxime
987 2750 1063 2815 litus
1084 2762 1131 2815 te·

83 2854 207 2917 nentes,
222 2842 382 2905 intrarunt
395 2840 516 2905 urbem.
562 2838 670 2903 Huius
684 2838 760 2901 novi
774 2836 923 2923 praesidii
936 2836 1022 2901 fama
1035 2836 1132 2902 absis·

84 2942 154 2992 tere
168 2926 405 3015 oppugnatione
420 2924 515 2990 simul
530 2924 693 2989 Romanos
708 2946 880 3011 regemque
895 2924 1008 3011 coegit
1057 2922 1133 2989 Cir·

85 3015 243 3079 cumvecti
261 3013 522 3101 promontorium,
545 3010 588 3075 ad
608 3010 760 3075 Toronen
779 3010 910 3075 classem
930 3008 1130 3095 appulerunt.

87 3101 168 3165 Earn
213 3122 319 3187 uoque
341 3120 526 3186 oppugnare
547 3097 659 3175 adorti,
680 3096 736 3161 ubi
758 3096 863 3161 valida
884 3094 1013 3160 defendi
1034 3118 1133 3161 manu

86 3122 385 3263 animadverterunt,
400 3186 489 3249 irrito
508 3185 637 3333 incepto
651 3180 892 3248 Demetriadem
912 3194 1035 3283 petunt
1082 3182 1132 3247 Ibi

87 3294 186 3361 quum
210 3272 502 3360 appropinquantes
524 3292 582 3358 rep
593 3284 647 3335 eta
669 3269 796 3335 moenia
818 3285 947 3334 armatis
969 3267 1132 3347 vidissent,

121 3510 313 3570 5Peneetmn
326 3509 482 3570 myrorum]
504 3508 592 3563 Quum
624 3508 691 3566 rent]
711 3504 903 3554 Distinctionern
920 3508 976 3565 post
991 3516 1077 3551 rocem
1093 3516 1134 3550 or·

90 3582 156 3623 terra
173 3574 323 3622 Penestiam
342 3587 407 3635 supr.
427 3570 489 3621 xliii.
511 3572 548 3621 18.
567 3576 593 3619 et
625 3572 685 3618 mati
699 3569 782 3632 posuit
795 3566 903 3617 Belrlrer.
914 3566 941 3616 id
955 3566 1020 3628 quod
1035 3580 1134 3613 sensum

90 3639 204 3687 Penestis
230 3636 289 3686 ibid.
317 3652 353 3701 ¹9·
376 3635 525 3697 nominatur,
547 3635 593 3683 Pe·
626 3633 812 3681 levimomento
823 3636 911 3679 mutat.

91 3706 170 3751 nmtue
183 3700 275 3748 tubum
290 3701 342 3749 sire
357 3706 455 3765 gentem
470 3700 594 3761 quandam
660 3708 674 3757 7
690 3698 744 3745 Pro
759 3712 794 3755 eo,
811 3698 854 3759 qul
871 3700 1010 3759 occuparent
1025 3694 1134 3756 aggredi,

93 3766 117 3814 in
132 3764 232 3826 Illyrico
247 3764 322 3813 fuisse
337 3770 456 3827 ιαμβι-οῖς
472 3779 553 3825 neque
569 3762 595 3811 in
628 3763 801 3825 sparsorium
822 3776 872 3809 esee
891 3760 954 3819 ran]
979 3774 1012 3808 sc.
1030 3758 1101 3820 Opus
1119 3773 1136 3806 a

92 3830 137 3877 lroc
153 3828 216 3887 loco,
235 3828 298 3877 sicut
313 3828 377 3877 inter
395 3828 535 3884 Thenalos,
551 3842 596 3887 pro
629 3824 750 3874 Romanis
766 3824 858 3871 facturn
875 3822 925 3871 illis
938 3822 1000 3871 utile
1014 3822 1065 3871 l'ora
1079 3821 1135 3881 rati,

93 3892 307 3943 eerrisdomssticir
313 3892 439 3941 habendos
445 3906 505 3940 eme.
519 3891 596 3939 Haud
629 3888 672 3951 qui
682 3888 755 3952 primi
766 3886 863 3949 aggredi
874 3892 1043 3936 maturament.

94 3958 141 4006 reio
156 3970 187 4005 an
204 3954 324 4004 Penestae
338 3956 365 4004 lri
383 3956 534 4018 Pelmgicam
550 3954 596 4002 ori-
660 3954 742 4010 aqut
770 3953 835 4001 inter
861 3967 959 3999 murum
979 3950 1133 4012 sertumque]

95 4022 170 4084 ginem
180 4019 319 4080 habuerint,
326 4024 402 4082 atque
409 4020 473 4067 inter
481 4018 596 4080 Illyricas
629 4016 697 4065 Hinc
708 4016 835 4065 Romanos
850 4031 899 4064 non
913 4015 974 4063 citra
984 4016 1081 4072 fossam,
1092 4012 1135 4061 sed

94 4085 175 4142 tubus,
190 4098 255 4145 quse
269 4084 392 4147 regionem
406 4084 475 4132 illam
491 4096 594 4145 occupa·
627 4080 701 4140 ultra,
720 4095 795 4141 quum
815 4079 919 4128 fornices
937 4076 1037 4141 perfossi
1058 4081 1136 4134 erant,

97 4154 183 4208 ruant,
196 4148 267 4197 sedes
281 4164 338 4198 suas
352 4148 434 4197 adhuc
452 4146 498 4195 nbi
517 4146 594 4194 viudi-
627 4145 721 4194 stetiaoe
753 4150 883 4206 apparent.
932 4142 980 4191 Sed
1014 4138 1137 4189 obscurior

98 4218 180 4261 carent.
197 4212 228 4261 cl'.
240 4212 342 4263 Nieblrr.
358 4212 410 4263 in.
424 4212 477 4272 158.
494 4211 594 4261 Mullor.
627 4210 688 4258 haec
710 4212 763 4257 rota
783 4207 861 4257 oratio
880 4211 925 4266 est,
944 4220 1020 4269 quum
1039 4206 1071 4253 dc
1090 4204 1137 4251 sor·

98 4277 153 4326 Dor.
164 4276 188 4325 ii.
199 4292 222 4336 4,
234 4277 256 4335 Β.
267 4275 291 4326 6.
629 4274 713 4322 uicum
723 4288 770 4321 usu
781 4288 830 4321 non
842 4271 929 4333 liquet.

127 4340 206 4399 bour·
227 4342 402 4404 numerent,
423 4341 513 4389 arnas
530 4339 597 4399 saie·
