2934 4800
445 195 768 267 KREYSSIGII.
1068 205 1132 270 336

41 362 234 450 praelata
258 361 293 425 in
317 379 357 426 ea
379 360 542 448 trianepba
564 372 651 440 eunt,
675 362 764 448 quod
788 362 821 427 in
844 362 917 428 cod.
942 363 1059 430 bamb.
1083 387 1134 432 re·

53 465 218 551 peritur,
234 461 308 527 Lib.
326 461 532 528 XXXVIII.
551 465 600 528 16.
615 464 734 530 reditio
752 473 826 530 arta
845 487 906 552 pro
925 466 1043 531 reditio
1057 475 1133 533 crta

55 577 134 644 eet,
151 566 243 652 quod
263 563 395 650 vulgato
417 575 490 631 arta
511 566 629 632 reditio
650 574 788 632 estnon
809 577 978 653 praestare
991 569 1132 649 videtur,

58 681 105 735 et
121 688 199 754 cap.
217 667 267 732 46.
285 691 355 734 earn
374 669 421 732 ibi
441 668 559 733 nnllam
576 689 708 734 caueam
723 669 801 736 belli
814 660 971 736 inveniret
985 693 1046 758 pro
1061 693 1133 738 earn

59 771 120 836 ibt
146 771 270 834 nullam
293 771 368 834 belii
391 792 524 834 eausam
544 769 719 835 invenisset
740 773 807 836 aive
828 773 938 856 potine
960 773 1131 853 inveniret,

62 873 169 958 quod
183 873 286 937 ceteri
302 872 431 936 codices
447 871 601 950 offerunt,
614 873 786 939 admittere
799 897 864 938 non
879 875 1050 942 dubitavit.

117 975 213 1040 Tam
229 973 414 1050 Bekkerus,
429 976 487 1060 qui
509 975 714 1060 incorruptas
736 977 858 1042 codicia
881 976 1133 1064 Bnmbcrgeneia

63 1076 282 1154 lectionem
303 1076 395 1141 nobis
418 1077 539 1164 pariter
559 1099 597 1143 aa
619 1076 969 1166 &amanen-Crania
993 1100 1051 1166 per
1071 1079 1133 1146 im·

64 1177 283 1267 prudentiam
306 1178 475 1268 neglectas,
501 1179 602 1244 veluti
628 1179 700 1244 Lib.
729 1178 862 1245 xxxi
890 1185 940 1245 12.
968 1203 1075 1246 curam
1099 1193 1134 1247 et

66 1283 280 1346 accenderant
300 1303 357 1368 pro
379 1305 474 1346 cauea
496 1295 530 1346 et
551 1285 736 1362 acciderint,
760 1305 827 1370 can
856 1287 905 1348 lb.
930 1306 1054 1348 maram
1074 1305 1133 1370 pra

67 1389 203 1461 emm,
232 1406 300 1472 cap.
328 1387 380 1449 50.
411 1389 467 1470 qai
488 1395 616 1469 praetor
643 1387 818 1470 deeiqnatm
850 1396 919 1450 erat
953 1409 1011 1472 pro
1047 1409 1133 1472 quem

59 1498 247 1574 praetorem
265 1488 504 1572 dntynaaaant,
525 1486 597 1552 Lib.
620 1486 772 1553 XXXII.
791 1492 840 1554 16.
861 1490 1025 1554 Piraeeum
1038 1513 1134 1576 prae·

70 1594 157 1656 cedit
179 1613 238 1678 pro
261 1593 424 1655 Piraeeum
443 1594 608 1676 praecepit,
635 1591 712 1657 ibid.
737 1595 838 1670 tmen,
862 1603 899 1656 nt
920 1616 1054 1679 quaeqae
1075 1615 1133 1680 pro

69 1701 232 1782 inantque,
263 1706 307 1773 at,
337 1717 424 1780 qaae,
454 1717 523 1781 cap.
555 1699 608 1759 23.
639 1719 690 1758 een
722 1697 808 1759 milia
832 1699 981 1784 peditam,
1011 1701 1135 1762 trecenti

70 1802 191 1886 equites
212 1819 271 1885 pro
290 1799 427 1882 peditam
451 1799 582 1884 quinque
604 1799 690 1862 milia
714 1809 744 1862 et
768 1804 892 1864 trecenti
916 1804 1036 1886 equites,
1059 1799 1131 1866 Lib.

72 1898 249 1967 XXXIII.
267 1904 317 1964 10.
341 1902 384 1962 ibi
403 1921 462 1986 pro
484 1901 545 1976 abi,
567 1921 635 1987 cap.
658 1904 709 1964 23.
730 1903 868 1988 pleriqae
889 1925 947 1989 pro
964 1905 1132 1989 pterosque,

72 2027 145 2092 cap.
169 2005 222 2070 27.
238 2005 366 2089 perinde
387 2013 477 2088 atqae
497 2005 572 2088 r‘peir
593 2005 631 2066 iia
650 2013 680 2066 et
697 2025 757 2068 nan
778 2005 922 2082 Quinctia
940 2015 970 2068 et
983 2007 1134 2070 Renranis

72 2109 111 2171 id
126 2109 236 2171 datam
254 2115 329 2169 ercet
345 2127 403 2191 pro
419 2107 546 2190 per-inde
567 2116 657 2190 atqae
679 2107 741 2189 ipsi
760 2107 796 2169 id
814 2129 835 2170 a
859 2107 1002 2185 Quinctia
1023 2118 1053 2170 et
1068 2109 1134 2173 Ra-

73 2214 180 2275 martie
198 2211 305 2274 datam
327 2219 411 2286 earet,
435 2230 503 2295 cap.
529 2213 580 2273 32.
606 2210 660 2272 ced
681 2210 864 2273 sermonibus
885 2213 976 2274 etiarn
990 2213 1137 2295 ferebant

73 2337 136 2403 pra
159 2315 216 2377 ced
238 2315 421 2377 eermenibaa
444 2316 534 2378 etiam
557 2313 702 2389 terebant,
727 2311 800 2377 Lib.
827 2313 995 2380 XXXIV.
1016 2317 1046 2378 2.
1070 2317 1135 2378 eim

75 2429 178 2483 tatere
200 2426 323 2480 auctore
343 2438 401 2503 pro
424 2420 489 2481 eine
512 2426 616 2493 tutore,
640 2438 708 2502 cap.
728 2420 777 2483 19.
798 2418 869 2480 deni
886 2438 946 2501 pro
965 2418 1044 2494 dein,
1063 2438 1131 2503 cap.

75 2524 129 2589 37.
158 2521 240 2585 nibil
266 2520 439 2605 reepanderi
466 2530 496 2583 et
522 2519 630 2583 bellam
656 2522 725 2605 aeri
752 2540 811 2604 pro
840 2520 920 2582 nibil
946 2520 1132 2604 reapendere,

74 2626 187 2689 bellurn
197 2628 276 2709 aeri,
292 2620 366 2686 Lib.
383 2620 587 2689 XXXVIII.
608 2625 657 2685 13.
679 2621 835 2684 catullum
853 2622 886 2681 vi
904 2623 991 2705 cepit,
1011 2632 1135 2707 captain

75 2726 343 2792 Alabandensibra
373 2724 472 2787 reddit
502 2742 561 2809 pro
594 2722 750 2787 easteiban
783 2725 815 2784 vi
842 2731 966 2807 captarat
994 2723 1134 2788 Alaban·

76 2830 219 2895 dentibus
238 2828 345 2903 reddit,
364 2836 398 2889 et
417 2846 486 2911 cap.
505 2828 557 2889 22.
579 2828 618 2889 iia
640 2847 710 2887 aera
733 2846 793 2889 nan
815 2826 1055 2891 mandantur
1075 2846 1134 2913 pra

77 2935 111 2996 bi
128 2954 201 2995 aero
223 2952 282 2993 nan
306 2928 554 3003 vulnerabantur,
570 2924 710 3013 aliasque
734 2948 776 2993 cx
797 2924 940 2992 Goelleri
964 2926 1133 2995 collatione

77 3034 197 3123 petitas
210 3030 346 3119 vulgatis
365 3042 451 3095 recte
471 3028 643 3106 substituit,
663 3027 838 3115 permulta
854 3029 933 3095 alias
947 3053 1013 3096 non
1028 3032 1134 3097 minua

77 3137 288 3222 incorruptae,
303 3132 361 3198 aed
380 3154 400 3197 a
419 3130 570 3196 Goellero
589 3130 721 3216 eiusque
742 3129 828 3195 cocio
848 3132 1082 3217 praetermissae
1101 3145 1134 3197 et

77 3262 120 3307 ex
134 3238 207 3325 ipso
225 3235 335 3301 codice
353 3233 517 3323 petendas,
533 3254 599 3297 non
619 3232 750 3320 recepit
796 3230 922 3297 Hamm
937 3255 1077 3321 quoque,
1097 3247 1135 3299 ut

78 3340 196 3407 dubiae
220 3337 290 3403 illas
315 3336 387 3403 Lib.
414 3335 586 3403 ΧΧΧ111.
615 3340 664 3401 17.
691 3338 832 3401 ditionem
861 3358 920 3424 pro
948 3339 1134 3413 deditienen

78 3466 149 3531 aaa
168 3447 219 3507 18.
240 3442 377 3505 admovet
395 3460 453 3525 pro
473 3440 574 3514 mavit,
595 3436 671 3502 ibid.
688 3439 835 3521 seaeant
856 3460 914 3524 pro
929 3442 1042 3524 ficere,
1064 3460 1133 3527 cap.

81 3550 132 3611 19.
161 3564 336 3630 qumquam
361 3563 420 3628 pro
445 3544 593 3628 quanvis,
619 3560 687 3627 cap.
715 3544 768 3605 24.
795 3542 835 3605 ab
865 3542 903 3607 T.
926 3542 1052 3621 Quintia
1075 3561 1136 3629 pro

80 3670 103 3711 a
134 3648 174 3712 T.
197 3647 350 3729 Quinctio,
376 3667 444 3731 cap.
476 3648 527 3709 28.
559 3653 594 3709 at
620 3665 740 3707 terram
765 3648 915 3709 consciam
939 3646 1054 3710 tolleret
1076 3666 1135 3732 pro

80 3772 201 3814 marn
222 3752 372 3813 wnecium
394 3748 517 3825 tolleret
537 3766 606 3833 cap.
628 3749 679 3811 29.
701 3749 871 3833 interempti
889 3769 949 3835 pro
970 3751 1134 3834 interaffl

81 3875 152 3939 cap.
186 3855 239 3916 31.
277 3852 475 3937 aqitabantra·
510 3870 570 3936 pro
607 3850 830 3927 tractabantur,
867 3872 935 3938 cap.
970 3854 1022 3917 36.
1056 3854 1136 3916 inter

81 3956 214 4021 nanda
232 3955 377 4041 quaedam
397 3974 457 4040 pro
476 3955 509 4015 in
528 3952 644 4017 tamab
661 3954 803 4039 qaedam,
818 3973 886 4040 aaa
902 3957 954 4019 39.
970 3954 1011 4017 ab
1031 3954 1136 4017 Titan

81 4082 142 4147 pro
161 4082 182 4123 a
204 4060 317 4135 biraco,
336 4078 405 4144 cap.
425 4060 479 4121 42.
500 4066 530 4121 et
548 4056 597 4121 M.
614 4056 745 4120 Pareiae
764 4056 841 4121 Cata
861 4076 920 4142 pro
939 4055 988 4119 Μ.
1005 4056 1136 4121 Pareiar

89 4164 175 4239 Cato,
191 4182 260 4249 cap.
276 4165 329 4227 43.
346 4170 383 4225 at
394 4161 537 4225 scriberet
551 4182 609 4247 pro
624 4159 753 4224 scribere
766 4156 817 4224 vei
830 4160 979 4236 ecribaet,
994 4180 1063 4247 cap.
1078 4164 1132 4224 44.

83 4266 287 4351 inuitsacere
301 4286 360 4352 pro
375 4266 450 4327 iatri
453 4265 564 4347 faeere
581 4261 646 4327 aive
664 4260 771 4349 potina
788 4264 979 4346 intrisecere,
994 4260 1134 4351 alinaqae

126 4388 202 4432 vo1.
220 4387 267 4432 nr.
907 4384 927 4428 ο
942 4387 960 4427 c
