2934 4800
201 226 742 294 MANUSCRIPTORUM
775 225 920 295 LlVlI.
1028 233 1092 297 437

66 365 108 424 'a
134 387 166 426 s.
188 365 463 450 Kaiserrwerder)
478 365 512 430 iu
533 389 597 452 qua
616 367 684 452 ipsc
704 377 886 430 constructo
900 367 1091 432 monasterio

66 473 79 511 i
113 449 256 515 clausit
278 463 458 516 extremum
480 452 568 537 (anu.
586 450 677 538 713.)
721 450 814 515 Nihil
828 473 989 517 moramur
1004 451 1091 519 Suit-

65 557 159 614 irm,
204 537 399 624 episcopum
437 541 552 604 ‘nulla
589 542 660 604 sedi
699 540 884 616 addictam,’
913 551 951 603 ut
984 539 1091 626 inquit

65 621 117 702 :ii
137 625 235 687 sacri
252 639 365 688 auctor
381 623 470 712 [tom.
487 626 517 690 Ι.
528 648 566 712 p.
583 622 653 711 lh]
688 623 958 690 Dorostadcnscm
972 627 1088 705 vocari,

111 709 156 772 in
186 709 260 775 hoc
290 709 360 776 loco
385 710 506 775 diutius
531 723 771 788 commoratum,
794 723 827 775 ct
852 709 959 798 plures
983 711 1088 777 saltim

65 796 174 860 esias
199 795 381 874 dedicasse,
397 798 471 861 satis
492 803 626 862 constet.
673 795 762 860 Hinc
783 797 847 860 iam
868 798 1026 863 coniicere
1042 799 1088 864 iss

64 881 279 948 Liviauum
297 883 384 948 hunc
402 895 544 948 nostrum
566 882 719 960 codicem,
735 883 867 948 unicum
882 885 1013 970 quintae
1031 885 1093 950 dea

64 991 96 1030 s.
137 970 367 1056 superstitem,
398 993 481 1034 novo
514 969 610 1034 etiam
639 970 740 1034 sancii
772 971 956 1056 possessoris
993 971 1087 1037 titulo

64 1055 215 1133 ¹ndum,
246 1057 287 1120 ab
316 1056 385 1143 ipso
417 1054 577 1121 Suitbcrto
606 1078 647 1120 ex
673 1054 833 1120 Hibernia
861 1056 1087 1136 Dorostadum,

63 1164 80 1204 s
125 1139 426 1207 Caesariswerdam
455 1141 606 1218 delatum,
633 1142 787 1207 contiuuo
816 1143 907 1208 iuxta
932 1143 1085 1209 Rhenum

63 1251 140 1292 ere
172 1229 425 1293 Laurishemum
450 1228 579 1292 tandein
602 1229 794 1314 pervenisse,
819 1228 905 1293 uiide
935 1229 977 1293 ad
1002 1229 1087 1332 Grp-

67 1337 143 1378 um
163 1313 210 1377 'iri
237 1313 430 1392 Helvetiam,
453 1328 563 1402 postea
586 1315 620 1377 iu
644 1335 749 1378 arcem
771 1314 907 1380 Ambras
930 1315 1085 1403 migrarit,

62 1423 131 1465 nm
150 1423 247 1466 nuuc
263 1401 303 1466 ad
318 1402 505 1466 Danubium
522 1414 633 1465 nactus
648 1400 802 1489 asylum.”

62 1573 257 1661 Exemplar
285 1574 380 1640 huius
409 1574 528 1639 codicis
558 1573 599 1638 ad
628 1573 816 1674 autographi
844 1573 1085 1641 similitudinem

62 1683 222 1746 pressum
244 1660 320 1727 huic
342 1675 429 1726 tomo
449 1661 626 1747 praefixum
647 1675 703 1738 est,
719 1682 811 1725 cuius
827 1659 1010 1725 facilitatem
1029 1685 1086 1726 cx·

63 1746 280 1812 lentissimus
301 1762 334 1812 et
355 1747 582 1811 illustrissimus
603 1746 765 1811 Dominus
779 1745 951 1812 Mauritius
968 1747 1086 1814 Comes

99 1833 354 1911 Dietrichstein,
384 1833 602 1898 Bibliothecae
634 1832 798 1898 Palatinae
828 1833 1019 1913 Praefectus,
1053 1849 1087 1901 et

61 1921 227 1984 ‚tissimus
251 1934 346 2007 atque
372 1919 603 1984 cruditissimus
629 1918 784 2021 Iosephus
807 1920 892 1985 Baro
916 1919 1086 1987 Hammer-

60 2007 197 2094 irgstall
226 2029 348 2071 summa
384 2006 582 2071 humanitate
618 2007 728 2071 amicis
760 2007 839 2070 meis
871 2007 1084 2094 praebendam

62 2106 237 2171 taverunt,
254 2094 369 2180 quibus
389 2093 455 2180 ipse
476 2093 583 2158 animo
603 2093 812 2158 libentissimo
825 2095 958 2181 gratiam
973 2115 1086 2183 accep-

60 2203 93 2244 m
112 2180 224 2246 velim.

68 2266 115 2331 In
133 2266 307 2354 exemplari
322 2266 392 2344 isto,
405 2264 493 2353 quod
506 2265 634 2330 initium
649 2265 719 2332 libr.
731 2264 844 2332 XLII.
854 2265 1084 2354 complectitur,

59 2352 353 2419 iimadverteudum
375 2365 432 2431 est,
453 2373 555 2440 pauca
576 2352 733 2441 quaedam
756 2354 940 2419 aversione
964 2353 1086 2444 Kreys-

59 2444 163 2529 giana
184 2441 367 2527 discrepare,
392 2464 421 2505 e.
443 2462 474 2526 g.
493 2442 689 2527 priusquam
713 2444 748 2505 ia
769 2444 984 2528 magistratus
1005 2465 1086 2527 pro-

59 2533 266 2604 iiscerentar,
297 2527 385 2615 quod
415 2528 449 2591 in
480 2526 627 2591 omnihus
660 2526 854 2591 editionibus
886 2527 1014 2613 pariter,
1047 2550 1085 2592 ac

59 2614 275 2703 ireyssigians,
305 2616 515 2715 priusquam·
546 2614 763 2701 magistratus
797 2614 1086 2713 prmiciscereatur

59 2703 158 2766 missa
183 2714 411 2803 praepositione
442 2698 621 2800 exhibetur.
673 2698 725 2763 Dc
755 2698 818 2764 hoc
846 2696 957 2764 codice
985 2698 1085 2765 fusius

59 2792 213 2876 isputavit
226 2788 338 2854 Petrus
354 2786 546 2855 Lambccius
559 2808 645 2873 supr.
658 2809 691 2874 p.
702 2790 779 2853 411.
