2934 4800
307 211 366 272 to
706 206 820 272 ΤΙΤῙ
848 204 985 271 LIVII

195 393 202 406 .
237 356 315 419 ·57⁶·
325 365 443 428 genera
464 339 546 407 vitae
567 363 683 418 errans,
708 343 755 407 nti
776 365 836 407 nec
857 342 927 418 sibi,
946 363 1006 406 nec
1027 339 1105 415 aliis,
1123 338 1255 426 quinam
1274 337 1382 402 homo

191 457 198 471 ·
237 420 417 506 ·¹7⁶·esset‚
433 429 507 494 satis
521 443 686 494 constaret.
733 429 810 494 Non
832 427 950 514 alloqui
965 427 1091 503 amicos,
1107 425 1161 490 vix
1180 425 1264 490 notis
1280 422 1384 488 fami-
1462 458 1463 461 ι

325 514 444 580 liariter
461 515 615 592 arridere;
640 515 858 580 munificentia
871 513 1031 601 inaequali
1044 535 1112 577 sese
1132 512 1272 597 aliosque
1287 509 1383 574 ludi-

326 603 431 665 ficari:
463 602 652 688 quibusdam
681 602 842 666 honoratis
871 623 1049 686 magnoque
1075 598 1313 663 aestimantibus
1336 617 1381 658 se

327 687 470 775 puerilia,
492 701 528 754 ut
549 711 638 752 escae
659 705 715 752 aut
736 687 832 766 lusus,
852 710 984 752 munera
1002 687 1098 763 darc3
1121 685 1198 750 alios
1215 683 1302 748 nibil·
1315 701 1410 748 ιιι-8

327 787 505 925 ppectantes
519 774 628 840 ditare.
674 774 788 861 Itaque
802 774 934 852 nescire,
949 773 1029 860 quid
1047 773 1107 836 sibi
1121 770 1225 848 vellet,
1241 770 1383 857 quibus-
1462 760 1463 833 l

369 883 401 924 m
415 861 525 925 videri.
573 860 713 936 Quidam
725 860 835 926 ludere
847 883 922 925 eum
935 859 1128 946 simpliciter,
1140 857 1272 945 qnidam
1285 853 1410 924 haudo
1462 872 1463 949 ᾗ

224 966 230 976 ·
280 965 286 978 ·
328 947 424 1012 dubie
440 948 576 1011 insanire
588 948 722 1012 aiebant
768 946 806 1012 In
823 947 946 1012 duabus
960 960 1067 1011 tamen
1082 945 1204 1032 magnis
1217 942 1384 1008 honestis-
1462 1014 1463 1045 ,

233 1030 238 1044 ’
303 1057 392 1184 ‘pue
422 1034 515 1098 rebus
540 1034 605 1098 iere
631 1035 737 1120 regius
758 1050 826 1099 erat
848 1034 981 1109 artimus,
1004 1033 1038 1096 in
1065 1032 1189 1099 urbium
1215 1029 1319 1105 donis,
1341 1040 1384 1092 et
1462 1050 1463 1119 p

352 1143 461 1185 eorum
476 1120 572 1186 cultu.
621 1119 897 1207 Megalopolitanis
911 1119 946 1183 in
964 1118 1103 1183 Arcadia
1121 1139 1248 1182 murum
1265 1139 1299 1180 se
1314 1115 1383 1180 cir-
1462 1162 1463 1203 ,

329 1206 551 1272 cumdaturum
568 1207 637 1272 urbi
652 1220 701 1271 est
763 1205 887 1284 llicitus,
904 1206 1117 1292 maioremque
1135 1216 1257 1291 partem
1276 1224 1383 1290 pecu-
1462 1228 1463 1233 ¹

330 1294 401 1358 niae
422 1293 519 1358 dedit.
565 1292 692 1381 Tegeae
715 1307 727 1357 t
752 1307 874 1358 eatrum
895 1291 1097 1380 magnificum
1117 1313 1136 1354 e
1156 1311 1312 1354 marmore
1330 1288 1383 1352 ia·

330 1402 402 1444 cere
433 1380 578 1446 instituit.
625 1379 735 1468 Cyzici
763 1381 798 1443 in
826 1379 855 1446 P
948 1401 1032 1456 eum,
1057 1377 1108 1459 (id
1135 1391 1185 1442 est
1212 1373 1407 1464 penetrales
1462 1404 1463 1459 3

331 1467 426 1544 urbis,
450 1467 505 1532 ubi
526 1467 663 1554 publice,
687 1466 803 1554 quibus
823 1466 851 1530 is
895 1488 974 1531 onos
995 1463 1088 1529 datus
1109 1479 1166 1540 est,
1188 1461 1381 1546 vescuntur)
1462 1462 1463 1529 l

330 1576 404 1618 vasa
422 1577 516 1618 aurea
535 1576 661 1618 mensae
682 1554 777 1617 unius
796 1553 909 1640 posuit.
956 1551 1102 1627 Rhodiis,
1117 1564 1153 1614 nt
1171 1548 1252 1614 nihil
1273 1570 1381 1612 unum
1462 1556 1463 1561 ’

331 1641 465 1726 insigne,
480 1641 525 1704 ita
538 1641 641 1703 omnis
655 1640 789 1726 generis,
806 1653 842 1703 ut
853 1661 998 1726 quaeque
1013 1660 1088 1702 usus
1107 1659 1218 1702 corum
1236 1633 1383 1722 postula-

331 1739 455 1802 verunt,
470 1725 556 1790 dona
570 1725 669 1790 dedit.
715 1725 976 1812 Magnificentius
996 1747 1071 1789 vero
1085 1723 1119 1786 in
1135 1721 1212 1788 deos
1226 1720 1276 1786 vel
1292 1720 1381 1786 Iovis

333 1810 476 1910 Olympii
497 1811 650 1898 templum
671 1811 820 1888 Athenis,
836 1833 935 1876 unum
951 1811 986 1875 in
1006 1798 1096 1875 terris
1116 1809 1300 1874 inchoatum
1317 1829 1382 1893 pro
1462 1832 1463 1877 ι

332 1898 550 1982 magnitudine
571 1896 633 1974 dei,
649 1911 754 1985 potest
768 1898 857 1962 testis
870 1919 946 1962 esse.
994 1896 1059 1961 Sed
1077 1910 1111 1961 et
1129 1895 1237 1959 Delon
1251 1895 1313 1958 aris
1327 1895 1384 1956 in-

331 1983 473 2071 signibus
484 1997 721 2071 statuarumque
738 1983 829 2071 copia
839 1984 1018 2048 exornavitt
1035 1997 1075 2068 et
1086 1981 1277 2047 Antiochiae
1294 1979 1382 2044 lovis
1462 2014 1463 2069 p

335 2070 509 2158 Capitolini
531 2071 733 2156 magnificum
754 2069 919 2157 templum,
934 2093 1001 2134 non
1017 2070 1200 2156 laqueatum
1214 2091 1292 2132 auro
1307 2079 1383 2131 tan·
1462 2104 1463 2117 .

334 2171 411 2235 tum,
427 2157 483 2221 sed
499 2157 669 2244 parietibus
685 2157 758 2221 totis
772 2157 889 2221 lamina
902 2158 1091 2233 inauratum,
1106 2169 1140 2220 et
1153 2154 1216 2220 alia
1228 2153 1383 2219 moltain
1462 2216 1463 2237 p

333 2241 403 2308 aliis
424 2242 501 2308 locis
519 2242 688 2343 pollicitus,
704 2242 783 2330 quia
798 2244 950 2330 perbreve
971 2255 1097 2329 tempus
1114 2242 1204 2329 regni
1224 2241 1293 2306 eius
1306 2239 1381 2317 firit,
1462 2246 1463 2317 Ϊ

234 2343 249 2393 ·.
334 2353 399 2394 non
411 2329 551 2417 perfecit.
599 2329 857 2418 Spectaculorum
867 2329 1109 2418 quoqueomnis
1118 2328 1245 2416 generis
1255 2327 1382 2415 magni·
1462 2380 1463 2383 ,

335 2418 462 2483 licentia
484 2417 660 2505 superiores
682 2439 773 2503 reges
795 2417 892 2493 vicit3
923 2417 1118 2504 reliquorum
1143 2416 1193 2481 sui
1215 2415 1322 2491 moris,
1346 2428 1408 2479 etz

335 2505 427 2591 copia
437 2503 631 2569 Graecorum
643 2503 808 2569 artificum.
856 2502 1076 2586 Gladiatorum
1086 2525 1202 2567 munus
1213 2501 1382 2567 Romanae
1462 2517 1463 2530 ¹

249 2650 256 2663 .
335 2590 572 2656 consuetudinis
586 2591 689 2677 primo
703 2591 821 2655 maiore
832 2613 906 2655 cnm
922 2605 1037 2655 terrore
1052 2589 1227 2665 hominum,
1239 2590 1383 2652 insucto-
1462 2613 1463 2662 i

336 2700 406 2741 rum
428 2678 469 2741 ad
491 2676 553 2741 tale
575 2676 799 2763 spectaculum,
820 2699 916 2763 quam
939 2675 1110 2763 voluptate,
1131 2675 1237 2739 dedit:
1261 2674 1381 2738 deinde
1462 2683 1463 2686 ’

336 2763 459 2851 saepius
479 2762 594 2840 dando,
611 2776 643 2828 et
664 2762 760 2828 modo
778 2762 960 2829 vulneribus
980 2777 1084 2841 tenus,
1099 2761 1196 2827 modo
1216 2761 1284 2826 sine
1304 2760 1408 2825 mis-3

370 3009 385 3055 8
406 3010 439 3058 Ut
459 3024 527 3057 aseae
548 3016 593 3057 ant
615 3010 696 3070 lusus]
725 3009 844 3072 Polybius
876 3024 959 3057 corum
986 3010 1127 3068 artificum
1153 3024 1230 3057 unum
1252 3010 1385 3057 Romanae

339 3072 449 3120 nominat
464 3074 526 3121 talos
536 3079 562 3122 et
572 3073 683 3136 dactylos
697 3074 843 3136 palmarum.
876 3074 1066 3132 consuetudinis,
1093 3090 1183 3137 nempe
1208 3073 1385 3136 gladiatorium

339 3136 422 3185 Crtnv.
876 3153 980 3186 munus:
998 3139 1064 3199 quod
1080 3138 1178 3201 quidem
1196 3137 1274 3199 primo
1290 3137 1385 3185 maiore

371 3215 387 3275 9
410 3202 515 3258 Quidum
538 3202 606 3249 baud
626 3202 697 3250 dubia
718 3202 841 3260 emanire]
876 3216 932 3249 curn
947 3204 1220 3265 terrore....4rttssces
1234 3201 1275 3249 hie
1291 3201 1385 3249 intelli-

342 3264 408 3312 Hinc
417 3279 550 3326 cognomen
560 3264 694 3327 Epimenes
704 3264 727 3312 ei
738 3264 844 3312 inditum
875 3265 947 3327 gendi
969 3272 1034 3326 sunt,
1053 3271 1082 3313 ut
1102 3281 1167 3328 supr.
1188 3282 1212 3313 v.
1235 3280 1255 3313 ι.
1277 3280 1384 3325 quornm

341 3334 385 3387 est,
396 3334 424 3375 ut
435 3328 577 3377 Athenaeus
588 3328 667 3378 docet.
876 3344 950 3391 opera
956 3329 1008 3377 ludi
1015 3336 1171 3392 peraguntur,
1178 3335 1238 3392 puts
1244 3328 1385 3388 histriones,

376 3407 385 3441 r
411 3394 444 3440 In
470 3394 635 3454 Prytanenm]
677 3392 757 3441 Nulla
788 3393 845 3440 urbs
876 3393 1010 3451 saltatores,
1021 3394 1140 3453 tibicines,
1150 3401 1197 3443 etc.
1214 3394 1295 3443 Oasv.

341 3457 438 3506 Graeca
454 3457 510 3515 fuit,
525 3464 553 3505 ut
571 3456 691 3505 Graevius
706 3457 739 3505 ad
751 3456 805 3505 Cic.
818 3455 845 3503 in
910 3459 1161 3517 3Modooulneribus
1169 3459 1386 3515 tenunmodon'ne

344 3522 411 3569 Verr.
424 3521 454 3570 iv.
470 3535 523 3585 ¹¹9·
531 3521 712 3581 animadvertit,
723 3536 786 3582 quae
797 3536 846 3568 non
877 3522 989 3571 mistim
999 3524 1084 3582 stiam]
1100 3522 1177 3570 Modo
1187 3521 1223 3569 ita
1233 3528 1261 3569 ut
1272 3523 1385 3569 vulnera·

266 3604 269 3611 ¹
340 3601 411 3633 suum
424 3586 690 3648 Prytaneumhaberet.
724 3585 848 3647 Prytaneo
879 3592 962 3633 rentur
975 3592 1072 3634 tanturn
1086 3586 1239 3647 gladiatores,
1249 3600 1299 3633 non
1309 3585 1386 3633 inter·

340 3655 424 3697 autem
441 3657 511 3698 erant
526 3650 618 3699 Vestae
635 3666 717 3699 sacra:
735 3650 806 3697 cuius
820 3650 846 3696 in
879 3650 1026 3707 ficerentur3
1049 3650 1123 3697 modo
1141 3651 1173 3698 ad
1192 3664 1278 3698 necem
1297 3664 1385 3711 usque.

342 3713 458 3761 bonorem
485 3720 616 3775 perpetuus
640 3714 673 3762 ibi
697 3713 759 3777 ignis
782 3714 847 3761 iove·
879 3715 968 3763 Missio
978 3719 1030 3761 erat
1041 3714 1118 3775 gratia
1128 3713 1253 3762 deserendi
1266 3728 1385 3775 pugnarn,

342 3777 420 3824 batur.
437 3776 467 3823 cf.
480 3776 612 3837 Spanhem.
624 3779 654 3825 de
663 3778 741 3825 Vesta
751 3783 776 3825 et
788 3779 848 3840 Pry·
881 3793 943 3839 quae
954 3778 1057 3826 dabatur
1070 3778 1202 3839 aliquando
1214 3777 1283 3825 victis
1292 3778 1386 3839 gladia·

342 3844 392 3888 tan.
404 3839 561 3889 Graecorum.
570 3842 760 3890 MenrsAthen
770 3842 845 3890 Attio.
878 3841 977 3889 toribus
1011 3841 1096 3897 Quum
1115 3847 1199 3891 autem
1217 3843 1334 3904 placeret,
1354 3848 1386 3889 ut

343 3904 361 3951 i.
371 3903 395 3951 8.
878 3920 987 3967 eousque
1002 3911 1159 3969 pugnaretur,
1174 3908 1252 3955 donee
1267 3906 1385 3954 alteruter

377 3968 564 4030 alisliquomm
573 3970 613 4017 sui
621 3970 705 4030 motis]
724 3969 782 4017 Vox
792 3970 848 4019 rsti-
880 3971 1043 4027 occumberet,
1070 3970 1196 4019 dicebatur
1222 3986 1305 4033 pugna
1330 3972 1386 4019 sine

343 4048 445 4095 qnorum
456 4032 547 4094 pendet
557 4047 573 4079 a
584 4031 739 4094 praecedenti
749 4034 847 4081 nomine
879 4036 996 4083 musione.
1029 4034 1070 4083 Sic
1088 4034 1153 4083 Flos.
1167 4034 1201 4082 iii.
1213 4049 1252 4082 ao.
1267 4034 1298 4082 de
1312 4034 1385 4096 Spar-

343 4098 542 4159 spectocrdornm.
576 4095 644 4143 Dicit
656 4096 741 4145 Livius
754 4099 786 4145 ab
797 4098 847 4145 An·
879 4098 928 4146 taci
949 4097 1084 4147 militibus:
1108 4100 1206 4161 diprram
1225 4100 1286 4147 siris
1306 4100 1386 4147 obiero

345 4160 426 4208 tiocbo
441 4165 566 4222 superatos
576 4163 628 4208 esse
639 4161 774 4223 superiores
781 4176 848 4223 reges
878 4169 993 4211 mortem.-
1010 4169 1042 4220 st,
1053 4165 1117 4227 quod
1125 4165 1170 4211 cub
1178 4164 1314 4225 plantatore
1324 4164 1386 4211 duee

344 4224 524 4285 magnificentia
551 4226 746 4287 spectaculorum
770 4225 849 4275 omnis
880 4228 996 4287 oportuit,
1006 4228 1060 4278 siae
1073 4229 1186 4276 missione
1192 4232 1333 4289 prmaeium
1341 4234 1386 4277 est.

344 4289 446 4349 generis,
478 4305 508 4337 ox
541 4290 628 4351 mribus
660 4294 742 4337 cetera
775 4290 849 4339 moris
882 4290 947 4338 Vide
958 4291 1030 4353 plura
1043 4292 1111 4355 apud
1122 4291 1192 4354 Lips.
1201 4290 1385 4341 sarman.

346 4351 434 4401 (inieci
457 4358 534 4412 erant,
556 4359 580 4401 et
602 4368 657 4401 enm
681 4353 753 4415 copie
772 4352 848 4403 Grae-
881 4354 962 4404 Cani.
