2934 4800
147 558 569 645 PRAEFATIO
615 558 1075 650 KREYSSIGII

225 816 285 875 AD
305 816 544 877 EDITIONEM
565 816 664 877 LIPS.
688 816 1004 879 STEREOTYPAM.

515 1042 712 1083 -0-——

174 1238 283 1307 UUM
313 1238 429 1304 abhinc
459 1238 550 1303 annis
579 1236 714 1325 amplius
743 1242 905 1328 octoginta
934 1240 1140 1310 Drakenbor-

65 1252 174 1433 ρ
210 1343 309 1420 chius,
339 1340 483 1407 absoluta
513 1339 597 1405 Livii
634 1339 785 1419 editione,
816 1365 898 1428 quae
938 1342 1139 1433 Stutgardiae

61 1462 164 1513 ante
186 1445 244 1512 hos
265 1458 338 1510 octo
361 1466 461 1508 annos
484 1442 635 1509 laudabili
655 1466 729 1509 sane
750 1444 883 1509 consilio
902 1449 1003 1533 repeti
1024 1464 1138 1537 coepta

62 1564 146 1635 est,
170 1549 210 1615 de
232 1548 464 1636 antiquioribus
488 1545 574 1611 Livii
596 1546 771 1612 editoribus
793 1561 889 1635 atque
913 1551 1139 1639 interpretibus

63 1654 182 1718 docte
197 1664 231 1716 et
246 1652 371 1738 copiose
388 1650 571 1715 disseruerit
577 1663 598 1728 ¹,
610 1650 689 1715 mihi
704 1674 844 1738 quoque,
861 1653 966 1718 oblata
976 1656 1140 1741 praefandi

65 1754 336 1843 opportunitate,
366 1752 407 1818 de
436 1752 484 1830 iis,
512 1754 568 1840 qui
594 1754 671 1818 inde
700 1778 719 1819 a
749 1753 1005 1821 Drakenborchii
1034 1771 1137 1825 aetate

65 1859 173 1923 Livii
200 1856 413 1921 Historiarum
442 1856 530 1920 libris
559 1878 616 1944 pro
642 1856 725 1921 virili
754 1872 843 1945 parte
873 1859 1054 1925 consultum
1080 1886 1136 1928 vo·

65 1964 228 2038 luerunt,
243 1960 381 2025 breviter
394 1961 505 2025 saltem
520 1960 718 2047 strictimque
734 1984 895 2048 exponere
909 1963 1028 2049 placuit
1034 1976 1055 2027 ².

128 2064 183 2129 Ac
198 2064 336 2151 primum
352 2063 483 2150 quidem
497 2062 572 2129 satis
586 2075 719 2141 constat,
738 2062 937 2127 Crevierium
952 2086 1019 2129 non
1034 2064 1137 2130 solum

69 2166 202 2233 eodem
237 2166 304 2231 iere
341 2179 492 2253 tempore,
523 2188 588 2253 quo
618 2164 901 2230 Drakenborchius
937 2166 979 2232 ad
1008 2166 1137 2233 Livium

68 2267 325 2335 emendandum
340 2281 436 2355 atque
459 2266 683 2355 explicandum
704 2283 833 2355 operam
856 2268 1022 2348 conferret,
1037 2272 1138 2335 maio·

70 2395 152 2438 rem
165 2370 333 2438 adornasse
343 2370 428 2438 Livii
440 2370 623 2449 editionem,
635 2370 783 2436 codicum
793 2370 1011 2437 Parisinorum
1022 2374 1136 2460 opibns

69 2479 283 2554 instructam,
310 2475 488 2541 sedetiam
514 2475 621 2563 paullo
649 2487 721 2561 post
746 2473 903 2539 minorem
929 2497 1135 2562 comparasse,

72 2603 168 2668 quae
200 2591 334 2656 textum,
365 2600 461 2665 quem
490 2590 614 2655 vocant,
644 2578 761 2665 passim
794 2577 939 2640 relictum
972 2589 1006 2641 et
1039 2599 1136 2644 novas

71 2683 209 2770 aliquot
245 2681 442 2747 coniecturas
478 2679 619 2758 exhibet,
653 2693 749 2765 atque
785 2678 826 2743 ab
862 2677 931 2742 aliis
967 2678 1035 2742 sine
1072 2680 1138 2747 ulla

73 2785 262 2850 mutatione
284 2784 430 2872 repetita,
451 2784 491 2848 ab
511 2783 579 2848 aliis
603 2783 643 2848 ad
664 2780 865 2846 Lallemandi
889 2781 1072 2859 editionem,
1095 2782 1137 2849 de

74 2911 149 2976 qua
175 2887 327 2974 deinceps
350 2887 464 2963 dicam,
489 2885 583 2951 tacite
610 2883 805 2949 conformata
830 2897 887 2948 est.
936 2883 1136 2951 Crevierium

76 2990 214 3078 excepit
243 2988 500 3066 Ruddimannus,
531 2987 587 3074 qui
617 2987 652 3051 in
682 2986 817 3053 edendis
847 2986 934 3051 Livii
970 2986 1058 3053 libris
1094 2989 1140 3054 ita

75 3105 226 3159 versatus
247 3104 306 3170 est,
321 3105 357 3156 ut
379 3091 414 3155 in
436 3089 651 3178 compluribus
671 3087 759 3166 locis,
778 3089 892 3175 partim
915 3090 1137 3155 auctoritatem

77 3196 235 3262 codicum
268 3218 288 3259 a
319 3193 584 3259 Drakenborchio
619 3189 753 3277 aliisque
790 3189 989 3268 collatorum,
1023 3192 1138 3277 partim
1241 3253 1245 3259 .

79 3297 256 3364 Kennethi
281 3296 470 3363 Mackenzie
495 3296 692 3382 aliorumque
717 3292 914 3358 coniecturas
937 3306 1074 3371 secutus,
1097 3295 1138 3360 ab

77 3403 270 3469 recensione
297 3398 602 3465 Drakenborchiana
630 3396 817 3461 discederet.
872 3395 950 3460 Post
978 3395 1065 3461 hunc
1095 3394 1137 3459 ad

80 3503 282 3593 evulgandos
318 3502 404 3568 Livii
443 3502 539 3567 libros
579 3499 710 3566 accessit
746 3498 922 3576 Ernestius,
960 3499 1026 3585 qui,
1063 3498 1138 3562 licet

80 3621 212 3674 textum
236 3607 438 3671 immutatum
465 3627 506 3670 ex
530 3602 785 3670 Drakenborchii
810 3603 994 3668 recensione
1020 3601 1138 3666 exscri-

78 3710 229 3776 bendum
255 3721 389 3785 curaret,
414 3708 534 3796 optimc
564 3719 672 3772 tamen
697 3705 739 3771 de
765 3704 851 3770 Livii
876 3703 1137 3790 interpretatione

80 3813 203 3879 meruit
225 3811 448 3877 concinnando
471 3809 633 3875 Glossario
657 3808 802 3886 Liviano,
825 3806 913 3894 quod
936 3806 1074 3893 primum
1098 3805 1138 3868 ab

120 4080 131 4114 ι
151 4065 184 4115 In
208 4061 373 4122 Praefatione,
398 4061 513 4136 editionis
535 4061 598 4111 Dra·
631 4060 697 4173 poris
722 4055 839 4135 ordinem?
855 4066 961 4121 secutus,
976 4059 1056 4108 adieci
1076 4059 1139 4108 Dra·

84 4127 286 4178 kenborcbianae
296 4132 366 4176 torno
380 4133 486 4188 septmo
501 4131 526 4174 et
542 4125 598 4173 ulti-
650 4125 776 4174 enborchri
794 4125 897 4188 Syllsbo
915 4125 1051 4172 editionum
1071 4139 1139 4186 prae·

84 4191 599 4306 m⁰⁹ffilttuli²·f'tt„tltll‘·tttt
631 4186 1140 4302 {biildniidllfiliilal'lid'iqq'

87 4272 143 4369 suin
166 4319 234 4371 brevi
254 4320 286 4368 ae
302 4318 403 4381 mortu
422 4315 521 4378 tunso,
537 4322 597 4366 tem-
632 4329 687 4379 472.
1023 4289 1029 4301 '
1068 4267 1140 4314 Μ’
