2934 4800
475 263 798 333 KREYSSIGII.
1099 268 1164 334 396

62 424 177 489 mire
192 421 336 491 Ascens.
353 423 445 511 Mog.
462 438 496 491 et
512 427 552 492 B.
570 426 678 495 Aldus
698 438 731 495 et
750 430 783 493 in
804 450 846 493 ac
867 426 1012 493 mutavit.
1024 461 1066 475 -
1079 426 1161 514 Cap.

62 528 114 591 7.
166 528 363 593 amatam
391 550 453 614 pro
482 531 641 596 renalium
670 530 770 597 Frob.
795 532 826 595 2.
850 540 884 596 et
911 528 1102 615 B.-Cup.
1129 530 1160 595 8.

64 631 238 695 senatui
263 652 324 715 pro
349 640 383 697 ct
406 632 536 697 senatui
562 632 659 699 Frob.
684 636 714 699 2.
742 646 777 699 et
802 631 993 719 B.-Cup.
1018 633 1050 699 9.
1077 635 1162 699 satis

65 734 306 821 expediebat
328 756 389 819 pro
408 736 493 801 satis
511 738 730 824 expediebant
750 736 849 802 Frob.
866 740 897 802 2.
916 748 951 803 ct
970 734 1010 801 B.
1022 736 1159 823 -Csp.

72 840 156 903 11.
180 846 220 902 ut
236 837 436 923 polliceatur
457 860 518 923 pro
540 848 575 903 ut
592 840 809 927 polliceretur
831 839 930 905 Frolu
953 843 985 905 2.
1007 850 1042 905 et
1065 838 1162 905 B.—

71 938 212 1025 †Cup.
232 940 280 1003 13.
298 950 446 1005 evastata
464 950 537 1006 sunt
555 944 680 1029 oppida
699 964 762 1028 pro
781 942 1073 1029 ecumataoppida
1087 952 1161 1009 sunt

73 1040 208 1108 Frob.
224 1044 256 1107 2.
268 1042 404 1127 —cap.
423 1044 471 1108 18.
488 1044 537 1109 Et
559 1044 629 1110 alia
651 1066 712 1130 pro
730 1044 800 1109 Seu
818 1044 888 1109 alia
903 1043 932 1109 F
933 1045 1004 1109 rob.
1020 1047 1052 1109 2.
1069 1058 1102 1109 et
1118 1042 1159 1111 B.

75 1143 265 1228 —†Cap.
283 1144 334 1208 20.
356 1154 413 1209 aut
435 1145 525 1210 iliam
541 1154 675 1234 partem
696 1168 760 1231 pso
782 1155 841 1211 aut
863 1146 897 1211 in
918 1146 1011 1211 itiam
1028 1154 1161 1232 partem

76 1245 207 1311 Frob.
230 1246 434 1333 2.-†Csp.
457 1250 509 1313 21.
526 1246 599 1333 filii
621 1248 720 1313 etiam
743 1269 878 1312 uxorem
901 1268 962 1333 pro
985 1247 1066 1333 Pyii
1090 1248 1160 1313 sius

81 1371 240 1413 uxorem
266 1348 334 1412 sive
361 1350 469 1434 potius
496 1348 732 1435 Polycratiam'
750 1350 821 1414 eius
845 1371 978 1414 uxorem
1003 1348 1102 1413 Frob.
1126 1353 1158 1415 2.

81 1484 148 1497 -
157 1448 267 1537 †1bid.
284 1452 364 1537 quia
373 1452 563 1538 pepercisse
576 1453 684 1517 colunt
699 1474 761 1537 pro
776 1452 854 1538 quia
862 1452 1056 1538 pepercisse
1069 1452 1160 1517 nohis

85 1555 216 1621 volunt
230 1550 329 1619 Frob.
347 1557 377 1619 2.
390 1590 434 1601 -
444 1553 549 1639 †Cap.
566 1556 618 1619 23.
635 1556 739 1620 secuti
757 1577 818 1641 pro
832 1562 944 1620 secuta
959 1553 1056 1620 Frob.
1072 1558 1102 1619 2.
1115 1590 1159 1603 -

86 1654 209 1743 †Cap.
226 1656 280 1721 31.
302 1678 364 1720 non
384 1657 539 1721 auderent
562 1679 623 1742 pro
645 1665 821 1722 metuerent
844 1655 942 1721 Frob.
959 1659 991 1722 2.
1008 1669 1043 1721 et
1062 1655 1159 1722 B.-

89 1756 212 1843 †Cap.
228 1756 280 1821 32.
304 1767 340 1822 nt
359 1758 446 1822 nulia
456 1758 549 1845 fides
568 1760 612 1825 sit
633 1780 693 1844 pro
713 1768 748 1823 ut
768 1758 802 1823 in
820 1758 908 1823 nulio
916 1759 1008 1846 fides
1026 1759 1071 1823 sit
1089 1760 1158 1825 sive

91 1862 216 1947 potius
236 1862 267 1927 si
289 1862 378 1927 nulla
388 1862 481 1949 fides
502 1862 546 1927 sit
568 1860 665 1927 Frob.
688 1861 860 1927 u-Lib.
885 1860 1056 1928 XXXIII.
1073 1864 1156 1950 Cap.

99 1966 156 2029 17.
186 1964 420 2051 expugnabilis
446 1986 507 2049 pro
532 1964 802 2051 inexpugnabilis
827 1964 925 2031 Frob.
953 1967 981 2031 l.
1002 1978 1036 2030 et
1060 1965 1158 2033 B.-

94 2062 206 2149 *Ccp.
233 2066 281 2129 18.
305 2066 571 2129 detractaverunt
592 2084 653 2150 pro
675 2066 933 2129 detrectaccrnnt
957 2064 1035 2131 Alo.
1058 2079 1093 2131 et
1114 2066 1155 2133 Β.

95 2202 145 2213 -
158 2164 290 2251 ·†1bid.
323 2166 501 2232 circumdat
530 2188 591 2252 pro
620 2167 837 2232 circumdaret
864 2167 931 2231 sive
956 2168 1066 2252 potius
1092 2170 1157 2235 cir·

98 2270 236 2333 cumdat
258 2278 289 2335 et
312 2266 544 2335 Ala-Ibit.
567 2270 623 2357 qui
644 2290 705 2355 pro
728 2291 813 2357 quae
833 2268 933 2335 Frob.
955 2272 986 2335 2.
1007 2281 1041 2336 ct
1061 2269 1158 2336 B.—

97 2370 190 2438 Ibid.
215 2372 343 2439 Achaei
368 2396 428 2460 pro
449 2373 523 2439 acie
545 2372 644 2438 Frob.
668 2376 699 2438 2.
724 2385 759 2440 et
782 2371 994 2440 B.-·1bid.
1020 2396 1090 2439 cum
1113 2374 1157 2439 iis

96 2497 163 2560 pro
188 2497 259 2541 cum
282 2475 335 2540 his
356 2473 436 2541 Ald.
461 2488 494 2541 et
512 2475 558 2564 β.
571 2475 732 2560 -†lbid.
759 2476 875 2562 recipi,
898 2475 963 2540 nisi
987 2475 1157 2560 aliquanto

91 2585 178 2662 post
201 2598 267 2662 per
294 2575 487 2642 Antiochum
519 2599 583 2642 non
612 2577 724 2664 potuit
757 2599 819 2662 pro
852 2577 957 2662 recipi
984 2576 1156 2661 aliquanta

91 2701 294 2764 prosperam
308 2678 503 2745 Antiochum
523 2680 633 2766 potuit
656 2679 723 2743 sive
746 2678 856 2764 potius
878 2701 938 2744 nec
959 2678 1075 2765 recipi,
1091 2679 1156 2746 nisi

97 2780 272 2866 aliquanto
296 2790 385 2868 past,
407 2805 471 2868 per
494 2781 687 2847 Antiochum
709 2781 822 2867 potuit
845 2779 944 2846 Frob.
976 2782 1004 2845 1.
1017 2780 1154 2868 -Cup.

102 2883 154 2947 19.
179 2891 248 2947 tata
266 2905 373 2970 prope
394 2885 473 2950 orbe
493 2894 655 2951 terrarum
680 2907 742 2970 pro
763 2907 872 2971 prope
894 2885 971 2949 orhe
994 2892 1156 2950 terrorum

100 2985 202 3050 Frob.
230 2988 262 3050 2.
292 2997 326 3050 et
356 2986 572 3070 B.-†Ibid.
596 2985 803 3074 prcfiigaate
832 3010 892 3072 pro
919 2987 1061 3073 eligente
1087 2987 1155 3052 sive

99 3088 215 3172 potius
237 3087 390 3174 exigente
415 3087 514 3154 Frob.
539 3087 742 3154 u.-·1bid.
754 3089 917 3174 fortunae
939 3111 1000 3196 pro
1011 3089 1156 3174 fortuna

100 3187 203 3256 Frob.
226 3191 254 3254 1.
276 3200 310 3255 et
329 3189 370 3255 B.
383 3191 521 3276 —Cap.
543 3191 596 3256 20.
622 3199 802 3277 superaret.
849 3191 887 3254 Si
908 3212 947 3254 ea
971 3213 1032 3275 pro
1054 3191 1093 3255 Si
1116 3214 1156 3256 eo

99 3291 205 3357 Frob.
225 3292 254 3355 l.
273 3303 307 3356 et
330 3291 370 3357 B.
383 3291 523 3357 -lbid.
546 3315 618 3358 esse
640 3315 700 3378 pro
723 3301 807 3357 esset
829 3290 928 3356 Frob.
954 3294 982 3356 1.
1003 3301 1037 3356 et
1059 3290 1099 3356 Β.
1112 3329 1156 3340 -

100 3393 206 3458 ’Ibin
234 3393 268 3458 in
294 3394 487 3460 deditionem
512 3394 658 3481 acceptis
683 3416 745 3479 pro
773 3393 808 3458 in
833 3393 987 3457 ditionem
1010 3393 1156 3479 acceptis

101 3494 353 3562 Ald.-·1bid.
382 3505 528 3561 vetarent
557 3518 619 3581 pro
643 3503 755 3560 actare
777 3493 855 3559 Ald.
882 3503 917 3560 et
940 3492 1154 3560 B.-·lbid.

100 3621 324 3687 responsoque
360 3619 421 3684 pro
457 3619 615 3684 responsa
651 3597 751 3662 Frob.
789 3600 822 3662 2.
859 3609 894 3662 et
932 3587 1032 3661 B.'-
1048 3596 1153 3663 *Ibin

106 3701 188 3767 Tum
210 3724 271 3788 pro
294 3703 350 3788 qui
372 3710 438 3766 tum
457 3699 556 3767 Frob.
572 3704 604 3766 2.
621 3709 655 3765 et
674 3698 714 3765 B.
726 3698 887 3766 -·1bid.
907 3701 1074 3766 redierant
1093 3720 1155 3785 pro

101 3805 256 3870 redibant
291 3805 389 3869 Frob.
429 3807 459 3868 2.
497 3814 532 3869 et
568 3801 805 3886 B.-·†lbid.
836 3825 879 3869 oc
906 3802 1058 3889 Myndiis
1094 3825 1156 3888 pro

103 3905 254 3992 Myndiis
274 3903 352 3970 Ald.
364 3903 517 3990 -'Cap.
539 3907 592 3970 21.
614 3905 832 3991 magnitudini
851 3926 912 3989 pro
932 3903 1155 3991 magnitudine

102 4005 181 4071 AId.
194 4041 239 4054 —
250 4005 335 4071 lbid.
363 4006 413 4070 M.
430 4006 573 4072 Heluius
600 4028 661 4089 pro
684 4006 735 4071 M.
752 4005 929 4071 Heluidius
947 4005 1025 4070 AId.
1051 4015 1085 4069 et
1113 4005 1153 4068 B.

101 4106 265 4193 -†Ibid.
295 4117 476 4174 mutaverat
505 4131 566 4194 pro
593 4110 795 4173 nudaverant
821 4109 888 4172 sinc
914 4107 1024 4192 potius
1052 4099 1165 4171 nuda!

101 4211 207 4276 verint
231 4209 476 4294 Ald.-†Cap.
502 4213 554 4275 22.
581 4219 694 4296 posset
719 4229 781 4294 pro
806 4210 916 4296 possit
942 4207 1041 4274 Frob.
1067 4211 1156 4274 2.-

103 4311 186 4398 Cep.
218 4313 269 4377 23.
301 4313 604 4399 centurionibusque
632 4333 693 4397 pro
723 4311 963 4394 centurionibus
992 4307 1092 4377 Frob.
1122 4314 1154 4374 2.
