2934 4800
380 247 475 316 LIB.
500 249 609 318 xnii.
640 251 752 320 CAP.
776 256 829 318 55.
1074 261 1116 322 85

71 380 253 446 rocacibus
281 381 406 450 iaculati
437 399 519 450 sunt
577 386 669 462 Quae
699 409 758 464 res,
788 407 889 474 quum
918 388 1113 456 infestiorem
1123 409 1157 460 U.
1168 411 1199 462 c.
1214 413 1270 475 εει.

70 481 189 532 ostem
205 468 248 534 ad
259 470 508 558 oppugnandum
523 472 655 550 fecisset,
669 474 679 538 i
767 474 986 562 desperatione
1000 476 1152 543 veniae&
1168 477 1199 528 0·
1216 488 1269 538 ¹71·

25 553 90 617 ad
116 554 264 620 tuendos
283 579 351 622 sese
371 557 473 623 acrius
491 559 644 624 accendit.
681 496 803 648 qstqque
822 562 1039 648 pertriduum
1060 564 1111 628 in·

90 641 214 707 ntibns
231 644 392 730 utrimque
410 645 523 709 animis
537 659 570 711 et
587 660 787 734 oppugnatae
806 661 889 725 sunt,
905 661 938 714 et
951 649 1108 716 defensae.

22 663 245 829 {lentitudo
265 729 480 796 Macedonum
499 731 540 796 ad
561 733 762 800 subeundum
777 735 811 798 in
831 734 933 800 vicem
953 735 1108 823 proelium

25 813 147 879 haud
162 815 334 882 difficulter
353 817 559 884 succedebat:
584 819 768 907 oppidanos,
784 821 880 899 diem,
895 837 1021 888 noctem
1039 845 1109 888 eos·

27 900 131 966 dem
150 915 280 968 tuentes
300 904 435 982 moenia,
452 927 516 970 non
532 904 662 971 vulnera
681 907 786 984 modo,
801 907 967 973 sedetiam
982 908 1106 996 vigiliae

24 1001 76 1052 et
105 989 284 1054 continens
302 989 390 1056 labor
412 992 607 1058 conficiebat
657 992 780 1068 Quarto
799 993 862 1072 die,
884 1009 983 1081 quum
1004 996 1106 1062 scalae

26 1075 207 1162 undique
219 1075 259 1140 ad
274 1099 380 1141 muros
394 1077 600 1164 erigerentur,
612 1092 645 1145 et
659 1094 751 1166 porta
765 1080 797 1144 vi
810 1081 927 1145 maiore
943 1104 1107 1170 oppugna·

24 1175 154 1240 retur,
172 1162 325 1250 oppidani
345 1162 469 1251 depulsi
487 1166 584 1230 muris
604 1165 645 1232 sd
663 1180 787 1266 portam
807 1167 958 1232 tuendam
973 1191 1107 1236 concur-

25 1262 141 1326 runt,
158 1249 425 1337 eruptionemque
443 1251 642 1338 repentinam
662 1275 696 1317 in
715 1252 823 1318 hostes
835 1253 964 1319 faciunt.
1013 1254 1105 1330 Quae

29 1357 158 1420 quum
178 1335 295 1436 iraetm
339 1337 346 1350 '
376 1336 587 1436 inconsultae,
605 1361 702 1426 quam
722 1362 815 1405 verae
834 1339 969 1406 fiduciae
991 1341 1106 1406 virium

31 1433 150 1498 esser,
163 1445 259 1509 pauci
270 1359 364 1487 atuim
397 1424 436 1488 ab
447 1425 577 1512 integris
591 1425 674 1512 pulsi
686 1437 774 1512 terga
782 1425 941 1493 dederunt
949 1450 958 1503 ;
981 1427 1107 1514 fugien-

34 1523 171 1658 tqslqsue
187 1531 245 1659 ppi-
257 1521 420 1662 pattpntetm
449 1526 560 1662 'bqtam
580 1511 687 1578 hostes
704 1525 902 1599 acceperunt
949 1511 1106 1664 Itaaeqapta

35 1617 292 1782 hlnperliieriirritp,
315 1619 534 1750 veeriuiidata.ra
548 1621 677 1750 htiordlbe
692 1621 979 1772 hoalgpiambilupieartb
1001 1623 1105 1751 et'liiiff

35 1791 154 1832 censo
169 1791 212 1856 op
235 1768 288 1833 ido
307 1769 474 1856 profectus,
490 1771 532 1836 ad
550 1771 746 1836 Phalannam
766 1786 869 1836 castra
887 1771 1003 1836 movit:
1027 1772 1103 1838 inde

110 1870 186 1919 tero
223 1855 252 1920 ie
269 1843 446 1944 Gyrtonem
463 1859 616 1946 pervenit
664 1856 740 1933 Quo
755 1880 854 1944 quum
870 1857 909 1922 T.
922 1857 1104 1924 Minucium

36 2029 44 2040 Ι
79 1941 184 2004 usum
199 1955 232 2006 et
246 1941 408 2043 Hippiam,
422 1942 846 2094 Thessalorum-praetorem,
859 1966 931 2044 cuni
947 1945 1104 2031 praesidio

33 2042 194 2092 intrasse
208 2049 278 2094 acce
302 2042 385 2107 isset,
401 2053 441 2094 ne
462 2043 583 2096 tentata
601 2054 657 2117 qm
681 2053 731 2096 em
751 2045 998 2118 oppugnatione,
1013 2053 1104 2118 prae-

33 2131 240 2201 tergressus,
253 2114 283 2179 E
314 2117 390 2181 tiam
405 2130 437 2180 et
449 2116 613 2194 Gonnum,
625 2115 777 2203 perculsis
788 2117 952 2204 inopinato
962 2116 1103 2182 adventu

4 2215 59 2264 ⁹0
89 2200 236 2288 pidanis,
255 2203 381 2289 recepit
428 2202 461 2267 U
532 2227 572 2268 ue
593 2202 711 2291 o'ppida
728 2203 762 2266 in
779 2203 921 2268 faucibus
938 2218 1022 2281 sunt,
1038 2227 1103 2290 qua

74 2309 184 2374 empe
213 2287 349 2366 adcunt3
380 2289 478 2378 magis
539 2312 650 2356 onnus.
696 2288 810 2376 Itaque
839 2303 872 2356 et
900 2290 1037 2355 firmiore
1067 2289 1101 2354 id

36 2373 216 2525 praeplipiio
231 2387 334 2527 tututm
355 2376 790 2529 equiltumtpedlitumqqasad
809 2377 870 2477 hoc
882 2375 966 2443 'fossa
984 2375 1101 2465 triplici

37 2484 197 2647 bipertit
206 2483 736 2616 ilbitliohltiiinieaiiilclntumpiiituit:
751 2486 902 2613 ysiihiilubl
910 2484 1101 2613 mmuh

38 2657 172 2722 passim
185 2636 359 2701 exercitum
374 2636 462 2703 iubet
473 2637 507 2701 in
519 2636 660 2702 subiecto
671 2635 811 2701 hostium
821 2656 905 2722 agro.
950 2632 1100 2735 Namque

41 2722 229 2821 Sycurium
249 2736 297 2787 est
316 2724 374 2787 sub
393 2723 552 2787 radicibus
573 2722 672 2789 Ossae
692 2723 818 2787 montis.
865 2721 940 2807 Qua
958 2722 993 2785 in
1007 2744 1102 2786 meri-

38 2810 139 2873 diem
161 2808 274 2909 vergit,
290 2810 447 2875 subiectos
467 2808 563 2874 habet
582 2808 765 2874 Thessaliae
785 2830 928 2896 campos:
952 2808 993 2873 ab
1012 2822 1102 2896 tergo

39 2894 282 2959 Macedoniam
309 2908 404 2983 atque
434 2895 642 2985 Magnesiam.
689 2895 745 2960 Ad
772 2894 830 2960 bas
852 2894 1103 2983 opportunitates

39 2981 180 3047 accedit
205 3004 329 3047 summa
353 2982 516 3048 salubritas
542 2995 575 3048 et
599 2982 700 3070 copia,
726 2981 869 3069 pluribus
894 2981 1102 3047 circumiectis

39 3068 409 3219 fontibusaperennimn
424 3092 586 3157 aquarum.

92 3154 192 3219 Cons
257 3154 430 3234 Romanus,
460 3178 518 3243 per
546 3155 672 3221 eosdem
703 3154 771 3219 dies
801 3153 999 3220 Thessaliam
1028 3176 1101 3219 cum
1158 3163 1210 3225 55.

40 3240 200 3307 exercitu
214 3254 336 3328 petens,
351 3244 413 3307 iter
431 3241 614 3330 expeditum
630 3242 732 3329 primo
750 3262 807 3328 per
822 3240 956 3328 Epirum
969 3240 1099 3305 habuit:
1110 3248 1166 3297 eos
1176 3248 1210 3296 ad
1220 3262 1256 3323 re

40 3327 186 3403 deinde,
206 3341 373 3415 postquam
394 3329 428 3393 in
449 3328 675 3395 Athamaniam
695 3342 743 3393 est
763 3340 981 3414 transgressus,
1000 3311 1251 3425 asperiffl'fflb

39 3438 82 3481 ac
100 3436 207 3501 prope
222 3414 300 3479 invii
314 3415 382 3493 soli,
398 3438 470 3480 cum
486 3415 607 3503 ingenti
621 3414 804 3479 difficultate
818 3414 924 3500 parvis
937 3412 1103 3476 itineribus

40 3523 147 3588 aegre
166 3500 333 3588 Gomphos
350 3502 513 3588 pervenit:
538 3500 589 3568 cui
609 3501 645 3578 si,
660 3500 782 3566 vexatis
796 3498 977 3563 bominibus
996 3497 1103 3583 equis·

41 3610 127 3677 que,
145 3587 284 3652 tironem
302 3589 479 3654 exercitum
498 3587 628 3653 ducenti
648 3587 715 3651 acie
733 3586 887 3650 instructa
903 3597 937 3648 et
955 3582 1026 3647 loco
1044 3605 1104 3647 suo

42 3690 81 3741 et
105 3686 254 3761 tempore
278 3675 448 3741 obstitisset
469 3696 536 3753 rex,
559 3698 599 3739 ne
628 3672 767 3737 Romani
792 3669 925 3759 quidem
947 3667 1102 3747 abnuunt,

44 3784 174 3849 magna
192 3784 250 3827 sua
264 3784 337 3826 cum
351 3762 440 3827 clade
455 3760 550 3827 fuisse
564 3772 768 3851 pugnaturos.
813 3757 986 3842 Postquam
1003 3754 1104 3823 Gom·

45 3850 134 3937 phos
149 3848 220 3913 sine
231 3849 403 3913 certamine
417 3862 549 3913 ventum
564 3861 620 3925 est,
632 3859 759 3933 praeter
772 3842 924 3931 gaudium
935 3842 1103 3929 periculosi

46 3935 153 3999 saltus
168 3934 316 4021 superati,
332 3948 531 4022 contemptus
552 3955 679 4021 quoque
697 3932 845 4007 hostium,
860 3929 941 3996 adeo
955 3930 1104 4017 ignorem

48 4023 135 4086 tium
151 4022 405 4108 opportunitates
420 4044 500 4099 suas,
516 4019 655 4086 accessit.
704 4016 863 4083 Sacrificio
877 4017 937 4082 rite
952 4016 1102 4104 perfecto,

49 4106 177 4185 consul,
204 4120 238 4173 et
265 4106 426 4173 frumento
454 4108 530 4173 dato
559 4105 720 4189 militibus,
744 4126 862 4191 paucos
890 4102 931 4167 ad
959 4102 1104 4189 requiem

49 4272 166 4329 leudam,
183 4275 228 4320 aut
243 4270 269 4319 in
285 4269 338 4321 eius
355 4273 437 4320 locum
453 4272 510 4321 inde
529 4285 564 4318 re-
633 4282 649 4333 9
665 4270 721 4326 Qiia
737 4268 824 4331 Tempe
839 4267 944 4327 mne]
955 4266 1105 4341 ηΑᾶσιιηίιᾳ

50 4336 196 4450 pqiieqnddaqm
217 4334 323 4384 coniicit.
361 4336 477 4385 Muretus
492 4336 565 4385 locati·
598 4332 826 4447 {kippendatione
853 4330 971 4381 Gmnoru
998 4334 1104 4393 reposuit
