2934 4800
179 316 183 329 .
265 263 652 331 FRAGMENTUM
683 264 779 331 LIB.
815 265 909 333 XCI.
1046 272 1111 333 293

70 398 193 482 poribus
212 401 249 465 C.
262 400 436 489 Caligulae,
458 413 565 467 tumen
587 400 642 467 vix
656 400 804 467 ducentis
823 402 920 467 eredo
939 402 1031 467 annis
1050 404 1110 467 mi-

71 492 194 551 nores¹⁸.
224 485 272 552 Ut
286 510 327 553 ue
339 499 446 552 autern
460 500 577 553 temere
588 488 683 553 huius
692 488 733 553 de
742 488 909 575 fragmenti
918 489 985 553 anti
1009 488 1108 554 uitate

73 568 218 637 iudicasse
231 572 359 639 videar:
384 585 498 639 testem
517 573 581 638 cito
600 595 688 639 meae
708 575 885 639 sententiae
905 510 1107 675 locupletem,

73 655 168 721 virum
187 658 219 722 in
239 659 486 748 interpretandis
500 660 679 725 vetustioris
698 660 768 725 aevi
787 676 1002 725 monumentis
1019 682 1109 749 sege·

74 741 233 822 ciminum,
258 747 373 811 Vitum
407 744 609 810 Iuvenatium
634 746 730 895 qvia
758 746 952 823 Gimmazzi,
976 746 1109 833 Attae)

76 826 122 890 cui
143 827 237 895 hocce
260 831 371 896 folium
396 828 491 909 Livii,
512 853 612 919 quum
667 855 758 897 omae
780 832 837 909 fui,
859 832 894 897 in
917 832 1110 898 bibliotheca

78 910 220 981 Vaticana
243 918 390 994 ostendit
422 917 478 1004 qui
501 916 634 1005 quidem
660 918 741 982 mihi
766 918 933 1005 magnifice
958 918 1000 984 de
1024 918 1109 1007 frag·

77 1012 175 1066 mento
188 1003 337 1069 sentienti
351 1016 385 1068 et
399 1002 543 1090 loquenti
558 1003 775 1069 lubentissime
789 1025 942 1082 assensus,
953 1004 1108 1092 mihique,

78 1085 155 1169 quod
170 1088 247 1153 illud
265 1089 451 1166 invenerim,
467 1090 615 1168 suaviter,
629 1102 667 1155 ut
686 1090 794 1155 omnia
813 1090 915 1155 facere
932 1090 1022 1169 solet,
1037 1114 1109 1178 gra·

79 1170 183 1269 udum
195 1186 251 1239 est.
292 1175 404 1252 Quum
418 1188 525 1240 eutem
541 1188 606 1241 tam
620 1176 806 1255 iuctmdum,
818 1189 884 1241 tam
899 1175 1110 1241 excellentem

77 1278 178 1337 vuum,
191 1261 281 1326 cuius
294 1260 505 1326 familiaritate
521 1261 644 1328 Romae
660 1285 736 1327 usus
749 1285 830 1342 sum,
846 1262 996 1327 nomino:
1019 1276 1110 1350 geta

79 1358 204 1410 mentem
223 1348 308 1412 subit
326 1346 502 1412 recordatio
518 1348 616 1414 totius
635 1360 706 1415 octo
726 1348 884 1414 mensium
903 1349 1007 1435 spatii,
1022 1348 1111 1436 quod

80 1427 189 1497 Romae
202 1434 351 1521 transegi,
367 1432 539 1499 multorum
554 1447 587 1499 et
601 1434 774 1523 insignium
791 1434 972 1499 literaturae
993 1456 1108 1499 monu-

79 1530 253 1597 mentorum,
269 1541 351 1607 quae
373 1542 434 1583 con
471 1519 555 1585 icere
577 1521 665 1585 etin
688 1542 781 1585 usum
802 1533 987 1585 convertere
1008 1519 1110 1599 licuit,

79 1601 202 1668 virorum
222 1606 348 1692 generis
370 1606 443 1670 nob'
458 1606 546 1683 itate,
561 1606 714 1684 doctrine,
729 1606 928 1672 humanitate
949 1619 1111 1694 praestan·

80 1687 157 1767 uum,
171 1713 250 1778 quos
272 1691 330 1757 visi
352 1690 577 1757 humanissime
601 1693 641 1757 ab
665 1693 812 1759 omuibus
835 1706 997 1780 exceptus.
1045 1690 1111 1758 Sed

79 1776 296 1856 revertendum,
320 1776 407 1842 unde
428 1776 560 1927 digressi
582 1800 699 1857 sumus,
721 1801 783 1844 nec
804 1777 940 1866 amplius
960 1777 1110 1845 adhunc

80 1860 313 1945 pulcherrimum
326 1862 433 1928 locum
482 1876 604 1929 vertere
618 1864 703 1930 licet
738 1864 929 1930 Membrana
1042 1864 1111 1930 enti

81 1947 179 2026 unuin,
194 1963 229 2014 ut
296 1948 386 2037 panti
400 1948 508 2037 digitis
522 1950 660 2028 excidat,
675 1964 708 2016 et
722 1951 795 2015 flavi
815 1949 935 2016 coloris.
1014 1950 1111 2015 ‘tulus

81 2054 162 2117 quem
177 2035 252 2100 tabu
264 2058 301 2101 ae
343 2056 395 2100 rae
415 2058 448 2099 se
463 2035 570 2099 ferunt
590 2036 626 2100 in
647 2035 779 2103 adversa
796 2048 886 2125 parte
909 2034 997 2101 LIB.
1013 2034 1108 2101 XCI.

80 2128 109 2181 et
129 2120 160 2183 in
181 2143 288 2186 aversa
361 2119 411 2187 TI
433 2119 571 2186 L1V1¹e
617 2122 794 2188 Columnae
815 2122 851 2187 in
872 2122 983 2211 quavis
1004 2122 1113 2189 tabule

81 2203 173 2357 ιιι
184 2206 1111 2382 tenemusne-eunucu

81 2377 157 2444 nullo
184 2378 351 2446 intervallo
374 2404 395 2446 e
423 2403 456 2446 se
482 2379 660 2460 distinctae,
687 2380 749 2446 nisi
774 2405 858 2447 nove
884 2405 991 2447 rerum
1015 2382 1112 2447 series
1178 2417 1182 2424 ·

82 2464 208 2544 orditur;
230 2481 269 2533 ut
289 2467 325 2532 iu
346 2467 450 2555 pn'ore
472 2467 620 2532 columna
641 2467 771 2534 ultimae
789 2468 960 2554 fragmenti
977 2467 1112 2554 paginae

81 2563 110 2614 et
144 2553 329 2620 raecedente
371 2566 469 2619 uncto
490 2552 525 2618 in
546 2553 704 2620 secundae
726 2555 893 2619 columnae
910 2575 1004 2618 versu
1022 2565 1113 2618 sexto

83 2634 111 2699 D
137 2577 393 2706 OEcERVNh·
428 2637 513 2705 CVi⁶
563 2640 691 2706 Literee
720 2640 941 2706 oolumnarum
976 2637 1113 2704 initiales

82 2735 186 2792 ceteras
207 2725 428 2878 magpimdine
449 2740 619 2828 superant:
642 2726 731 2814 quod
755 2739 789 2791 et
810 2726 904 2791 initio
925 2746 1027 2791 novae
1048 2724 1113 2790 hia-

84 2811 204 2878 toriee¹⁵.
303 2813 410 2900 liquae
432 2812 492 2877 sibr
515 2811 673 2900 aequales,
696 2825 733 2878 ut
757 2812 851 2877 lineis
871 2811 1028 2900 parallelis
1046 2810 1112 2876 fere

84 2895 188 2964 includi
204 2899 336 2987 possint,
351 2899 493 2986 exeeptis
512 2911 621 2964 nmen
640 2899 678 2963 L.
695 2897 733 2964 B.
750 2911 785 2964 et
799 2897 833 2963 F.
849 2920 932 2986 quae
951 2897 1113 2964 interdum

83 3003 145 3084 pree
155 2983 459 3087 ueterisemineutll.
492 2983 693 3085 Compendie
703 2984 862 3085 scribendi
872 2984 959 3086 veria
969 2983 1114 3084 librarius

83 3068 903 3246 dititt‘nliz‘ttrlhttltfflffi
912 3093 975 3222 it
981 3083 1116 3222 itti

105 3375 576 3438 ¹31uvenatiusharummembronanrm
643 3389 672 3438 14
689 3373 967 3424 Minusacouratehunc
975 3373 1115 3422 tabularum

86 3445 176 3508 §uatem
202 3441 229 3490 in
251 3441 432 3490 Antoninorum
464 3445 577 3503 tempora
608 3438 708 3488 titulum
725 3439 891 3488 exhibuerunt
906 3435 1074 3485 Cancellen'ue
1088 3437 1115 3484 iu

86 3502 189 3572 aad*
205 3506 294 3554 meare
310 3505 416 3554 instinrit
433 3505 459 3554 in
474 3510 576 3554 annota·
609 3503 716 3554 Praeiet.
727 3518 752 3564 p.
764 3501 788 3552 6.
800 3503 839 3550 ed
851 3501 924 3574 Lipa-
934 3505 1009 3573 etque
1020 3498 1115 3548 Gellet·

87 3569 139 3617 hene
158 3568 237 3631 pruna
262 3575 289 3617 et
312 3569 460 3618 scholiorum
481 3569 575 3617 addite·
607 3562 1116 3616 unaammeuusintsnrmomoeuuom

86 3637 162 3692 meum,
171 3633 399 3696 qundexeditione
410 3632 577 3695 Neapolitana
607 3631 738 3682 Romanae
748 3629 864 3678 subiecto.
1004 3687 1009 3700 Ι
1033 3689 1039 3700 .

87 3701 167 3745 nomae
181 3695 336 3748 mbiecimus.
369 3696 521 3746 Niebuhn'us
533 3711 575 3744 au·
643 3705 670 3757 15
689 3693 748 3743 Vid.
758 3698 830 3742 notae
839 3692 872 3740 ad
882 3691 1011 3763 stegmema
1021 3691 1065 3764 ¹¹.¹¹·
1076 3702 1116 3751 31.

87 3760 135 3818 len,
144 3761 172 3809 de
182 3760 302 3810 eiusmodi
317 3760 461 3810 schedarum
472 3759 576 3822 antiqni—
608 3758 768 3820 u51.et187.
800 3755 918 3805 Similiter
927 3754 1054 3827 Ciceronis
1063 3769 1116 3802 ora-

87 3823 135 3881 ltte,
144 3839 217 3886 quum
233 3825 297 3874 haec
310 3825 430 3887 scriptura
443 3824 509 3872 ultra
523 3838 577 3885 rep·
609 3823 689 3872 hones
703 3820 730 3869 in
747 3818 871 3868 codicibus
882 3817 1010 3866 Vaticanis
1023 3824 1049 3867 et
1060 3819 1115 3868 hie

88 3883 193 3948 fluento·
205 3903 285 3937 anuos
298 3887 440 3946 obtinuerit,
455 3893 527 3936 ceute
541 3887 577 3935 iu-
610 3884 792 3934 holanmaibue
809 3883 836 3931 in
854 3882 937 3945 capite
952 3881 1041 3932 urim
1055 3897 1116 3941 sese,

89 3947 203 4000 dandum
211 3967 263 4002 ene
275 3953 407 4014 praefatus,
414 3966 456 4000 eea
466 3951 515 4000 iarn
524 3965 575 4000 ver·
607 3949 744 3999 observavit
754 3946 906 3996 Niebuhriur
916 3961 941 4008 p.
952 3943 991 4006 56.
1001 3946 1117 4007 idemque

89 4019 148 4071 reru
164 4015 266 4078 imperio
286 4015 390 4128 sculptos
411 4029 471 4074 erse,
490 4029 518 4076 p.
537 4029 576 4063 aa.
608 4015 676 4062 valet
699 4013 730 4060 de
752 4010 861 4061 &timei
881 4009 1031 4084 tegmentis,
1052 4023 1116 4071 quae

89 4077 208 4138 mulum
231 4085 276 4129 est.
340 4094 403 4142 sque
426 4079 508 4127 minue
532 4077 576 4126 cir·
608 4091 685 4140 penes
701 4090 742 4124 me
756 4080 858 4135 suntet
874 4074 1039 4136 pahnrpeeetu
1050 4073 1115 4122 Tau-

90 4149 212 4204 unapars
223 4143 350 4193 Gallettus
361 4149 386 4192 et
397 4142 543 4192 amedeum
552 4140 579 4190 in
610 4140 755 4190 rinenn'bus.
942 4199 947 4206 ι

90 4203 220 4272 luhuomo,
228 4208 295 4269 quod
305 4221 337 4256 ex
348 4207 455 4256 editinm
466 4207 581 4256 Romam
646 4204 676 4254 16
693 4205 753 4254 Non
763 4201 809 4252 uiri
820 4201 902 4250 literas
912 4201 936 4250 B
947 4206 973 4250 et
984 4201 1005 4251 F
1016 4201 1119 4251 dimidie

91 4277 111 4312 lu
125 4275 223 4320 nuaram
241 4271 419 4330 mamilimus,
436 4285 478 4320 eas
493 4269 580 4333 procul
612 4274 682 4332 parte
707 4283 782 4331 nuper
804 4272 897 4315 retem
920 4265 1035 4326 eminere,
1057 4267 1116 4315 Nie-

93 4327 154 4441 lisbio
166 4340 222 4384 ante
236 4336 363 4386 naculum
374 4335 487 4398 quintum
498 4347 580 4384 exara-
613 4332 715 4384 buhrius
725 4348 750 4397 p.
765 4347 801 4396 19·
812 4335 923 4382 tmesi.

130 4411 176 4446 erre
186 4405 338 4449 censuarium.
