2934 4800
327 228 389 288 110
707 216 820 285 ΤΙΤΙ
846 213 982 283 L1v11

168 363 203 413 U.
214 363 245 413 c.
260 365 357 427 582.et
371 355 411 420 nd
426 355 595 419 clamorem
606 354 839 441 erumpentium
851 353 964 442 ingens
978 354 1156 441 strepituse
1171 353 1271 418 mmis
1283 365 1374 417 ortus

166 428 199 478 Α
215 429 246 479 ⁰·
262 441 316 491 ¹7⁰·
323 442 513 506 ululantium
527 439 696 505 mulierum
706 462 780 505 cum
795 440 919 529 crepitu
933 437 1075 528 undique
1090 440 1198 504 aerisr
1211 453 1246 504 et
1255 440 1375 504 incon-

323 528 391 594 dite
404 527 584 606 multitudo,
600 527 694 592 turba
708 526 854 590 immixta
872 527 986 603 servili,
1001 527 1095 591 variis
1107 527 1239 592 vocibus
1257 549 1374 612 perso-

322 616 427 679 nabat.
473 613 538 678 Hic
553 627 618 678 tam
638 612 805 701 multiplex
819 613 962 700 undique
977 613 1120 681 obiectus
1135 628 1236 678 terror
1250 613 1373 690 effecit,

268 777 274 789 .
322 723 364 765 ne
378 700 533 766 sustinere
547 701 680 788 primam
695 699 864 786 procellam
878 700 1053 787 eruptionis
1074 699 1212 764 Romani
1227 713 1371 786 poffient

324 787 437 874 Itaque
450 787 608 870 fugientes
625 785 741 873 plures,
757 809 852 874 quam
872 799 1059 874 pugnantes,
1074 786 1258 874 interempti
1272 799 1371 850 sunt:

323 875 378 938 vix
392 873 457 938 duo
470 873 570 937 millia
583 873 748 937 hominum
764 895 837 937 cum
851 873 919 960 ipso
934 872 1036 960 legato
1051 873 1085 936 in
1100 886 1201 938 cestra
1219 872 1373 960 perfuge-

323 973 406 1025 runt.
454 960 529 1036 Quo
543 960 667 1047 longius
682 960 743 1024 iter
756 960 791 1023 in
807 973 907 1026 castra
920 971 996 1036 erat,
1009 982 1048 1024 eo
1062 959 1167 1046 plures
1181 958 1280 1024 fessos
1292 981 1372 1023 con-

322 1047 464 1111 sectandi
477 1046 619 1111 hostibus
630 1047 721 1134 copia
734 1046 802 1111 fuit.
849 1045 902 1110 Ne
917 1061 1055 1111 moratus
1070 1045 1200 1132 quidem
1211 1047 1247 1109 in
1257 1047 1371 1111 castris

322 1134 458 1221 Appius,
474 1146 510 1198 ut
527 1155 601 1198 suos
620 1133 785 1221 dissipatos
887 1133 957 1198 col'
1000 1145 1057 1212 ret,
1072 1133 1169 1219 (quse
1188 1155 1240 1197 res
1330 1135 1370 1196 tis

321 1243 381 1307 per
397 1243 488 1307 agros
507 1220 599 1285 saluti
619 1219 743 1308 fuisset)
763 1219 804 1284 ad
852 1219 951 1309 ychni
973 1241 1028 1284 um
1050 1219 1194 1306 protinus
1214 1220 1370 1306 reiquias

322 1306 420 1371 cladis
434 1307 570 1372 reduxit.

256 1440 264 1456 .
366 1393 504 1459 Haeret
519 1394 589 1472 alia,
601 1393 688 1459 haud
700 1415 849 1482 prospere
864 1394 899 1457 in
914 1391 1105 1458 Macedonia
1118 1405 1215 1478 gesta,
1230 1415 1273 1456 ex
1291 1391 1367 1458 Sex.

322 1480 446 1568 Digitio
461 1481 587 1545 tribuno
606 1480 753 1560 militum,
769 1481 825 1567 qui
845 1480 987 1544 sacrificii
1002 1501 1096 1556 causa
1115 1479 1254 1544 Romam
1268 1502 1369 1544 vene-

321 1581 378 1645 rat,
393 1581 468 1632 sunt
481 1567 597 1632 audita
643 1567 779 1655 Propter
792 1587 874 1655 quae
888 1567 981 1636 veriti
996 1566 1114 1644 Patres,
1129 1589 1171 1631 ne
1186 1588 1251 1652 qua
1265 1565 1370 1630 maior

321 1654 331 1718 i
378 1655 496 1718 ominia
509 1654 713 1741 acciperetur,
726 1654 845 1740 legatos
859 1654 894 1716 in
910 1652 1142 1730 Macedoniam,
1156 1651 1204 1716 M.
1217 1651 1367 1716 Fulvium

321 1677 480 1816 thuaneum,
492 1751 526 1804 et
537 1739 584 1804 M.
598 1738 770 1804 Caninium
783 1739 943 1817 Rebilum,
953 1739 1115 1818 miserunt,
1126 1739 1181 1828 qui
1192 1753 1365 1826 comperta,

322 1849 404 1912 quae
419 1839 597 1912 agerentur,
612 1825 780 1890 referrent:
805 1839 837 1890 et
856 1840 893 1891 ut
908 1828 948 1891 A.
961 1825 1116 1891 Hostilius
1135 1825 1247 1891 consul
1267 1826 1366 1890 comi-

323 1912 368 1977 tia
381 1912 562 1977 consulibus
581 1912 788 1999 subrogandis
802 1913 847 1977 ita
861 1912 1008 1990 ediceret,
1023 1913 1072 1977 uti
1085 1935 1194 1977 mense
1215 1911 1366 1978 Ianumm

322 1999 450 2064 comitia
474 1998 584 2063 haberi
650 2012 745 2077 ssent,
769 2011 802 2064 et
826 2012 863 2063 ut
885 1999 987 2086 primo
1009 2021 1137 2100 quoque
1164 2013 1309 2086 tempore
1332 1999 1387 2068 ine

321 2085 432 2150 urbem
446 2085 572 2150 rediret.
636 2086 751 2150 nterim
767 2084 814 2150 M.
829 2085 948 2150 Raecio
960 2101 1100 2186 praetori
1117 2085 1314 2164 mandatum,
1331 2100 1387 2155 uts

254 2209 260 2218 ι
322 2171 427 2237 edicto
444 2184 603 2237 senatores
622 2194 732 2236 omnes
752 2193 793 2237 ex
811 2187 878 2236 tota
898 2170 998 2251 Italis,
1014 2172 1074 2236 nisi
1095 2171 1151 2259 qui
1171 2171 1365 2259 reipublicae

321 2281 416 2323 cause
434 2260 588 2337 abessent,
609 2259 745 2323 Romam
764 2274 941 2324 revocaret:
966 2259 1023 2346 qui
1045 2259 1165 2324 Romae
1186 2273 1302 2336 essent,
1324 2282 1364 2324 ne

322 2346 393 2434 quis
407 2345 490 2411 ultra
499 2345 586 2411 mille
597 2368 745 2434 passuum
756 2346 796 2411 ab
812 2345 917 2411 Roma
928 2347 1056 2411 abesset.
1104 2345 1162 2423 Ea,
1174 2346 1222 2410 uti
1237 2358 1365 2410 senanrs

321 2434 453 2512 censuit,
468 2446 544 2498 sunt
555 2433 646 2498 facta.
694 2432 834 2498 Comitia
844 2430 1019 2498 consularia
1027 2444 1102 2499 ante
1117 2432 1203 2497 diem
1237 2433 1365 2496 uintum

322 2519 484 2586 Kalendas
503 2520 688 2587 Februarias
702 2520 799 2585 fuere.
847 2518 955 2585 Creati
970 2519 1114 2585 consules
1128 2531 1203 2583 sunt
1276 2518 1385 2585 Mar-6

320 2607 388 2672 cius
405 2607 572 2695 Philippus
587 2608 703 2671 iterum
717 2619 751 2671 et
767 2606 829 2673 Cn.
843 2606 992 2672 Servilius
1009 2604 1076 2670 Cae
1099 2606 1139 2671 io.
1184 2605 1262 2671 Post
1278 2606 1363 2670 diem

321 2693 450 2757 tertium
533 2707 616 2759 tores
626 2706 701 2758 sunt
711 2694 796 2771 facti,
811 2692 849 2758 O.
861 2692 1035 2771 Decimius,
1088 2691 1265 2758 .Cleudius
1275 2691 1364 2757 Mar·

321 2778 427 2857 celius,
479 2779 661 2869 .Sulpicius
682 2779 804 2857 Gallus,
827 2779 866 2844 C.
880 2776 1020 2843 Marcius
1038 2778 1178 2879 Figulus,
1200 2777 1266 2843 Ser.
1283 2777 1363 2844 Cor-

321 2865 423 2931 nelius
438 2858 603 2943 lentulus,
619 2866 657 2931 P.
671 2865 821 2931 Fonteius
838 2864 963 2952 Capito.
1009 2865 1192 2952 Designatis
1232 2866 1363 2931 caetori·

320 2951 380 3016 bus
389 2965 513 3039 praeter
523 2950 602 3016 duas
613 2952 757 3031 urbanas,
792 2888 1360 3040 uattuorprovinciaesuntdbcretae3

165 3042 293 3119 surpra
322 3036 486 3126 Hispanis,
501 3051 535 3104 et
547 3038 705 3117 Sardinia,
721 3051 754 3103 et
770 2976 885 3115 dictita,
898 3051 931 3103 et
945 3039 1057 3105 classis
1103 3038 1217 3127 Legati
1232 3061 1273 3103 ex
1290 3038 1362 3103 Ma·

163 3110 311 3224 fflffffl'
320 3124 462 3202 cedonia,
473 3137 586 3190 exacto
596 3124 768 3190 admodum
777 3148 885 3190 mense
897 3124 1077 3203 Februario,
1087 3124 1272 3191 rediemnt'
1305 3124 1360 3201 Hi,

322 3234 401 3297 ques
420 3234 471 3277 res
489 3234 529 3276 ea
544 3224 661 3277 aestate
681 3234 828 3301 prospere
848 3211 993 3300 gessisset
1010 3234 1066 3277 rex
1084 3211 1228 3289 Perseus,
1247 3212 1361 3277 refere·
1437 3270 1438 3275 ,

319 3297 406 3375 bant,
422 3311 623 3386 quantusque
640 3298 735 3364 timor
749 3298 848 3363 socios
908 3298 975 3385 puli
997 3298 1134 3363 Romani
1154 3298 1299 3385 cepisset,
1315 3312 1361 3363 tot
1437 3278 1438 3355 l

319 3384 449 3450 urbibus
462 3386 498 3449 in
511 3397 699 3473 potestatem
712 3386 795 3485 regis
814 3407 848 3450 re
909 3385 957 3449 tis.
1004 3384 1209 3450 ‘Exercitum
1223 3385 1360 3450 consulis
1437 3364 1438 3431 l

319 3472 570 3560 ‘indequentem
592 3474 820 3538 commeatibus
842 3471 938 3572 vulgo
962 3470 1045 3537 datis
1068 3494 1126 3560 per
1154 3472 1379 3545 ambitionemr

318 3565 421 3623 ‘esset
445 3558 571 3648 culpam
586 3560 654 3625 eius
667 3559 714 3624 rei
729 3557 891 3624 consulem
906 3581 941 3623 ru
961 3558 1105 3623 tribunos
1121 3558 1269 3635 militum,
1285 3582 1359 3624 oon·

318 3652 389 3709 ‘tra
401 3645 472 3711 illos
485 3647 520 3711 in
534 3644 697 3723 consulem
716 3646 878 3711 conferre?
921 3644 1145 3733 Ignominiam,
1163 3643 1293 3710 Claudii
1313 3660 1358 3711 tc·

316 3732 460 3797 meritate
481 3745 652 3819 acceptam,
667 3732 789 3797 elevare
805 3755 860 3797 eos
874 3731 985 3797 Patres
1000 3744 1200 3819 acceperunt,
1217 3732 1274 3818 qui
1288 3754 1357 3819 per-

314 3926 510 3990 tactaprovenit
543 3927 629 3976 Solent
638 3929 738 3990 quidem
751 3942 822 3977 noces
852 3927 959 3991 ghiusin
972 3929 1060 3978 huual.
1069 3943 1094 3990 p.
1103 3926 1158 3993 369.
1187 3926 1282 3976 Verum
1290 3928 1357 3979 Retio

313 3991 628 4042 idmetmtaroonfundi.
645 3994 745 4055 cleopa
754 3992 819 4042 xxvi.
852 3992 947 4041 mavult
957 3992 1100 4046 Crevierius

315 4070 355 4117 4ο.
883 4054 1072 4118 6Febmuciur]
1086 4055 1354 4120 ltaPighiuspmrulg.
1437 4086 1438 4095 .

347 4120 589 4181 400ntttatrtert]
616 4119 712 4168 Vocem
725 4122 822 4169 medio
853 4122 1001 4183 Septembres
1012 4120 1159 4170 emendavit.

313 4183 352 4231 bis
378 4184 482 4246 positam
506 4185 641 4234 tollendam
663 4198 715 4233 esse
739 4190 821 4233 causet
886 4184 1354 4247 7Porombitimrem1wPerpravam

314 4247 461 4297 Gronovius
851 4246 1179 4312 indulgentiumoaptaudaa
1189 4248 1355 4312 militumgm·

346 4313 528 4372 5M.Roecio]
547 4311 605 4359 Hoc
619 4326 709 4360 nomen
725 4326 769 4373 per
785 4311 820 4360 di·
852 4310 990 4363 limosum.

216 4391 219 4397 ·
314 4375 468 4437 phthongum
487 4374 641 4424 scribendum
662 4374 757 4423 monuit
778 4374 819 4424 Pi·
