2934 4800
439 237 659 310 INDEX,

62 351 173 414 pulum
193 365 238 414 pro
249 349 280 402 Τ.
290 352 417 414 Quinctio,
433 354 530 404 Cincin-

62 417 81 463 :i
103 417 178 476 tilio,
192 431 233 464 reo
245 432 283 477 41.

62 481 197 528 uinctius
204 480 364 530 Cincinnatus
374 482 477 540 Pennus,
484 499 532 533 cos.

62 543 120 592 26.
149 545 289 594 discordiae
300 546 352 594 eius
363 560 419 594 cum
431 547 533 609 collega,

62 609 95 656 11.
136 613 243 658 1111111111
261 609 312 658 eius
331 625 406 672 opera
423 610 449 658 in
466 612 532 659 bello

62 687 154 736 —29.
175 672 267 722 iterum
278 689 326 722 coa
339 688 376 735 3ο.
393 674 449 723 trib.
460 675 532 723 milit.

62 752 80 784 a.
111 742 172 798 pot.
194 747 238 797 31.
262 739 328 786 male
350 753 400 787 rem
421 738 483 801 gerit
500 740 532 787 ad

62 801 134 853 cios,
146 800 212 848 ibid.
237 802 331 864 legatus
346 803 446 851 adiuvat
457 801 532 851 victo·

62 879 100 911 m
114 864 251 913 dictatoris
261 880 291 926 31
300 873 325 916 et
333 879 371 928 33.
388 881 443 916 reus
454 867 533 916 iactus

76 928 228 990 populum,
239 930 371 979 absolvitur
382 946 421 990 41.

62 992 207 1053 scincum,
218 993 352 1056 Capitolini
370 993 443 1053 tilius,
457 995 531 1056 Capi·

62 1057 142 1105 ¹inus
153 1072 205 1106 cos.
218 1063 313 1107 creatur
325 1074 348 1118 4,
357 1073 395 1120 43.
413 1059 467 1108 trib.
479 1059 530 1108 mil.

62 1136 85 1170 s.
102 1126 163 1182 pot
176 1119 217 1171 61.

62 1185 197 1240 quinctius
208 1185 377 1246 Oincinnatua
387 1185 443 1234 trib.
459 1186 532 1234 milit.

62 1265 86 1296 s.
104 1257 164 1311 pot.
177 1247 203 1310 6,
215 1267 238 1310 4.
256 1251 368 1299 tribunus
377 1250 485 1299 militum
496 1265 531 1299 se·

62 1313 160 1361 nidum
185 1314 221 1363 18.
254 1315 357 1362 dictator
378 1320 473 1363 creatur
493 1315 531 1365 18.

62 1377 125 1424 neit
141 1379 312 1426 Praenominos
324 1393 361 1443 19.
378 1378 532 1440 triumphans

62 1457 147 1502 gruum
158 1441 228 1490 Iovis
237 1443 394 1504 Imperatoris
404 1443 532 1492 Praeneste

62 1511 185 1562 evectum
197 1505 223 1553 in
235 1507 385 1568 Capitolium
397 1508 452 1566 lert,
462 1507 520 1555 ibid.

62 1569 208 1624 Quinctius
232 1571 395 1632 Capitolinus,
422 1571 533 1620 tribunus

64 1633 161 1682 ilitum
181 1649 230 1683 coa.
248 1639 299 1696 pot.
316 1632 394 1694 6,11.
419 1635 533 1698 magister

62 1697 126 1758 quit.
139 1697 200 1747 ibid.

62 1762 198 1872 }uinctius
214 1761 270 1812 trib.
287 1762 358 1811 milit.
376 1777 423 1811 cos.
440 1768 491 1824 pos
508 1760 533 1822 6,

62 1889 198 2004 lampetius
214 1891 320 1950 Pennus,
335 1889 448 1952 magister
465 1889 531 1954 equi·

62 1969 102 2001 sm
174 1969 196 2002 1.

62 1973 206 2079 1111ηέ11111,
217 2017 322 2068 dictator
334 2029 356 2080 7,
367 2031 391 2083 9.
418 2019 532 2082 magister

62 2083 167 2142 quitum
182 2097 218 2132 11.
231 2099 278 2131 cos.
293 2083 329 2131 18.

62 2146 200 2200 Quinctius
211 2147 320 2204 Pennus,
330 2161 377 2196 cos
392 2158 414 2208 7,
425 2159 465 2194 11.

62 2211 204 2266 Quinctius
230 2227 245 2260 a
272 2210 391 2260 seditiosis
414 2210 533 2259 militibus

65 2291 102 2322 ux
123 2273 222 2338 eligitur
238 2286 260 2337 7,
273 2290 310 2339 39.
338 2275 390 2324 eius
407 2275 484 2324 oratio
500 2275 532 2322 ad

62 2353 162 2401 11111141.

62 2404 204 2463 Quinctius,
215 2404 326 2453 triumvir
336 2404 446 2453 coloniae
457 2404 532 2453 dedu-

63 2469 185 2528 endaess,
199 2467 233 2517 16.

62 2532 198 2587 Quinctius
214 2532 350 2594 Crispinus,
364 2532 502 2595 praefectus
517 2548 533 2579 a

62 2596 178 2644 tlarcello
189 2596 259 2645 classi
272 2597 402 2657 castrisque
411 2596 533 2645 veteribus

62 2658 533 2786 lutttttttttssttut

62 2803 95 2835 ur
109 2798 150 2848 27.
172 2789 282 2837 fraudem
301 2788 449 2837 Hannibalis
465 2794 533 2837 ante-

62 2852 131 2900 rertit
144 2852 180 2900 18.
200 2852 301 2901 moritur
311 2868 341 2901 ex
354 2853 454 2901 vulnere
466 2866 504 2913 33.

63 2915 179 2971 anctii
191 2916 295 2979 Crispini
307 2922 332 2965 et
343 2916 416 2966 Badii
428 2917 533 2980 Campa·

62 2980 81 3025 11
93 2986 217 3029 certamen
230 2992 270 3042 13,
285 2982 320 3031 18.

66 3043 201 3099 Quinctius
211 3045 365 3093 Flamininus
381 3048 477 3093 creatur
492 3042 533 3091 de

62 3108 152 3155 temrir
169 3124 224 3171 agro
243 3110 378 3158 dividundo
395 3122 435 3169 31.
450 3124 472 3169 4.
492 3108 533 3155 tri-

62 3172 140 3220 umvir
160 3174 191 3221 ad
214 3174 379 3235 supplendum
401 3171 535 3220 Venusinis

62 3237 200 3284 colonorum
216 3250 346 3286 numerum
357 3252 395 3301 49.
418 3252 449 3285 ax
460 3250 533 3299 quae·

62 3306 128 3349 stura
149 3303 298 3350 consulatum
318 3301 389 3365 petit,
406 3306 440 3359 et,
459 3300 534 3347 recla-

62 3364 183 3412 mantibus
200 3366 295 3414 duobus
313 3364 416 3413 tribunis
432 3364 466 3426 pl.
483 3362 534 3412 adi·

62 3428 163 3487 piscitur
172 3442 210 3489 31,
223 3442 243 3491 7.
271 3430 370 3477 sortitur
384 3428 533 3491 provinciam

63 3490 230 3541 Macedoniam
244 3495 267 3541 8.
291 3492 411 3555 proficisci
427 3496 535 3539 maturat

63 3568 86 3616 9.
112 3556 161 3604 eius
177 3572 231 3605 cum
252 3556 365 3619 Philippo
385 3555 534 3618 colloquium

69 3632 103 3668 ro.
125 3618 174 3668 eius
184 3636 219 3670 res
229 3628 311 3683 gestae
326 3635 425 3670 16-11.
446 3634 484 3682 13,
497 3631 536 3680 15,

69 3685 177 3742 171118.
204 3692 303 3735 auctore
317 3700 355 3745 eo,
369 3684 444 3747 legati
458 3702 473 3733 a
489 3684 535 3732 fra·

596 353 748 416 progreditur
757 347 929 417 xyumibia
946 356 1073 406 contendit

596 419 627 466 ad
648 417 799 481 Philippum,
810 417 868 468 ibid.
894 425 978 469 movet
994 426 1072 470 castra

596 483 628 530 ad
644 479 744 531 Thebas
760 482 913 532 Phthioticas
929 496 951 546 3.
979 484 1074 547 proelia

596 547 628 595 ad
635 547 835 609 Cynoscephalas
843 547 918 596 vincit
925 548 1071 611 Philippum

598 619 611 671 7
623 619 647 658 et
658 625 709 674 sqq.
728 612 830 660 Aetolos
839 611 942 660 offendit
955 627 991 662 11.
1016 628 1072 662 cou-

596 674 677 722 silium
690 675 765 724 babet
777 675 809 724 de
825 691 887 737 pace
900 691 936 725 11.
960 677 1013 726 eius
1023 677 1073 726 col-

597 739 705 801 loquium
723 741 755 787 ad
772 738 868 802 Tempe
884 756 941 788 cum
955 739 1074 804 Philippo

599 815 635 863 13.
659 803 767 852 indutias
782 803 806 852 ei
822 810 937 865 quattuor
952 805 1073 854 mensium

596 867 717 924 concedit,
728 867 787 916 111111.
807 867 922 926 Boeotos,
932 870 999 930 quod
1009 871 1073 918 mul-

595 935 634 978 tos
645 931 772 979 Romanos
786 945 830 993 per
840 932 968 980 latroduia
978 932 1073 982 occide·

595 993 652 1053 rint,
659 995 750 1042 multat
758 1009 796 1070 19.
813 997 910 1057 promul
954 996 997 1044 'in
1008 997 1075 1046 ludis

597 1058 902 1108 Isthmcurathbertatem
933 1061 1073 1136 1111111131.

595 1123 1074 1249 liutittlllttltttsstt

595 1265 652 1299 eum
661 1251 897 1299 senatusconsultum
907 1251 1017 1311 missum,
1023 1267 1073 1314 quo

595 1315 710 1363 adversus
726 1314 811 1363 Nebin
827 1315 920 1363 bellum
938 1317 1073 1377 decretum,

596 1379 655 1428 ibid.
672 1384 820 1427 conventum
831 1379 940 1427 omnium
952 1380 1072 1429 sociarum

596 1442 723 1491 civitatum
746 1441 906 1505 legationibus
928 1443 1003 1492 edicit
1024 1445 1073 1494 Co-

596 1506 714 1566 rinthum,
722 1505 780 1556 ibid.
798 1507 893 1556 eiusad
902 1507 1010 1556 Graecos
1020 1525 1072 1558 ora-

596 1570 639 1630 tio,
647 1571 706 1619 ibid.
723 1570 858 1619 exercitum
869 1571 938 1620 ducit
947 1573 1024 1648 Argos
1034 1585 1073 1634 13.

596 1635 659 1697 petit
676 1635 887 1684 Lacedaemonem
903 1633 941 1685 16.
966 1651 1020 1684 erus
1034 1652 1074 1686 res

595 1705 678 1761 gestae
695 1699 721 1747 in
741 1714 771 1748 eo
789 1700 855 1748 bello
873 1697 975 1765 16-19.
997 1701 1072 1750 collo

596 1762 681 1824 quium
692 1778 749 1811 cum
761 1763 860 1813 Nabide
871 1776 975 1826 3ο-31.
995 1765 1074 1815 socios

596 1827 628 1875 ad
644 1841 731 1890 pacem
747 1827 859 1876 hortatur
872 1841 903 1888 33
915 1833 941 1876 et
955 1843 995 1890 34.
1022 1845 1073 1892 pax

596 1891 725 1940 convenire
738 1906 788 1939 non
801 1896 882 1954 potest
893 1903 923 1952 35
935 1898 961 1940 et
972 1891 1010 1955 36.
1033 1910 1072 1943 co

596 1970 655 2003 rons
665 1955 913 2030 oppugnatSpartarn
927 1957 965 2018 38.
982 1958 1073 2006 recedit

597 2033 635 2083 39.
663 2018 770 2066 inducas
789 2019 902 2067 concedit
920 2019 1013 2069 Nabidi
1033 2036 1074 2082 4ο.

596 2083 736 2158 praeficitur
749 2083 852 2132 Nemeis
863 2097 902 2143 41.
928 2085 1073 2135 Aetolorum

595 2161 621 2194 111
647 2146 677 2195 Τ.
698 2145 845 2203 Quinctium
869 2149 992 2208 querelae,
1014 2148 1073 2201 ibid.

596 2210 725 2260 Graeciam
737 2211 885 2273 relinquens,
893 2213 1026 2276 alloquitur
1035 2229 1072 2263 so-

596 2275 688 2324 ciorum
706 2275 799 2337 legatos
813 2276 935 2341 481149.
962 2277 1025 2340 petit
1040 2280 1074 2326 ab

595 2339 635 2398 iis,
645 2345 673 2388 ut
688 2339 753 2388 cives
767 2339 932 2399 Romanoasi
947 2340 989 2403 qui
1004 2343 1073 2405 apud

596 2420 638 2453 eos
656 2406 682 2453 in
701 2405 818 2453 servitute
837 2410 926 2465 essent,
943 2405 1073 2455 liberarent

598 2480 635 2529 50.
660 2468 872 2528 Acrocorinthum,
882 2468 1036 2529 Chalcidem,
1047 2476 1073 2519 et

597 2532 781 2581 Demetriadem
797 2532 886 2580 liberat
900 2544 939 2592 51.
963 2534 1072 2582 triduum

595 2596 731 2657 triumphat
752 2607 790 2656 31.
817 2601 876 2644 ante
897 2596 950 2644 eius
973 2613 1072 2646 currum

595 2660 790 2721 multinobiles
816 2659 907 2723 captivi
929 2661 1073 2723 obsidesque

597 2724 674 2783 ducti,
691 2724 754 2773 inter
769 2739 831 2786 quos
848 2724 999 2785 Demetrius,
1015 2726 1074 2775 Phi·

597 2788 660 2853 lippi
681 2787 751 2851 regis,
770 2794 795 2837 at
814 2790 942 2849 Armenes,
961 2790 1076 2851 Nabidis,

598 2852 651 2913 lilii,
668 2852 727 2903 ibid.
751 2851 821 2901 audit
841 2854 934 2915 legatos
950 2854 1076 2915 Antiochi,

598 2916 675 2979 iisque
692 2918 824 2979 respondet
838 2928 868 2979 57
881 2921 906 2965 et
917 2918 956 2979 58.
980 2918 1076 2982 legatus

598 2980 623 3029 in
641 2980 770 3029 Graeciam
786 2981 892 3029 mittitur
903 2994 943 3042 35,
954 2994 993 3043 13.
1016 2983 1075 3045 quid

598 3044 672 3107 egerit
681 3044 706 3093 in
715 3058 746 3093 aa
756 3045 885 3107 legatione,
894 3052 1005 3094 narratur
1012 3061 1076 3108 31-

828 3107 1076 3236 111111

598 3236 766 3298 Diophanem,
773 3187 928 3284 Aiiacem
939 3242 1075 3297 praetorem

599 3299 639 3361 36,
650 3313 688 3361 31.
711 3300 764 3348 eius
782 3300 860 3350 oratio
878 3299 904 3347 in
923 3300 1026 3349 concilio
1042 3302 1076 3350 A·

599 3364 729 3413 chacorum
750 3378 788 3427 31.
815 3363 835 3411 it
854 3363 1015 3426 Naupactum
1036 3378 1076 3428 34.

599 3428 651 3477 eius
667 3444 739 3490 opem
758 3427 892 3490 implorant
908 3428 1001 3488 Aetoli,
1015 3429 1076 3480 ibid.

599 3498 695 3541 creatur
711 3508 796 3541 censor
810 3502 850 3555 37,
861 3493 900 3553 58.
923 3492 976 3541 eius
992 3508 1076 3541 censu·

598 3570 640 3605 rae
658 3562 713 3605 acta
733 3557 773 3618 38,
793 3557 832 3607 18.
859 3556 949 3619 legatio
970 3556 1024 3605 eius
1043 3559 1076 3605 sd

601 3620 722 3735 Ρωὲἰαω,
738 3620 821 3669 fatalis
837 3620 974 3668 Hannibali
989 3634 1030 3686 39,
1045 3633 1074 3682 31

600 3690 650 3745 ets
668 3721 674 3734 .

66 3752 102 3794 tre
123 3748 171 3797 cius
189 3748 217 3799 L.
232 3748 350 3806 Quinctio
372 3750 404 3798 ad
423 3748 536 3797 Achaeos
568 3749 599 3798 Τ.
612 3748 746 3805 Quinctius
763 3748 918 3797 Flamininus
937 3749 1009 3797 ludos
1025 3750 1077 3798 edit

68 3812 191 3861 mittuntur
204 3828 239 3879 ¹9·
257 3812 364 3862 Elatiam
378 3814 444 3876 capit
457 3826 495 3873 14.
512 3811 536 3861 ai

69 3884 214 3939 prorogatum
223 3878 354 3940 imperium
364 3878 402 3927 18.
419 3877 471 3926 ciu's
479 3890 536 3925 curn

70 3954 123 4001 rege
132 3941 241 4004 Philippo
252 3941 403 4003 colloquium
415 3955 445 4003 31
454 3946 478 3989 et
485 3956 536 4003 sqq.

600 3812 686 3862 mortis
702 3828 776 3861 causa
791 3812 867 3874 patris
880 3812 918 3859 sui
934 3828 974 3871 41,
985 3826 1023 3873 33.
1043 3813 1076 3862 le

600 3883 671 3939 gatus
686 3876 711 3924 in
724 3876 865 3931 Thraciam,
876 3876 970 3924 reducit
982 3877 1079 3927 obsides

601 3952 642 4002 45,
653 3956 691 4001 4²·
708 3956 786 4003 augur
800 3940 825 3988 in
837 3939 936 3990 Claudii
949 3939 1031 3989 locum
1043 3942 1078 3990 lc·

70 4002 91 4049 ei
102 4004 195 4053 liberum
206 4006 331 4054 arbitrium
348 4005 415 4068 pacis
430 4010 456 4054 et
471 4004 530 4054 belli
593 4006 658 4069 gitur
668 4021 707 4066 44.

70 4070 374 4133 ascuntuperrnissum37.
398 4069 483 4119 Nabin
494 4074 531 4132 ty·
564 4069 751 4131 Quinquaginta
770 4068 841 4116 annis
862 4067 970 4117 minores
989 4083 1078 4119 omues

72 4144 165 4180 rannum
181 4134 299 4183 Romanis
317 4134 430 4183 conciliat
446 4146 485 4198 39.
512 4134 533 4182 it
595 4132 890 4195 sacramentorogati4o,
903 4130 941 4181 16.

74 4194 97 4241 iu
109 4196 224 4247 Boeotiam
238 4213 278 4260 33,
292 4213 312 4247 r.
327 4198 461 4261 ingreditur
472 4199 536 4246 The
571 4197 744 4259 Quinquatrus
756 4194 795 4255 16,
807 4207 846 4257 17.
863 4212 903 4256 44,
915 4211 952 4245 ao.

76 4260 121 4317 bns,
138 4262 191 4312 ibid.
222 4264 328 4312 boeotos
348 4263 374 4311 in
396 4262 537 4311 societatem
571 4262 776 4324 Quinqueuualia
786 4266 895 4322 vota31‚
906 4275 931 4325 9.

75 4324 159 4374 asciscit
170 4342 189 4376 1.
204 4327 236 4377 ad
245 4327 425 4390 'fherruopylas
437 4326 504 4375 venit
515 4340 538 4389 3.
571 4326 770 4389 Quinquercmes
785 4338 874 4388 21,17.
893 4328 932 4386 18,
943 4341 983 4392 43.
1001 4345 1080 4380 norae
