2934 4800
322 203 639 272 EDITIONUM
674 204 818 273 lell.
1030 200 1091 274 451

98 349 113 378 ‘
132 363 270 427 paucos
295 363 428 418 menses,
453 340 572 406 nedum
596 343 609 422 (
634 341 701 405 uod
724 342 771 406 illi
794 342 915 444 placet)
937 344 971 407 in
995 367 1095 409 annes

95 434 111 464 ‘
130 449 268 492 novem
292 428 510 514 comprimere,
534 427 595 492 nisi
613 365 737 492 tlaboris
758 451 808 493 sur
828 429 934 494 fructu
955 429 1094 494 fraudari

98 521 114 550 ‘
133 513 224 598 quis
235 513 321 578 velit.
355 513 484 578 Adsunt
498 513 583 577 enim
600 514 792 600 ignavissimi
807 515 936 615 quidam
949 516 1024 593 fuci,
1036 517 1093 604 qui

97 606 114 635 ‘
130 599 229 664 favis
243 599 419 684 alienisque
434 598 721 664 mellificationibus
737 601 943 666 insidiantur:
963 618 997 666 et
1011 625 1093 688 quae

100 693 117 722 ‘
134 684 253 748 multe
267 685 428 770 longeque
449 684 555 748 studio
573 699 736 772 comperta
750 699 825 750 sunt
839 688 879 752 ab
894 687 973 764 aliis,
988 689 1094 774 impu·

100 779 116 808 ‘
133 770 336 835 deotissime
366 793 425 856 pre
455 770 520 834 suis
550 782 720 836 ostentant.
767 771 815 836 Ut
845 773 903 837 iste
934 774 989 836 vix
1018 774 1094 838 satis

103 865 119 894 ‘
134 856 286 920 idoneus
301 855 478 942 impressor,
495 856 552 942 qui
572 857 793 942 castigationes
813 859 848 922 in
862 858 991 923 Livium
1005 881 1093 925 meas

103 951 119 980 ‘
135 965 192 1007 ex
208 963 324 1027 magna
337 954 425 1028 parte
441 943 612 1028 subripere,
625 943 747 1030 tibique
762 945 972 1031 nuncupatim
986 944 1093 1010 dicare

105 1037 217 1092 ‘nen
240 1027 387 1092 erubuit:
412 1027 446 1091 in
466 1049 530 1114 que
551 1050 617 1092 nen
636 1029 742 1092 minus
761 1030 987 1095 existimationi
1008 1045 1092 1107 tuae,

107 1123 247 1200 ‘quam
271 1112 359 1189 mihi,
382 1113 458 1177 fecit
481 1113 638 1190 iniuriam,
661 1116 849 1202 quasivero
871 1116 998 1180 divinus
1020 1131 1094 1182 tuus

107 1209 121 1238 ‘
137 1200 276 1264 animus
298 1199 482 1285 interceptis
504 1199 643 1286 gaudeat
668 1200 772 1277 rebus,
795 1215 829 1265 et
855 1201 889 1264 in
910 1202 972 1266 hec
997 1202 1091 1267 etiam

109 1285 198 1350 ‘Su
240 1307 291 1349 res
310 1307 376 1349 nen
395 1285 548 1361 imitetur,
587 1286 679 1350 uibus
699 1287 751 1370 (ut
769 1285 965 1374 Porphyrius
984 1302 1094 1352 auctor

110 1380 125 1409 ‘
140 1384 200 1436 est
228 1371 312 1434 furta
332 1393 396 1435 non
418 1369 521 1436 litant.
564 1309 649 1457 ige,
665 1371 712 1434 vir
727 1371 940 1458 integerrime,
956 1375 1093 1438 triennio

112 1458 214 1521 ‘iam
230 1456 314 1520 Livii
336 1456 456 1520 bellum
477 1456 735 1534 Macedonicum,
754 1457 915 1544 lisquenti
936 1460 1093 1546 professus

112 1543 318 1617 ‘auditorio
339 1543 471 1628 singulis
494 1542 683 1608 lectionibus
707 1545 885 1622 emendavi,
908 1546 996 1630 quod
1019 1559 1092 1610 ante

114 1639 209 1693 ‘nes
228 1628 326 1714 (absit
342 1629 439 1692 verbo
460 1628 594 1714 invidia)
612 1651 708 1693 nemo
728 1631 879 1694 tentavit:
904 1631 1092 1718 ostendique

114 1714 332 1779 ‘certissimis
362 1716 564 1800 argumentis,
596 1716 635 1779 ab
666 1738 713 1792 ee,
742 1738 837 1802 quam
868 1716 946 1792 dixi,
974 1718 1094 1782 decada

115 1801 354 1887 ‘depravatam
373 1799 450 1864 loeis
471 1800 606 1887 amplius
622 1801 719 1866 mille.
766 1801 897 1866 Veritus
917 1804 1034 1889 itaque,
1051 1826 1093 1867 ne

117 1897 129 1925 ‘
145 1909 209 1951 sua
223 1886 350 1951 laniena
364 1909 421 1972 per
435 1909 493 1950 nos
509 1886 541 1948 in
561 1887 723 1972 publicum
740 1888 937 1974 proderetur,
952 1889 1093 1953 editione

118 1983 130 2012 ‘
146 1972 337 2122 praevenire
352 1970 531 2054 festinavit:
556 1995 690 2059 eamque
712 1996 778 2036 rem
794 1973 1027 2038 dissimulanter
1041 1998 1092 2038 mc

125 2070 136 2098 6

166 2073 293 2124 aturum
316 2057 462 2144 speravit,
482 2059 508 2122 si
528 2057 586 2121 sub
607 2059 718 2136 umbra
741 2059 788 2122 tui
810 2059 947 2123 neminis
969 2061 1093 2124 emitte·

119 2155 279 2210 ‘renturr
305 2167 342 2208 ae
364 2145 390 2208 si
413 2167 480 2208 non
498 2143 611 2208 eadem
631 2144 768 2230 gratiora
788 2145 846 2208 tibi
867 2145 972 2210 lutura
990 2147 1055 2211 sint
1075 2170 1094 2211 a

120 2232 278 2318 ‘proprie
293 2229 440 2316 iustoque
461 2228 602 2306 demine,
619 2253 714 2315 quam
735 2232 776 2294 ab
791 2231 1006 2297 inverecunde
1025 2233 1093 2320 pla-

120 2317 259 2405 ‘giario
309 2315 420 2391 Quum
449 2316 632 2404 praesertim
663 2339 821 2404 nusquam
852 2317 905 2382 ille
937 2320 1093 2405 protuerit

122 2405 261 2469 ‘afferre
285 2403 487 2468 correctionis
505 2402 626 2467 alienae
644 2403 810 2480 rationem,
826 2404 914 2489 quod
933 2427 991 2469 nos
1009 2406 1093 2469 inter

123 2491 179 2555 ‘le
204 2490 322 2554 endum
337 2489 481 2567 fecimus,
497 2512 578 2575 quae
594 2488 779 2589 propediem
795 2490 853 2554 sub
868 2489 932 2553 tuis
945 2491 1093 2575 auspiciis

58 2656 59 2659 Ἴ
124 2586 135 2615 ‘
147 2600 167 2641 e
216 2576 274 2641 ‘bit
287 2577 322 2639 in
336 2574 509 2662 publicum,
525 2598 581 2639 sex
598 2598 632 2638 m
647 2588 715 2639 tete
731 2575 824 2639 Livio
838 2574 1005 2639 vulnerum
1021 2576 1093 2639 mil-

125 2663 234 2727 ‘libus
249 2686 268 2726 a
282 2684 333 2726 me
348 2662 464 2727 curatis
478 2677 533 2725 aut
548 2660 656 2747 splene
672 2660 849 2725 contectis.'

57 2752 137 2814 506.
163 2748 320 2825 Venetiis,
335 2771 393 2835 per
410 2748 522 2812 fratres
540 2746 693 2812 Ioannem
713 2760 746 2811 et
761 2746 993 2812 Bemardinnm
1010 2748 1092 2813 Ver-

77 2833 248 2912 cellenses,
265 2834 299 2897 in
313 2834 414 2898 ferma
429 2832 549 2899 maiori.

174 2920 269 2986 Hanc
305 2920 489 2997 editionem,
526 2942 545 2983 a
581 2917 744 2985 Maittaire
782 2934 857 2985 tom.
889 2918 930 2985 V.
970 2920 1089 2986 Annal.

126 3008 271 3157 Tppegr.
297 3022 377 3094 part.
402 3004 448 3071 ῙΙ.
471 3029 504 3093 p.
527 3011 578 3070 21.
601 3008 798 3083 recensitam,
820 3020 853 3071 et
872 3028 892 3070 a
911 3006 1034 3072 Fabrie.
1056 3008 1091 3071 in

128 3093 212 3159 Brb.
229 3093 346 3158 Latina
363 3114 404 3157 ex
422 3091 551 3156 Graevii
570 3091 765 3156 bibliotheca
783 3105 1002 3168 memoratum,
1018 3114 1091 3179 pes·

126 3180 224 3245 sideo.
273 3178 415 3245 Exhibet
434 3193 540 3244 autem
561 3176 655 3243 simul
672 3176 819 3241 Sabelliei
835 3177 869 3239 in
884 3174 1014 3240 Livium
1034 3200 1091 3241 an-

127 3266 317 3343 notationes,
344 3266 458 3330 omissa
484 3278 590 3330 tamen
616 3264 685 3327 eius
711 3261 752 3325 ad
777 3261 969 3326 Ceruarium
994 3262 1091 3326 Prae-

128 3352 256 3418 fatioue.
304 3352 358 3416 Ad
384 3350 482 3416 finem
508 3350 580 3414 libri
606 3349 685 3413 haec
711 3346 880 3433 leguntur:
917 3346 979 3411 ‘T.
1005 3346 1091 3411 Livii

130 3438 297 3503 ‘Patavini
324 3437 459 3502 decades
480 3436 667 3523 expliciunt,
688 3432 835 3499 Venetiis
855 3455 914 3520 per
934 3432 1090 3498 Ioannem

129 3531 187 3589 ‘ac
213 3523 449 3588 Bemardinnm
474 3522 543 3585 eins
567 3522 695 3585 fratrem
722 3518 942 3584 Vercellenses
967 3541 1091 3584 summa

131 3619 226 3675 ‘cura
256 3624 290 3675 et
318 3607 464 3695 diligenti
497 3606 602 3671 studio
632 3606 811 3693 impressae,
841 3628 926 3669 anno
956 3604 1091 3670 Domini

130 3696 424 3761 ‘M.CCCCC.Vl.
447 3694 596 3758 XXVll.
621 3690 732 3757 Nonas
754 3692 894 3757 Ianuarii
913 3692 1089 3778 imperante

131 3780 358 3846 ‘serenissime
382 3778 551 3844 Leonardo
576 3778 759 3843 Laundano
774 3777 984 3842 Venetiarum
1006 3777 1089 3843 duce

132 3866 350 3931 ‘felicissimo’

57 3950 141 4018 1510.
164 3952 291 4017 Parisiis
319 3949 470 4037 impensis
499 3950 650 4015 Iohannis
681 3949 775 4014 Parvi
804 3962 837 4013 et
866 3949 1024 4026 Ascensii,
1054 3949 1089 4014 in

90 4036 187 4103 forms
201 4038 330 4103 maiore.

175 4122 269 4189 Hanc
296 4122 480 4199 editionem,
506 4144 526 4185 a
549 4120 711 4187 Maittaire
738 4124 772 4186 in
796 4121 915 4187 Annal.
944 4120 1086 4208 Typegr.

134 4224 204 4275 tom.
232 4209 276 4275 ΙΙ.
304 4232 336 4295 p.
364 4212 438 4273 216.
465 4222 681 4285 memoratam,
707 4207 863 4296 possideo.
910 4204 952 4270 Ei
981 4221 1087 4274 autem

132 4296 312 4383 praefigitur
323 4294 433 4361 ledeci
449 4292 543 4358 Badii
555 4294 698 4359 Ascensii
710 4294 843 4381 epistola
856 4292 897 4357 ad
911 4291 1087 4441 Gpergium

863 4398 922 4464 ⁰8
