2934 4800
477 180 698 242 INDEX

71 293 170 344 ium
195 295 230 355 6,
253 309 265 342 1
287 330 294 345 .
320 308 360 356 34,
380 306 418 356 45.
444 295 569 344 comitium
602 295 737 346 0444444114
748 310 770 353 4,
781 311 804 360 9.

71 375 157 408 um
173 371 228 422 27,
242 307 287 420 38.
308 367 311 383 ‘

71 424 254 472 rentarius
268 422 388 472 Eumenis
401 424 432 471 de
447 423 570 486 apparati-

71 519 72 530 .
104 488 195 536 belli
218 502 268 546 44,
286 487 310 536 6.
329 487 495 538 commentarii
516 489 568 536 Nu·

71 569 96 600 e
146 551 303 614 Pompilii,
328 551 387 600 editi
414 551 480 600 iussu
505 553 569 601 Anci

71 615 153 664 scii
174 631 202 674 1,
218 631 265 676 34.
283 616 429 678 pontificum
440 632 464 676 4,
474 631 496 678 3.
506 615 536 676 ,6,
547 631 568 666 4.

71 681 142 728 cvii
156 680 257 728 Tullii
272 679 342 739 1,6o.

71 745 220 806 prasium,
235 744 309 792 vicus
320 758 359 808 39,
371 743 409 806 36.

71 810 184 870 pedes
193 808 488 867 Graecise,De1netn'as‚
493 809 567 858 Chal-

71 905 88 931 .‚
109 873 280 922 Corinthus
291 886 332 933 34,
344 886 381 935 34.

72 939 191 999 plaga,
205 937 299 999 oppid.
313 936 449 998 Hispaniae
460 951 500 998 41,
512 952 535 1000 3.

75 1018 158 1063 psa,
181 1003 260 1060 urbs,
280 1001 370 1050 tradita
387 1002 471 1050 Poeno
489 1016 528 1063 43,
546 1015 567 1052 4.

71 1073 177 1128 cepta
189 1081 209 1114 a
222 1065 349 1114 Romanis
361 1079 400 1125 44,
412 1079 449 1113 4ο.

71 1145 207 1192 ipsanus
219 1143 291 1191 ager,
298 1129 324 1178 in
332 1145 381 1191 quo
391 1129 456 1178 Iovis
465 1129 567 1178 Vicilini

73 1195 207 1256 mplum
222 1208 265 1252 44,
278 1209 318 1253 44

71 1259 225 1332 rpulteria
236 1257 264 1306 in
276 1256 377 1306 Samnio
388 1257 484 1319 capitur
493 1273 508 1306 a
517 1258 567 1307 Ro-

71 1337 157 1370 4444444
171 1336 217 1382 44,
231 1336 271 1370 4ο.

71 1402 164 1444 num,
185 1385 277 1448 oppid.
296 1385 393 1448 capitur
412 1401 428 1434 a
449 1384 568 1435 Romanis

71 1449 229 1562 ididia
244 1525 286 1588 43,
300 1525 322 1576 5.
340 1527 380 1578 39,
394 1528 430 1574 14.
452 1513 566 1562 4444444.

71 1579 138 1626 mla
152 1584 181 1626 et
192 1577 322 1626 nundinae
335 1589 357 1639 7,
371 1590 407 1640 15.

71 1644 195 1692 acilium
204 1643 364 1692 Acarnanum
374 1641 455 1703 33,16.
473 1641 567 1690 Achae-

71 1723 154 1756 trum
168 1707 210 1766 48,
224 1717 247 1768 7.
264 1720 305 1768 34,
317 1720 354 1755 4ο.
372 1707 515 1755 Aetolorum
527 1720 567 1767 34,

71 1787 116 1836 19.
149 1785 192 1832 33,
211 1784 234 1831 3.
264 1771 451 1819 Panaetolicum
471 1784 510 1830 34,
528 1784 567 1831 34.

71 1849 120 1948 ii’
142 1849 184 1960 11·
199 1835 387 1948 spitii
394 1833 567 1960 ,11118

71 1934 235 2024 torum’31,
254 1978 276 2013 4.
306 1934 464 2011 Etruscordm
484 1974 509 2023 5,
530 1974 566 2024 17.

73 2027 236 2076 Latinorum
253 2028 399 2090 populorum
415 2039 438 2087 7,
450 2039 488 2086 45.
508 2028 532 2086 8,
543 2041 565 2087 3.

74 2091 236 2154 Magnetum
255 2103 294 2153 35,
311 2105 348 2152 34.
378 2090 507 2154 Pylaicum
527 2105 567 2152 34,

77 2171 127 2216 34.
149 2155 321 2206 Thessalorum
333 2153 373 2216 36,
384 2155 407 2203 8,
425 2170 465 2214 44,
476 2155 514 2216 38.

71 2221 155 2268 uncio
169 2219 235 2281 apud
250 2220 357 2269 Graecos
371 2219 396 2266 in
412 2219 507 2268 theatro
524 2219 566 2267 ha·

80 2285 145 2334 bita
166 2297 205 2344 33,
225 2284 261 2334 48.
292 2283 420 2332 conciones
438 2283 567 2332 seditiosae

82 2349 244 2398 tribunomm
266 2347 385 2411 44141144,
403 2357 441 2410 35.
461 2353 486 2395 41
507 2343 566 2396 414141

86 2413 193 2475 passim.

71 2476 214 2527 1444441144
227 2478 297 2527 44144
311 2476 338 2525 in
354 2492 409 2525 4444
421 2491 460 2534 44,
471 2488 509 2538 33,
528 2475 566 2536 46,

90 2558 105 2589 4
108 2557 135 2603 3.
156 2542 180 2589 in
191 2556 244 2591 area
254 2541 362 2589 Vulcani
372 2540 485 2589 dedicata
494 2556 519 2605 9,
528 2539 566 2600 46.

91 2604 514 2670 mammaeae

71 2670 204 2781 londygon,
226 2670 350 2719 4441411444
377 2668 567 2731 inexpugnabile

71 2797 321 2857 3441444411,44444144444
337 2796 428 2846 milites
443 2808 484 2859 45,
499 2812 519 2846 4.
535 2797 565 2847 ci.
595 2841 598 2849 .

98 2869 127 2911 et
140 2876 178 2922 44,
189 2862 222 2921 38.

71 2926 209 2977 Coniuratis
225 2927 253 2975 de
273 2926 367 2988 regibus
383 2923 525 2975 revocandis
542 2940 566 2985 4,

103 3006 118 3051 3
132 2996 188 3049 414.
203 2990 372 3042 coniurationes
385 2999 407 3050 7,
419 2990 457 3049 38.
476 2986 515 3047 46,
527 3001 565 3049 45.

104 3068 148 3115 33,
163 3052 196 3114 36.
214 3068 250 3119 39,
263 3054 285 3103 8.
307 3052 441 3111 coniuratio
458 3054 565 3101 Acarna·

104 3132 173 3177 num,
183 3134 226 3167 noa
235 3118 348 3167 redituros
358 3132 385 3167 se
395 3132 427 3165 ex
438 3117 512 3177 bello,
519 3115 565 3165 uisi

106 3180 248 3241 4141444446,
259 3194 295 3243 45.

76 3246 224 3298 Connubium
244 3247 362 3295 Romulus
386 3260 449 3293 novo
473 3245 565 3308 populo

110 3310 171 3375 petit
180 3326 225 3375 4,9.
239 3312 267 3359 14
276 3312 377 3361 Patrum
387 3316 412 3357 et
423 3310 502 3372 plebis
510 3324 565 3357 eon-

110 3374 182 3425 nubio
195 3376 231 3423 lex
245 3392 266 3435 4,
283 3389 305 3434 4,
322 3388 336 3435 3
353 3380 378 3423 41
395 3390 417 3433 4.
445 3372 566 3422 connubia

112 3438 199 3489 Latinis
215 3439 304 3501 populis
320 3446 344 3487 et
363 3437 508 3486 commercia
524 3437 565 3486 ad·

113 3509 191 3565 erupta
200 3504 220 3563 8,
232 3518 263 3562 44.
278 3509 347 3551 extra
357 3503 418 3551 fines
428 3516 483 3551 suos
494 3501 565 3551 inter·

115 3568 176 3617 dicta
185 3568 345 3616 Macedonibus
355 3578 395 3627 45,
408 3580 445 3629 49.

87 3631 211 3693 (1444441411
220 3631 295 3681 Patres
307 3632 372 3680 unde
383 3630 460 3679 dicti?
478 3644 501 3689 4,
514 3644 535 3679 4.

88 3697 213 3754 Consentia,
220 3696 274 3754 urbs,
282 3694 377 3758 capitur
384 3696 416 3743 ab
425 3694 565 3743 Alexandro

118 3759 288 3821 114144441844.
300 3760 330 3809 41
340 3767 365 3809 ct
376 3772 415 3820 43,
423 3772 461 3819 3ο.
481 3773 519 3822 49,
526 3759 564 3820 38.

92 3838 224 3949 0141111141,
235 3888 312 3951 populi
328 3888 353 3936 in
371 3886 482 3947 Bruttiis,
497 3887 565 3936 rede·

123 3959 163 4001 unt
171 3953 192 4002 in
201 3954 261 4003 fidem
272 3954 439 4001 Romanorum
452 3962 491 4011 45,
505 3964 526 3998 4.

96 4017 244 4069 Consentinum
270 4032 352 4079 agrum
384 4016 566 4078 depopulantur

127 4082 214 4133 Romani
225 4082 257 4141 48,
267 4096 302 4130 44.

100 4146 321 4205 4144414444.
344 4144 378 4207 pl.
400 4150 485 4193 auctor
506 4144 566 4207 legis

128 4210 287 4272 4444144144
301 4208 361 4259 dicit
372 4208 529 4259 ’8114444414
543 4222 565 4267 4,

129 4288 160 4335 54.

601 361 695 411 Consul
702 360 794 408 invisus
801 359 867 422 plebi
876 359 1029 421 magistratus
1037 372 1061 422 5,
1069 356 1099 426 ’49

632 425 698 474 solus
706 425 849 474 dictatorem
858 423 939 474 dicere
949 429 1029 486 potest
1037 441 1061 485 4,
1068 439 1107 486 34.

634 503 673 546 44,
690 489 713 538 8.
741 490 808 537 solus
826 489 859 537 ad
877 487 1021 537 dictatorem
1042 490 1108 539 venit

632 554 684 601 sine
696 554 821 602 lictoribus
832 568 872 611 44,
885 567 921 601 11.
940 553 972 600 ab
983 553 1042 600 urbe
1054 569 1108 616 pro-

633 617 748 666 ficiscitur
796 618 895 666 ludatus
910 631 966 665 cum
983 616 1108 666 lictoribus

632 694 672 741 31,
685 696 722 744 43.
740 695 753 742 3
772 717 779 739 ,
795 695 817 742 3.
834 696 874 741 44,
890 695 927 728 44.
950 696 982 729 ex
998 681 1107 743 patriciis

632 751 728 793 tantum
751 762 815 794 unus
835 751 963 806 4444414443
982 781 990 803 ,
1009 759 1048 806 34.
1076 747 1108 794 de

632 810 704 870 plebe
712 809 805 872 primus
814 810 842 859 Ι..
850 809 948 858 Sextius
972 825 1025 868 ,4r.
1043 810 1108 863 Con·

631 875 696 922 sules
712 873 784 936 primi
799 875 896 924 Romae
911 873 985 921 creati
999 888 1020 932 1,
1031 872 1070 922 60.
1091 890 1107 923 4

631 938 771 986 consulibus
786 939 818 985 sd
830 936 980 986 decemviros
995 938 1107 986 transfer

631 1001 841 1064 144144944144443,
850 1015 889 1062 33.
905 1001 1003 1049 sublato
1011 1002 1107 1050 decem-

632 1065 709 1114 viratu
726 1066 819 1114 reditur
833 1067 866 1114 ad
881 1066 993 1113 consules
1004 1079 1028 1125 3,
1039 1079 1071 1126 54
1081 1070 1107 1114 41

632 1141 670 1190 55.
687 1130 728 1178 lex
739 1146 755 1177 a
765 1129 886 1180 Canuleio
900 1129 959 1187 1414,
970 1135 998 1176 ut
1013 1130 1106 1192 populo

632 1200 740 1256 potestas
757 1200 829 1253 esset,
844 1194 895 1242 sive
911 1194 942 1240 de
958 1193 1039 1255 plebe,
1055 1193 1106 1242 sire

632 1259 662 1306 de
675 1258 789 1306 Patribus
799 1258 883 1317 vellet,
893 1257 1004 1305 consules
1016 1257 1106 1306 iacien-

632 1322 657 1369 di
669 1341 692 1382 4,
707 1337 727 1372 4.
745 1323 788 1370 sed
799 1321 964 1370 resistentibus
974 1320 1021 1383 legi
1032 1321 1106 1383 patri-
1184 1330 1187 1334 ⁴

631 1385 683 1445 ciis,
698 1386 921 1446 4414444444444,441
936 1384 1027 1434 tribuni
1042 1384 1106 1433 mili-

630 1455 683 1498 turn
701 1466 745 1513 pro
756 1451 895 1500 consulibus
905 1454 1044 1498 crearentur
1054 1447 1070 1498 6
1081 1455 1107 1498 41

632 1524 654 1575 7.
671 1515 712 1563 lex
723 1517 754 1563 de
766 1515 865 1563 consule
875 1528 925 1562 uno
939 1512 1036 1576 plebeio
1053 1529 1106 1575 4444

631 1579 682 1627 late
693 1578 717 1636 6,
724 1592 754 1641 35
764 1585 789 1627 et
796 1594 848 1640 sqq.
865 1579 989 1627 consulem
1000 1578 1105 1627 alterum

631 1658 662 1691 ex
678 1645 750 1692 Latio
766 1643 850 1702 creari,
863 1648 951 1705 petunt
962 1641 1045 1690 Latini
1055 1643 1079 1700 8,
1089 1659 1105 1702 4

631 1715 656 1756 41
668 1721 690 1770 5.
702 1709 733 1756 ci.
745 1714 770 1757 41
782 1721 820 1768 43,
830 1705 853 1756 6.
871 1707 982 1755 consules
991 1706 1106 1755 44414414

631 1771 704 1834 plebe
720 1786 759 1832 43,
774 1772 855 1832 3441.
866 1776 891 1820 et
904 1785 977 1836 4r,o
995 1771 1107 1819 consules

631 1836 745 1884 ordinarii
764 1842 789 1884 et
807 1836 903 1884 suffecti
920 1849 960 1894 41,
977 1849 1015 1885 44.
1032 1833 1106 1910 primi

631 1901 743 1948 consules
753 1900 836 1948 omnis
845 1900 900 1948 iura
915 1904 940 1947 et
957 1898 1060 1961 insigma
1070 1913 1106 1947 re·

630 1965 684 2026 3144
702 1964 830 2026 potestatis
845 1964 953 2012 habuere
968 1977 991 2021 4,
1004 1977 1024 2012 1.
1042 1978 1106 2012 unus

630 2034 726 2076 tantum
738 2029 823 2076 consul
834 2027 860 2075 in
870 2029 930 2076 urbe
939 2027 1017 2075 fasces
1032 2027 1106 2076 habe·

630 2092 681 2151 bat,
698 2092 757 2142 ibid.
785 2093 826 2140 lex
845 2091 877 2140 de
898 2091 1070 2154 provocatione
1090 2107 1107 2139 a

630 2156 770 2204 consulibus
780 2155 812 2204 sd
824 2156 943 2218 populum
958 2169 980 2214 4,
991 2155 1014 2203 8.
1031 2171 1054 2218 3,
1065 2167 1104 2216 55.

630 2219 998 2347 1111111111111111111
1004 2221 1107 2333 iil?

629 2347 812 2410 1444141446.
837 2349 948 2398 consules
963 2349 1105 2411 magistratu

630 2428 656 2463 se
672 2414 785 2463 abdicare
800 2412 858 2462 iussi
874 2425 897 2474 5,
911 2427 949 2474 34.
966 2414 991 2474 8,
1002 2427 1024 2475 3.
1047 2428 1104 2461 con-

630 2478 689 2527 sulis
707 2484 745 2527 cst
763 2484 806 2526 aut
822 2476 974 2539 imperatoris
992 2476 1105 2527 dedicare

630 2542 752 2604 templum
768 2556 793 2605 9,
807 2540 848 2602 46.
866 2542 897 2589 cf.
912 2546 938 2589 et
954 2555 977 2600 4,
993 2550 1030 2601 44.
1048 2555 1104 2589 con·

630 2606 694 2654 444144
710 2611 769 2654 ante
781 2605 809 2655 L.
819 2604 973 2653 Postumium
986 2604 1105 2654 Albinum

630 2671 699 2718 nulla
710 2669 736 2718 in
746 2684 773 2719 re
783 2669 850 2718 oneri
860 2668 932 2717 sociis
940 2674 985 2716 aut
995 2668 1105 2731 sumptui

594 2782 597 2787 .
629 2733 782 2794 1444444144,
800 2748 820 2782 4.
845 2735 876 2782 14
892 2733 992 2782 consule
1008 2733 1105 2795 plebeio

629 2800 733 2847 meando
744 2798 910 2858 discordiae4,
920 2812 942 2857 1,
950 2811 973 2858 3.
986 2796 1011 2857 6,
1018 2795 1104 2859 36,37.

631 2874 654 2924 7,
668 2864 705 2922 18,
716 2878 755 2912 44.
772 2863 883 2911 consules
898 2862 994 2911 sublato
1008 2862 1104 2911 decem·

631 2927 709 2976 4144144
724 2927 884 2976 restituuntur
895 2940 919 2988 3,
930 2939 968 2987 54.
992 2927 1105 2974 consules

630 2992 777 3054 praetextati
793 3002 850 3052 7,1.
867 2990 963 3053 patricii
978 2990 1104 3053 7,17,18,

631 3055 668 3104 48.
697 3056 770 3104 Rom.
790 3055 970 3117 paludamentis
990 3054 1105 3103 detractis

629 3133 706 3230 prope
716 3118 836 3192 semipudi
851 3119 896 3167 sub
907 3119 990 3180 iugum
1001 3118 1068 3167 missi
1079 3132 1104 3182 9,

630 3196 654 3243 5,
689 3218 695 3232 .
724 3188 866 3241 sortiuntur,
887 3189 942 3230 uter
966 3182 1105 3230 censoribus

629 3246 740 3295 creandis
756 3245 881 3293 comitium
897 3245 1103 3305 14144414444.

629 3310 761 3359 maioribus
771 3309 856 3357 1444114
866 3308 1016 3371 1114441345.
1031 3322 1072 3370 34,
1082 3323 1102 3359 1.

630 3388 669 3438 39,
687 3390 725 3423 44.
748 3373 839 3437 plebeii
857 3372 931 3422 creati
947 3384 987 3434 35,
1003 3388 1042 3434 44.
1061 3388 1104 3421 ver

629 3454 724 3487 sacrum
741 3438 889 3498 1441444133,
905 3452 944 3498 44
967 3442 1024 3486 vota
1042 3453 1104 3485 nun·

630 3508 722 3566 eupant
737 3502 764 3550 in
777 3500 910 3564 Capitolio,
925 3508 1057 3563 antequam
1077 3500 1104 3549 in

629 3566 778 3629 provinciam
796 3566 1004 3629 proficiscerentur
1014 3580 1054 3626 41,
1065 3579 1104 3625 34.

629 3633 741 3681 eonsules
759 3630 865 3690 edixere,
881 3631 976 3692 quoties
992 3630 1018 3678 in
1035 3644 1103 3678 sena·

629 3702 682 3744 tum
694 3704 828 3753 4444444441,
835 3694 871 3743 uti
880 3699 1002 3743 senatores
1009 3694 1041 3742 sd
1050 3709 1104 3755 por·

629 3767 680 3808 tam
698 3760 736 3808 Ca
768 3775 824 3808 nam
841 3757 998 3807 convenirent
1014 3771 1053 3819 23,
1065 3772 1104 3820 34.

629 3824 660 3873 de
671 3776 855 3873 sededdeercurii
865 3822 1001 3871 dedicanda
1010 3822 1103 3884 discep-

628 3893 683 3937 tant
700 3904 723 3948 4,
735 3899 773 3949 44.
795 3887 934 3936 consulibus
950 3902 1000 3935 non
1018 3892 1104 3948 parent

629 3952 801 4014 4444444114,48.
820 3951 942 4000 veteribus
957 3951 1043 3999 datum
1058 3952 1102 3998 im-

629 4016 723 4078 perium
735 4016 906 4079 proconsulare
920 4029 956 4074 44,
969 4013 1006 4064 16.

597 4079 746 4129 Consulatus
757 4085 825 4131 441444
834 4096 866 4129 ex
877 4081 950 4128 domo
962 4079 1036 4128 Iunis
1047 4094 1070 4137 4,
1082 4092 1105 4140 5.

629 4144 703 4193 initus
715 4143 838 4193 Kalendis
848 4142 934 4192 Sextii.
947 4158 970 4207 3,
978 4142 1001 4193 6.
1018 4144 1105 4193 Idibus

631 4209 839 4270 Decembr.4,37.
858 4206 944 4256 Idibus
952 4208 1104 4266 11441444.

629 4274 661 4323 41
673 4274 826 4339 consulatum
841 4270 873 4321 ex'
883 4278 1012 4333 quaestura
1028 4272 1105 4321 saltus

861 4336 932 4401 *w
