2934 4800
355 199 450 268 LlB.
474 200 582 267 XLV.
616 201 728 269 cAP.
756 208 805 271 19.
1050 211 1107 273 191

82 334 263 414 ‘adoniam
278 348 316 401 ut
337 357 429 401 suum
443 358 592 423 quaeque
610 336 782 403 concilium
802 336 954 415 haberet’
972 337 1109 427 plwtrilt
1122 356 1156 408 U·
1167 357 1198 409 0·
1213 358 1268 421 ⁵⁸⁵·

60 432 126 493 4‘et
137 422 303 487 dimidium
319 422 437 500 tributi,
452 444 549 509 quam
564 422 653 509 quod
672 424 799 511 regibus
813 423 894 489 ferre
912 424 995 489 soliti
1010 439 1110 505 erant,
1120 422 1152 473 A.
1167 423 1198 473 ⁰·
1215 423 1269 484 ¹⁶⁷·

80 508 204 597 ‘populo
229 508 379 573 Romano
402 507 563 609 pendere?
607 508 731 574 Similia
756 510 805 573 his
828 523 861 612 et
887 510 922 575 in
947 509 1110 612 Illyricum

78 595 220 660 mandata.
267 594 387 660 Cetera
402 617 478 681 rpsrs
491 596 737 695 imperatoribus
752 594 926 749 lwfflffie
941 597 1059 675 relicta,
1076 598 1110 663 in

78 682 180 781 quibrn
202 703 352 768 praesens
378 694 522 746 tractatio
547 703 653 746 rernm
677 682 812 747 certiora
837 704 852 747 s
897 683 1018 749 iectura
1042 696 1110 749 erat

78 766 325 919 muliltlgmmm
338 874 450 953 regum
463 853 673 940 gentiumque
686 866 720 919 et
733 854 922 942 populorum
935 854 1108 943 legationes
1168 870 1217 931 19,

79 938 199 1018 Attalns,
213 940 312 1005 frater
326 961 409 1027 regn
424 938 589 1017 Eumenis,
604 941 742 1005 maxime
762 941 918 1007 convertit
936 942 969 1006 in
988 964 1021 1007 se
1039 965 1108 1008 otn-
1117 950 1217 1003 Attalus

79 1026 153 1090 nium
172 1026 281 1092 oeulos
301 1026 498 1113 animosque.
544 1025 707 1113 Exceptus
729 1028 816 1092 enim
841 1041 890 1093 est
912 1028 952 1093 ab
974 1028 1033 1107 his,
1051 1016 1222 1117 quiR⁰¹²¹⁸⁰·

63 1111 157 1178 sunl
176 1136 214 1177 eo
234 1112 321 1177 bello
343 1111 567 1189 militaverunt,
582 1112 669 1177 baud
732 1112 798 1179 ullo
818 1114 996 1201 benignius,
1012 1136 1108 1201 quam

79 1198 177 1284 siipee
197 1220 254 1263 rex
273 1198 438 1263 Eumenes
452 1198 598 1263 venisset.
642 1198 675 1263 A
699 1200 857 1265 duxerant
876 1222 950 1265 eum
970 1199 1052 1264 duae
1075 1202 1110 1265 in

79 1284 198 1368 speciem
221 1284 377 1349 honestae
401 1306 471 1349 resz
498 1306 573 1361 una,
594 1283 774 1371 gratulatio,
797 1286 990 1351 conveniens
1013 1286 1047 1349 in
1072 1308 1111 1351 es

79 1370 199 1449 victoria,
219 1393 320 1459 quam
341 1371 410 1457 ipse
432 1370 620 1437 adiuvisset:
643 1370 752 1448 altera,
772 1371 973 1457 querimonis
993 1370 1109 1437 Gallici

62 1456 223 1535 ttnnultus,
242 1472 460 1607 acceptaetpree
479 1454 586 1535 cladia
605 1479 669 1544 qua
688 1480 823 1543 regnum
843 1458 878 1521 in
897 1456 1031 1523 dubium
1053 1458 1111 1523 ad·

78 1540 192 1608 ductum
220 1556 316 1609 esset.
364 1542 411 1607 Su
450 1554 500 1607 rat
528 1556 562 1607 et
589 1557 710 1609 secreta
738 1566 810 1630 spes
836 1542 993 1608 honorum
1018 1565 1110 1632 prae·

63 1628 258 1717 tniommqne
276 1630 321 1695 ab
337 1642 460 1705 senatu,
475 1652 557 1716 quae
574 1630 628 1693 vix
647 1628 733 1695 salva
777 1629 873 1695 ietate
895 1630 964 1693 eius
985 1630 1110 1695 contin-

77 1734 139 1797 gere
198 1729 315 1782 terant.
361 1714 462 1780 Erant
483 1715 570 1779 enim
588 1715 720 1803 qnidam
774 1737 961 1781 omanorum
980 1738 1108 1804 qnoque

77 1820 131 1863 non
194 1803 229 1867 ni
257 1814 415 1878 auctores,
441 1800 580 1888 quispe
609 1801 817 1867 auiditatem
843 1802 911 1867 eius
936 1801 1107 1869 elicerent:

78 1884 164 1952 ‘Fam
183 1911 203 1953 o
225 1888 371 1953 inionem
393 1886 434 1951 de
449 1886 561 1952 Attalo
581 1900 616 1952 et
664 1910 780 1953 umene
799 1888 922 1953 Romae
944 1911 1022 1967 esse,
1038 1902 1109 1954 tan·

78 1978 176 2058 ‘qoam
212 1998 231 2039 e
246 1974 350 2040 altero
362 1972 516 2038 Romanis
530 1988 617 2039 certo
631 1974 744 2052 amico,
755 1968 930 2040 altero'nec
944 1974 1108 2052 Romanis,

79 2064 145 2125 ‘nec
166 2060 255 2126 Persi
280 2059 350 2125 fido
375 2059 469 2124 socio
526 2057 640 2146 Itaque
662 2060 717 2125 vix
742 2061 838 2127 statui
863 2082 965 2149 posse,
988 2074 1108 2137 utrum,

78 2151 163 2230 ‘quae
182 2169 241 2234 pro
262 2170 311 2224 se,
326 2168 379 2223 an,
393 2167 476 2233 qnae
497 2158 609 2210 contra
628 2146 758 2211 fratrem
779 2147 937 2234 petiturus
958 2160 1050 2223 esset,
1067 2146 1108 2211 ab

78 2237 190 2298 ‘senatu
287 2234 296 2247 '
336 2230 548 2319 impetrabilia
567 2232 691 2297 forent:
715 2232 796 2299 adeo
817 2233 980 2299 universos
1001 2232 1109 2299 omnis

60 2322 121 2381 t‘et
137 2318 207 2385 huie
228 2321 270 2384 tri
294 2341 382 2395 nere,
397 2333 432 2382 et
451 2317 496 2380 illi
514 2340 588 2383 vero
607 2319 744 2406 negare)
788 2318 909 2383 Eorum
929 2318 1263 2399 hominumntulispes

76 2416 106 2466 nt
116 2427 161 2470 res
172 2405 294 2485 docuit,
303 2405 434 2471 Attalus
447 2417 525 2482 erat,
537 2406 603 2492 qui,
618 2419 776 2492 qimntum
790 2429 862 2494 spes
876 2405 1106 2493 spopondisset,
1114 2415 1212 2463 pravae.

75 2508 219 2592 cuperent,
242 2493 280 2558 ni
307 2491 525 2641 uninstiamici
536 2491 693 2643 dlsmdlm
718 2492 852 2592 monitio
877 2490 1108 2641 replutistfpppos

76 2595 209 2644 smmoer
357 2600 398 2642 en
439 2599 536 2642 secun
599 2601 763 2642 rens1m
855 2599 903 2640 see
1071 2599 1109 2642 us

75 2683 136 2727 tum
153 2687 191 2731 eo
209 2591 448 2740 liiitgiitteldicus,
464 2661 506 2728 ad
526 2664 562 2728 id
581 2625 729 2751 ipsum'a
750 2599 946 2728 nlilifflsecuro
962 2661 1108 2728 Eumene

77 2744 195 2816 Romam
213 2753 340 2828 missus,
354 2748 533 2838 speculator
548 2772 664 2828 rerum,
680 2771 763 2849 quae
780 2772 800 2813 a
815 2748 910 2814 fratre
928 2761 1107 2836 agerentur,

77 2836 258 2926 monitorque
272 2835 369 2913 lidus,
383 2836 411 2900 si
428 2834 542 2900 decedi
559 2835 623 2900 lide
637 2836 777 2900 vidtmet
822 2833 864 2913 Is,
880 2834 921 2899 ad
939 2847 1107 2922 oocupatas

76 2916 127 2984 iam
139 2946 225 2989 aures
242 2921 514 3022 sollicitatumque
533 2921 596 2986 iam
616 2922 758 2986 animum
773 2943 874 3008 quum
888 2921 1036 2999 venisset,
1051 2944 1107 3024 sg-

78 3182 188 3246 ‘eorum
209 3203 343 3258 novum,
365 3179 461 3246 nullis
479 3181 611 3246 vetustis
634 3180 801 3244 fundatum
825 3179 948 3267 opibus,
967 3181 1238 3246 fraternaffltutio·

78 3268 162 3331 ‘stare
174 3265 363 3334 eoncordia:
383 3267 471 3355 quod
485 3289 568 3332 unus
581 3288 699 3330 nomen
714 3265 837 3352 regium
851 3278 885 3330 et
898 3266 1106 3354 praecipuum

78 3353 191 3439 ‘capitis
213 3355 342 3442 insigne
366 3366 466 3440 gerat,
490 3374 601 3417 omnes
624 3351 735 3416 fratres
759 3365 902 3440 regnent
958 3351 1106 3416 Attalum

78 3440 164 3517 ‘vern
178 3441 255 3528 qni'a
273 3453 377 3505 aetate
394 3438 559 3527 proximus
575 3437 625 3515 sit,
640 3437 713 3524 quis
726 3460 792 3502 non
807 3460 866 3525 pro
880 3459 955 3523 rege
969 3436 1107 3502 habeat?

78 3526 184 3612 ‘neque
199 3550 240 3592 eo
253 3525 368 3603 solum,
383 3525 460 3612 qnia
479 3537 582 3589 tantas
600 3537 781 3611 praesentes
802 3524 871 3588 eius
890 3544 968 3610 opes
987 3535 1106 3600 cernat,

78 3609 140 3675 ‘sed
160 3613 246 3700 quod
269 3611 358 3678 haud
380 3611 566 3698 ambiguum
590 3609 777 3698 propediem
801 3620 1009 3696 regnaturum
1032 3630 1106 3674 eum

100 3822 206 3879 ⁴0⁸⁶!
236 3820 314 3886 quod]
357 3820 566 3872 Coniunctionem
597 3814 932 3878 habuitemenqulchii
945 3815 1064 3879 provenit.

77 3895 136 3940 tm
154 3886 284 3935 delendam
305 3891 407 3935 censent
428 3884 567 3934 Gronovius
631 3894 644 3944 7
661 3885 760 3932 Pietate
773 3883 828 3930 nur
842 3883 994 3942 continperc]
1012 3883 1047 3929 El
1062 3896 1107 3943 pro

78 3945 240 4000 tenemus
271 3950 566 4013 Diuidiammtodsnpr,
597 3949 660 4006 aim,
668 3951 768 3995 auctore
779 3944 912 4005 Gratiano,
921 3944 1029 4007 reposuit
1041 3944 1107 3992 Bek-

76 4008 145 4060 mir.
157 4027 193 4078 ro
202 4020 230 4062 et
239 4013 295 4063 intr.
307 4011 346 4062 26.
356 4017 383 4061 et
394 4027 433 4076 ro.
444 4011 557 4061 occurrit.
598 4011 650 4060 ker.

102 4077 311 4138 amnuerunt]
336 4077 512 4126 Militasaraat
529 4090 566 4124 re·
629 4075 645 4123 8
668 4075 728 4123 Vm
738 4071 841 4136 mare]
865 4075 926 4122 Vero
936 4070 1106 4122 hiccumem·

76 4137 261 4193 maeste.
599 4137 787 4201 phasiquadsm
798 4136 940 4186 affirmatur.

85 4197 116 4268 ‘6
129 4203 292 4280 deceptaque
312 4202 401 4266 endis]
431 4203 503 4252 Haec
522 4217 565 4265 op·
598 4201 821 4315 &Tempsam
836 4199 996 4274 temporilmt]
1013 4199 1106 4249 Sermo

76 4264 274 4318 hanmone
286 4284 332 4333 pro
341 4270 505 4331 mannaque
513 4269 566 4330 pla·
620 4269 625 4280 '
692 4263 833 4314 Gronovius
854 4267 967 4322 coniecit,
988 4263 1107 4324 probante

76 4325 123 4387 ὢν
131 4333 194 4391 qnod
203 4333 341 4385 Cmrierius
354 4348 399 4396 pro
413 4332 567 4382 maclamato
599 4328 803 4380 Drakenborehio
815 4334 840 4378 ct
851 4326 983 4380 menam
