2934 4800
364 224 467 290 LIB.
491 225 601 290 XLII.
632 225 744 291 CAP.
767 233 820 291 41.
923 295 929 304 ,
1069 230 1110 294 ts

29 369 31 410 l
83 359 139 424 Ad
162 383 202 426 ea
228 381 312 426 rex:
341 361 501 428 ·‘Bonam
527 346 968 450 causam,siap1idindices
992 384 1110 450 aequos
1121 373 1155 423 U.
1166 374 1197 424 c.
1213 375 1271 438 581.

41 454 51 484 ‘
115 461 216 525 retur,
242 448 339 536 apud
369 449 504 515 eoadem
527 464 560 514 et
585 464 781 514 accusatores
806 463 840 514 et
863 449 985 515 iudices
1007 472 1108 537 Qum.
1119 440 1150 488 ¹⁴·
1167 439 1198 488 ⁰·
1216 451 1270 501 ¹7¹·

26 542 50 584 ιι
109 556 182 598 rum
204 549 347 614 autem,
362 559 451 624 quae
472 537 597 602 obiecta
621 549 695 600 sunt
717 536 807 614 mihi,
829 537 943 624 partim
966 559 1005 602 ea
1025 551 1140 637 sum,P
1166 509 1219 568 4¹·

41 622 177 707 ‘quibus
192 623 311 688 neseio
328 646 377 688 an
394 623 521 712 gloriari
532 622 683 700 debeam3
707 623 832 723 partim,
842 645 924 710 quae
938 623 1028 688 fateri
1044 646 1110 690 non
1119 605 1222 718 pff
1231 606 1258 640 ⁸⁰

22 709 273 784 ⁵‘erubescarn;
298 710 440 797 partim,
455 733 538 798 quae
553 711 649 775 verbo
669 710 794 774 obiecta
810 711 907 776 verbo
926 733 1042 798 negare
1059 711 1109 776 sit.

20 788 52 838 5‘
65 793 155 868 Quid
177 795 284 874 enirn,
307 797 338 862 si
365 796 379 861 l
414 799 491 880 u'bus
511 797 622 862 vestris
644 797 740 861 hodie
757 819 829 861 retis
850 797 1112 874 sim,autinde1

42 889 52 917 ‘
63 880 298 962 Brundisinus,
311 820 552 949 auteffumenes
563 884 642 948 mibi
653 883 791 961 obiiciat,
804 898 840 948 ut
850 905 996 949 accusare
1007 883 1113 972 potius

43 977 144 1046 ‘vere,
154 991 266 1057 urtam
282 971 476 1048 conulensi,
491 971 680 1036 videantur?
705 969 842 1048 Scilicet,
857 993 918 1036 nse
939 970 1111 1048 Eumenes,

43 1061 164 1140 ‘quum
187 1069 260 1120 tam
283 1057 405 1124 multis
426 1057 529 1145 gravis
549 1057 676 1158 publice
700 1081 738 1122 sc
762 1058 908 1144 privatim
931 1058 982 1136 sit,
1003 1057 1112 1135 alium,

45 1148 159 1227 ‘quam
179 1165 247 1221 me,
265 1145 446 1246 inimicum
466 1144 596 1245 habuit:
619 1167 724 1232 neque
745 1167 807 1232 ego
826 1146 981 1246 potiorem
1000 1167 1113 1233 quem-

45 1235 160 1313 ‘quam
185 1229 230 1294 ad
255 1245 445 1298 mmrstena
468 1231 654 1310 facinorum,
676 1254 771 1318 quam
800 1231 993 1309 Rammium,
1016 1253 1112 1318 quem

47 1321 172 1400 ‘neque
199 1339 363 1406 unquam
386 1333 459 1384 ante
481 1318 631 1396 videram,
654 1341 715 1384 nec
737 1334 824 1384 eram
845 1333 955 1406 postea
979 1318 1112 1394 vunnu,

49 1399 212 1467 ‘iuvenire
234 1406 350 1492 potui.
398 1405 442 1470 Et
457 1405 692 1482 Thebanorum,
709 1427 790 1492 quos
811 1404 974 1491 nauhagio
995 1403 1113 1490 perisse

51 1494 203 1567 ‘constat
219 1505 257 1556 et
275 1491 472 1557 Arthetauri
492 1492 598 1556 caedis
617 1492 696 1556 mibi
715 1491 881 1556 reddenda
893 1491 972 1555 ratio
990 1503 1055 1555 est:
1079 1490 1114 1554 in

56 1581 137 1658 ‘qua
149 1588 261 1642 umen
276 1578 371 1644 nihil
385 1577 468 1644 ultra
482 1578 639 1655 obiicitur,
656 1599 753 1665 quam
766 1577 982 1642 interfectores
996 1577 1065 1642 eius
1078 1576 1114 1640 in

57 1667 173 1746 ‘reguo
192 1664 368 1730 exsulasse
388 1688 469 1730 meo.
517 1663 620 1730 Cuius
640 1663 832 1729 conditionis
850 1664 1052 1752 iniquitatem
1069 1663 1115 1728 ita

59 1751 141 1810 ‘non
154 1769 224 1813 sum
245 1767 468 1830 recusaturus,
483 1752 510 1816 si
524 1775 579 1816 vos
599 1773 728 1839 quoque
749 1751 900 1839 accipitis,
916 1764 962 1828 ut,
978 1751 1114 1838 quicun-

59 1839 138 1916 ‘que
153 1836 287 1902 exsules
303 1839 343 1902 in
363 1837 487 1904 Italiam
502 1849 558 1903 aut
572 1838 708 1903 Romam
726 1861 761 1904 se
775 1838 989 1916 contulerunt,
1003 1838 1053 1903 his
1067 1838 1114 1902 fa-

59 1917 229 2000 ‘ciuurum,
251 1947 320 2011 pm
346 1937 394 1990 ter
413 1947 495 2012 quae
511 1925 655 1990 'damnati
677 1939 760 2003 suut,
781 1937 925 1990 auctores
944 1948 999 1990 vos
1017 1925 1113 1989 fuisse

60 2004 248 2074 ‘fateamini
303 1948 344 2077 Sl
358 2011 418 2078 hoc
429 2027 463 2076 et
475 2034 530 2077 vos
541 2012 733 2090 recusabitis,
744 2025 895 2077 etomnes
902 2011 981 2077 aliae
992 2024 1114 2100 gentes,

61 2098 140 2177 ‘ego
157 2117 296 2184 quoque
321 2099 406 2164 inter
424 2113 545 2164 ceteros
564 2122 627 2164 cro.
674 2097 727 2176 Et,
748 2098 887 2176 hercule,
903 2099 983 2186 quid
1000 2099 1116 2164 attinet

64 2178 228 2266 ‘cuiquam
246 2184 401 2250 exsilium
417 2200 534 2273 patere,
549 2186 576 2248 si
595 2207 754 2271 nusquam
768 2185 870 2250 exsuli
888 2186 1014 2251 futurus
1027 2185 1116 2250 locus

64 2267 151 2330 ‘eatl
175 2267 249 2357 Ego
266 2285 380 2336 tamen
395 2273 480 2350 istos,
496 2287 533 2338 ut
547 2271 685 2359 primum
705 2273 740 2336 in
760 2271 1043 2350 Macedoniam,
1058 2272 1116 2338 ad·

67 2354 223 2443 ‘monitus
238 2381 260 2423 a
278 2360 382 2438 vobis,
397 2360 546 2447 comperi,
567 2357 733 2447 requisitos
754 2358 839 2425 abire
859 2381 900 2425 ex
915 2381 1014 2447 regno
1029 2359 1114 2437 iussi,

66 2440 162 2505 ‘etin
177 2460 378 2533 perpetuum
397 2446 681 2511 interdixi'finibus
700 2447 788 2511 meis.
833 2445 877 2512 Et
890 2447 969 2511 baec
1007 2446 1116 2511 uidem

70 2526 172 2605 ‘mihi,
187 2545 349 2635 tanquam
364 2556 488 2598 causam
504 2533 624 2598 dicenti
638 2556 702 2611 reo,
718 2534 843 2598 obiecta
856 2546 947 2597 sunt:
970 2470 1034 2610 illa,
1046 2546 1116 2597 tan·

70 2617 183 2767 ‘w
202 2640 286 2721 regi,
305 2634 338 2685 et
380 2644 439 2685 uae
459 2620 499 2685 de
519 2620 657 2697 foedere,
674 2619 763 2707 quod
782 2619 862 2683 mihi
879 2634 928 2684 est
942 2619 1115 2697 vobiscum,

72 2704 80 2731 ‘
112 2698 118 2712 '
172 2718 356 2790 ptauonem
393 2709 516 2771 abeant
562 2705 658 2784 Nam,
670 2708 696 2771 si
711 2719 759 2771 est
773 2706 809 2770 in
820 2705 949 2771 foedere
959 2706 1006 2771 ita
1018 2706 1116 2795 scrip

73 2790 165 2866 ‘tum,
182 2805 219 2856 ut
239 2794 337 2872 ne,si
357 2793 476 2858 bellum
491 2794 621 2881 quidem
641 2794 713 2881 quis
733 2792 856 2870 inferat,
872 2794 954 2857 tueri
973 2815 1024 2858 me
1045 2816 1116 2880 reg·

73 2877 235 2963 ‘numque
258 2902 368 2945 meum
385 2880 488 2957 beent,
505 2880 583 2944 mihi
597 2880 761 2944 fatendum
781 2894 839 2958 est,
855 2880 942 2981 quod
956 2903 1007 2946 me
1022 2880 1117 2945 armis

76 2958 241 3030 ‘adversus
258 2966 460 3054 Abrupolim,
476 2968 596 3032 socium
614 2966 724 3054 populi
745 2967 893 3044 Romam,
909 2966 1116 3045 defenderim,

76 3043 201 3115 ‘foedus
215 3053 370 3117 violatum
386 3075 461 3118 ease.
510 3053 567 3118 Sin
582 3069 689 3118 autem
703 3053 765 3117 hoc
775 3068 808 3117 et
819 3076 861 3118 ex
873 3053 1002 3119 foedere
1017 3054 1117 3131 licuit,

79 3138 126 3195 ‘et
139 3135 207 3203 iure
218 3140 365 3227 gentium
380 3140 426 3205 ita
438 3154 654 3227 comparatum
666 3154 723 3217 est,
733 3154 771 3205 ut
783 3162 871 3205 arma
880 3140 975 3207 armis
988 3139 1118 3227 propul-

79 3224 210 3302 ‘scutun
231 3225 313 3313 quid
337 3227 464 3291 tandem
486 3249 538 3291 me
560 3226 662 3291 facere
684 3226 803 3303 decuit,
824 3249 923 3313 quum
945 3225 1119 3314 Abrupolis

82 3304 172 3373 ‘fines
191 3314 256 3379 mei
272 3313 362 3400 regni
377 3334 478 3399 usque
495 3312 536 3377 ad
553 3312 773 3414 Amphipolim
787 3326 1002 3401 pervastasset,
1019 3312 1119 3378 multa

81 3388 195 3462 ‘libera
207 3400 322 3487 capita,
339 3421 484 3487 maguam
500 3400 564 3463 vim
582 3400 821 3487 mancipiorum,
836 3399 937 3464 multa
950 3398 1049 3463 millia
1062 3420 1118 3485 pe·

82 3484 202 3549 ‘torum
218 3487 395 3573 abegisset?
419 3484 624 3561 Quiescerem
638 3500 672 3550 et
685 3499 820 3572 paterer,
832 3485 935 3549 donec
949 3484 1072 3549 Pellam
1086 3498 1120 3547 et

83 3563 132 3629 ‘iu
146 3573 265 3659 regiam
281 3594 383 3637 meam
399 3586 535 3644 armatus
550 3563 765 3661 pervenisset?
788 3573 836 3635 At
848 3571 934 3635 enim
949 3570 1033 3635 bello
1047 3570 1119 3657 qui·

84 3650 170 3720 ‘dem
191 3660 273 3725 insto
293 3682 363 3723 sum
383 3672 583 3760 persecutus;
606 3658 662 3723 aed
681 3657 767 3723 vinci
788 3680 854 3722 non
874 3657 1014 3744 oportuit
1033 3680 1117 3737 eum,

87 3745 201 3831 ‘neque
216 3771 264 3825 ea,
275 3769 357 3833 quae
368 3748 459 3812 uctis
473 3742 630 3823 accidunt,
645 3744 729 3833 pati:
754 3766 889 3833 quorum
900 3765 1006 3809 casum
1018 3768 1118 3833 quum

116 3914 582 3980 commemoratumque
647 3930 660 3979 5
684 3918 759 3967 'Verbo
775 3932 864 3979 separe
878 3918 923 3978 sit]
947 3917 1005 3967 h.e.
1021 3918 1119 3982 Negare

88 3970 144 4023 hm
164 3982 268 4041 mensi
291 3983 358 4044 apud
379 3982 472 4031 iudices
492 3998 583 4044 aequos
615 3981 695 4030 liceat.

88 4048 193 4097 ‘seram
646 4044 756 4094 ornatae
766 4046 945 4107 andiss'nua]
963 4062 995 4094 sc.
1005 4046 1035 4097 L.
1042 4048 1120 4095 Raru-

67 4158 72 4169 „
119 4108 359 4171 tParttmeasunt]
386 4112 484 4159 Partim
500 4107 583 4161 cunm
615 4110 687 4167 mius,
697 4109 739 4171 qui
747 4124 810 4172 supr.
823 4124 859 4173 ¹7·
867 4117 1021 4159 memoratur.
1043 4112 1119 4173 Apud

90 4176 140 4216 mat
154 4188 189 4233 ca,
199 4175 215 4223 'a
227 4190 248 4224 e.
264 4190 321 4237 pars
336 4189 429 4233 eorum,
443 4175 494 4223 sive
510 4190 583 4237 quae-
616 4173 722 4236 Appias.
736 4174 797 4224 Ere.
809 4176 867 4239 Lag.
880 4190 905 4237 p.
916 4173 971 4236 367.
984 4174 1120 4225 Hes-renisu

90 4227 139 4309 ‘blm
154 4252 244 4298 eorum,
260 4246 317 4288 sunt
333 4254 371 4299 ea,
388 4246 416 4288 ut
434 4240 535 4302 exponit
552 4241 582 4290 A.
616 4244 724 4287 vocatur.

93 4292 150 4349 bell.
160 4316 181 4351 x.
195 4318 232 4366 ¹³·
249 4304 336 4353 Dnau.
