2934 4800
369 209 430 272 116
752 201 869 270 ΤΙΤΙ
898 201 1035 270 LIVII

211 347 289 464 {bg
304 347 362 478 512}
368 341 493 446 tabellis
506 339 650 429 publicis,
665 339 836 440 clausoque
846 339 1016 440 tabulario,
1031 340 1217 442 ‹tt-dimisis
1229 342 1342 444 servis
1354 341 1428 429 pob3

370 427 1113 602 ittmtttitittltdtiittttbt
1126 441 1253 580 ”tii
1272 443 1418 581 tuiti

371 624 499 667 mirsam
520 600 621 665 dixit:
653 612 695 676 et,
719 621 820 685 quum
842 621 883 662 ex
906 599 1077 664 duodecim
1103 601 1258 666 centuriis
1284 603 1427 689 equitnm

371 701 445 754 octo
473 707 637 752 censorem
667 685 942 762 condemnassent,
972 685 1155 773 multaeque
1186 687 1271 753 aliae
1312 689 1429 776 primas:

371 774 487 851 classis,
513 770 674 859 extemplo
697 771 857 872 principes
882 771 1018 836 civitatis
1043 771 1076 836 in
1100 786 1280 861 conspectu
1310 774 1417 862 populi,

372 859 499 926 annulis
518 859 621 924 aureis
641 858 762 945 positis,
785 870 905 922 vestem
926 870 1099 936 mutarunt,
1120 871 1157 924 ut
1173 860 1345 947 supplicas
1354 860 1419 1010 (pig

372 948 446 1012 bem
460 946 672 1011 circumirent.
718 942 863 1008 Maxime
874 955 981 1008 tamen
996 945 1186 1010 sententiam
1196 947 1340 1012 vertiaee
1378 948 1407 960 '⁸

255 1062 262 1075 ·
373 1047 426 1098 tur
439 1032 480 1097 T.
495 1030 669 1106 Gracchus,
685 1029 782 1117 quod,
799 1051 899 1117 quum
918 1030 1037 1095 clamor
1053 1030 1197 1118 undique
1212 1032 1325 1119 plebis
1340 1045 1417 1107 esset,

372 1114 1419 1293 illibittlbtlittittl.{tibitibi

373 1305 439 1357 tem
454 1291 558 1356 exsilii
572 1290 641 1354 eius
658 1288 811 1353 firtnrum.
861 1287 953 1352 Adeo
973 1301 1081 1354 tamen
1099 1288 1140 1354 ad
1154 1253 1346 1355 exn-emuln
1365 1291 1419 1377 spei

371 1378 461 1444 venit
481 1399 564 1454 reus,
587 1389 624 1440 ut
644 1388 718 1440 octo
743 1375 905 1440 centuriae
927 1374 969 1439 ad
990 1375 1229 1440 damnationem
1251 1377 1417 1442 defuerim

373 1463 532 1564 Absolute
557 1461 705 1539 Claudio,
730 1461 877 1526 tribunus
901 1459 1004 1548 plebis
1026 1462 1153 1548 negavit
1178 1485 1212 1527 se
1240 1461 1418 1528 Gracchum

372 1572 496 1616 moran.

304 1684 314 1706 .
417 1636 467 1701 Eo
482 1657 576 1712 anno,
591 1634 824 1722 postulantibus
840 1633 1096 1720 Aquileiensium
1114 1635 1238 1722 legatis,
1254 1647 1295 1700 nt
1317 1657 1417 1701 nume

373 1743 427 1786 rus
448 1722 633 1786 colonorum
655 1733 834 1808 augeretur,
850 1719 937 1784 mille
959 1732 993 1785 ct
1012 1721 1205 1808 quingentae
1223 1722 1371 1787 semiliae
1386 1743 1417 1786 et

372 1806 645 1872 senatusconsulto
664 1807 810 1893 scriptae,
825 1806 980 1871 biumviri
1003 1829 1054 1885 ue,
1070 1808 1128 1895 qui
1147 1830 1200 1873 eas
1214 1807 1417 1879 deducerent

373 1893 459 1958 missi
478 1905 562 1969 sunt,
583 1891 624 1956 Τ.
637 1892 767 1956 Annius
785 1889 917 1969 Luscus,
933 1892 970 1958 P.
1019 1893 1105 1958 ocius
1125 1893 1259 1972 Subulo,
1283 1894 1337 1961 M.
1351 1895 1418 1960 Cor·

295 1987 309 2065 ⁸,
372 1979 476 2045 nelius
497 1978 670 2065 Cethegus
716 1977 842 2043 Eodem
862 2001 947 2044 anno
967 1977 1006 2045 C.
1019 1978 1175 2067 Popillius
1193 1992 1228 2045 et
1247 1981 1315 2046 Cn.
1332 1983 1417 2048 Oea

283 2089 304 2129 ·.
371 2065 442 2130 rins
455 2065 561 2153 legati,
577 2065 634 2151 qui
650 2065 685 2129 in
702 2062 872 2130 Graeciam
886 2065 973 2130 missi
987 2079 1088 2144 erant,
1103 2068 1418 2142 senatusconsultum,

372 2151 495 2216 Thebis
515 2151 654 2238 primum
675 2151 853 2230 recitatum,
918 2174 935 2215 r
956 2173 1068 2217 omnes
1091 2151 1311 2240 Peloponnesi
1337 2155 1419 2219 nrbes
1446 2147 1447 2164 ¹

372 2237 644 2315 circumtulerunt,
661 2236 737 2301 ‘Ne
752 2237 823 2324 quis
843 2237 876 2302 ul
889 2259 940 2301 am
959 2260 1027 2303 rem
1044 2238 1079 2302 in
1093 2239 1213 2304 bellum
1233 2241 1418 2328 magistrati·

372 2325 453 2388 ‘bus
474 2323 629 2389 Romanis
643 2317 811 2402 conferret,
826 2336 1048 2411 praeterquam
1063 2324 1150 2412 quod
1165 2339 1298 2391 senatus
1312 2349 1419 2392 censu·

372 2412 486 2477 ‘isset’
530 2410 603 2476 Hoc
618 2410 768 2475 fiduciam
784 2410 817 2475 in
837 2422 999 2511 posterum
1014 2434 1142 2498 quoque
1185 2413 1369 2491 raebuerat,
1384 2414 1418 2478 le·

370 2512 459 2563 ratos
479 2520 512 2563 se
527 2497 639 2562 onen'b
700 2520 742 2561 ue
762 2496 986 2583 impensisque,
1003 2498 1128 2584 quibus,
1181 2499 1210 2563 'a
1229 2498 1303 2563 aliis
1326 2502 1419 2586 impe·

370 2586 523 2662 rantibus,
538 2584 691 2648 exhaurie
713 2594 817 2649 antur.
863 2582 1007 2648 Achaico
1026 2584 1161 2649 concilio
1179 2584 1279 2671 Aegii
1296 2587 1433 2686 agitatas

370 2670 510 2757 benigne
523 2670 622 2734 locuti
636 2668 813 2756 auditique,
829 2668 955 2769 egregia
969 2690 1024 2757 spe
1044 2669 1143 2734 futuri
1157 2682 1257 2735 status
1271 2671 1434 2779 fidissima}

410 2772 466 2820 nte
486 2755 606 2833 relicta,
626 2757 661 2819 in
683 2754 843 2819 Aetoliam
866 2767 1065 2820 traiecerunt.
1112 2754 1162 2821 Ibi
1183 2756 1334 2823 nondum
1358 2760 1420 2845 qui-

368 2778 446 2905 lim
467 2840 582 2905 seditio
603 2853 680 2919 erat,
700 2840 757 2905 sed
779 2840 887 2906 omnia
908 2854 1062 2929 suspecta,
1082 2842 1321 2931 criminumque
1344 2845 1435 2910 inan

404 3074 420 3123 9
435 3061 518 3109 Servis
526 3061 644 3123 publicis]
666 3058 719 3116 Qui
730 3059 762 3107 ad
773 3058 880 3107 miniato
913 3058 1030 3107 servirent
1040 3060 1279 3122 temponbuaquam
1292 3076 1326 3111 ex
1336 3063 1420 3111 anina

372 3122 409 3171 ria
416 3124 531 3171 tabularii
540 3124 679 3171 censoribus
687 3128 784 3184 praesto
792 3128 879 3171 essent.
914 3122 1014 3171 Etenim
1033 3124 1228 3185 ‘'dicebamus''
1248 3124 1333 3187 inquit
1354 3128 1420 3189 Poly-

407 3202 417 3234 1
435 3189 479 3237 Es
492 3188 616 3236 duodecim
630 3188 762 3246 omturs'is]
780 3186 879 3235 sc.Plc·
913 3187 975 3246 bins,
993 3188 1154 3237 “accusaturi
1174 3188 1320 3251 Lycortam,
1338 3198 1367 3239 et
1384 3192 1420 3239 Ar

371 3250 482 3299 beiomm
501 3250 621 3312 equiturn,
640 3250 683 3311 qui
702 3255 758 3311 post
775 3266 818 3299 ses
836 3249 881 3298 illa
913 3250 1026 3310 ebonem,
1037 3256 1063 3300 et
1074 3251 1216 3314 Polybium,
1228 3258 1352 3314 tanquam
1370 3256 1420 3303 alie

371 3316 495 3377 suffragio
508 3313 665 3388 patriciorum
678 3313 790 3375 equitum
800 3328 817 3361 a
826 3313 880 3362 Ser-
913 3328 958 3363 nos
972 3330 988 3363 a
1004 3315 1090 3377 populi
1102 3316 1210 3365 Romani
1225 3317 1308 3367 rebus.
1344 3318 1377 3367 id
1392 3324 1420 3365 ta-

374 3378 412 3426 rio
423 3378 552 3440 conscripti
562 3384 641 3437 erant,
649 3377 693 3439 qui
701 3382 786 3426 tamen
796 3376 822 3425 in
832 3377 880 3439 pri·
912 3392 970 3427 men
984 3378 1065 3427 iacere
1080 3394 1130 3428 non
1147 3386 1205 3428 snut
1218 3379 1281 3439 ausi,
1292 3384 1363 3443 qnod
1374 3383 1421 3429 nnl-

369 3456 413 3491 ma
432 3444 510 3492 classa
527 3447 586 3492 ante
607 3440 721 3505 patricios
740 3440 835 3503 equites
854 3441 881 3489 in
913 3442 964 3490 lam
983 3457 1082 3491 aarum
1100 3443 1159 3492 satis
1177 3443 1334 3506 probabilem
1353 3446 1420 3495 habe

369 3506 513 3569 mffngium
523 3506 692 3556 mittebantur.
707 3505 738 3555 ct
745 3520 811 3567 supr.
817 3504 834 3554 i.
841 3518 881 3567 43.
912 3510 976 3565 rent,
987 3522 1030 3555 cur
1040 3521 1082 3555 eos
1092 3522 1146 3556 reos
1155 3511 1281 3571 egerant.n
1297 3508 1384 3560 Cass.

371 3572 507 3621 octodecim
517 3586 562 3632 pro
572 3571 696 3621 duodecim
711 3570 881 3632 reponendum
946 3581 959 3631 5
976 3572 1086 3647 Eprepio
1095 3573 1151 3634 spa]
1175 3571 1206 3621 Id
1222 3576 1269 3631 at,
1283 3571 1313 3621 in
1330 3572 1420 3637 egregia

368 3636 475 3685 madent
485 3635 595 3685 Gronov.
606 3640 632 3683 et
643 3633 751 3683 Crevier.
913 3648 957 3695 spe
977 3634 1053 3682 hrturr
1072 3639 1157 3684 status.
1189 3634 1319 3695 Ceterum,
1379 3638 1420 3685 hoe

404 3700 531 3748 aPss‘mos
541 3700 638 3759 eludo]
652 3712 687 3747 sc.
697 3697 771 3755 Quae
781 3712 813 3747 ex
822 3712 880 3747 cen·
912 3696 996 3745 durius
1018 3697 1123 3759 ridetur,
1144 3699 1198 3761 lege
1224 3712 1282 3747 cum
1304 3700 1419 3749 Maras:

370 3760 880 3823 turiianrbanarumtribuumatquesqui·
912 3762 1420 3826 Eyreot'osps....fidioeims,oeatiss

368 3829 425 3871 tum
434 3824 586 3885 plebeiorum
594 3826 729 3874 constabat.
740 3824 880 3875 eiNiobhr.
912 3826 978 3874 licta.
996 3825 1079 3874 esav.

370 3886 404 3935 iii.
416 3902 441 3935 n.
453 3898 508 3948 570.
519 3903 585 3950 supr.
596 3889 628 3939 ix.
640 3886 680 3949 46.
943 3887 1060 3938 domnio
1069 3891 1419 3956 aspectantem-quis·

404 3952 622 4013 3Aeyiioyitoto]
650 3954 723 4014 Aegii
740 3951 880 4001 emendarit
911 3954 1024 4015 ἐρήμου
1037 3954 1126 4015 plasto]
1154 3954 1219 4002 Rau
1230 3954 1310 4003 iusim
1320 3956 1419 4019 exponit

373 4014 478 4063 Ursinus
495 4029 539 4077 pro
554 4016 619 4077 vulg.
630 4017 715 4076 Arpis,
728 4017 796 4077 quod
813 4016 878 4065 Belr·
913 4015 1040 4078 Polybius,
1056 4018 1177 4079 docetque
1193 4016 1378 4069 criminationes
1394 4020 1419 4067 ss·

371 4078 422 4126 ker.
429 4084 519 4128 tuetur.
540 4077 879 4141 AegiiPolybius‘Legatya.
912 4079 948 4127 las
965 4080 1023 4128 inda
1042 4089 1107 4129 ortas
1125 4096 1185 4140 esse,
1202 4082 1269 4142 quod
1286 4082 1313 4130 bi
1331 4090 1418 4133 camos

370 4141 479 4199 exhibet,
489 4148 516 4189 et
527 4142 625 4189 Livium
636 4156 667 4189 ex
679 4142 785 4204 Polybio
798 4156 879 4190 eman·
912 4144 1087 4193 contenderent
1105 4144 1173 4193 baud
1188 4144 1284 4193 sincera
1299 4146 1351 4197 lide
1367 4162 1416 4196 cum

370 4203 479 4251 dandum
491 4220 543 4253 asse
557 4204 774 4253 Drakenborohiua
785 4210 811 4253 et
821 4206 879 4255 Ore·
912 4205 1032 4255 Romame
1040 4207 1144 4266 sentire3
1158 4206 1361 4259 illiaocusatores
1368 4226 1418 4259 suos

370 4266 460 4315 viarius
470 4273 581 4315 monent.
912 4268 1040 4318 calumniis
1053 4270 1079 4319 in
1092 4284 1118 4319 aa
1131 4271 1231 4332 grassari
1242 4272 1364 4333 dicerem,
1373 4290 1418 4337 quo

403 4348 418 4390 4
435 4332 548 4392 Benigne
565 4333 652 4392 locuti]
681 4330 732 4380 Sed
752 4330 830 4394 magis
852 4336 881 4380 ut
912 4332 1088 4393 potentioribus
1098 4334 1262 4387 adularentur.
1281 4337 1367 4387 Gany.
