2934 4800
381 240 699 311 EDITIONUM
732 242 877 309 LIVIL
1090 247 1155 312 467

201 378 379 445 bliotbecse
401 378 587 447 Hulsianse.
634 380 719 447 Vide
739 382 808 447 eius
831 381 976 470 catalog.
996 393 1071 448 tom.
1092 381 1153 448 111.

201 488 290 531 num.
307 471 405 534 5917.

76 556 203 618 1588.
228 550 425 617 Francofurti
441 552 540 619 tribus
554 552 776 632 voluminibus,
791 554 826 618 in
841 554 942 619 forma
954 554 1153 621 duodecima.

248 636 343 705 Hono
363 652 518 704 memoret
533 638 695 705 Fabricius
716 640 751 704 in
773 640 925 707 Biblioth.
950 642 1022 708 Lat
1040 641 1155 707 Exstat

203 724 299 789 etism
313 723 348 788 in
365 725 555 825 Appendice
572 724 723 791 Bibliotla
739 726 888 792 Leidens.
904 750 936 815 p.
949 732 1022 794 519.

80 815 201 877 1589.
227 810 380 888 Londini‚
396 832 430 874 ru
444 811 546 876 forms
559 811 775 899 quadruplice.

248 896 411 962 Fabricius
426 896 459 962 in
475 896 629 963 Biblioth.
646 896 717 962 Lat.
734 912 844 963 auctor
859 912 916 977 est,
931 900 1006 965 huic
1020 900 1156 965 editioni

204 982 329 1133 εὸᾱέἑῑῗε
349 982 445 1084 fuisse
467 982 717 1071 Chronologism
740 1006 777 1049 sc
797 984 900 1049 Notos
923 986 1101 1051 Robortelli
1122 999 1156 1051 et

283 1092 412 1135 eevaer.

89 1160 205 1222 1589.
229 1154 393 1243 Lugduni,
409 1156 443 1221 in
457 1157 559 1221 forma
573 1157 742 1259 octuplice.

249 1240 470 1307 Memorarunt
485 1242 567 1309 hsnc
585 1244 758 1309 editionem
775 1242 936 1308 Heamius
950 1256 984 1307 ot
1000 1241 1154 1321 Clericus,

205 1350 242 1392 ac
258 1330 362 1393 testati
377 1342 462 1407 sunt,
474 1330 505 1393 ei
520 1330 660 1395 additam
676 1353 744 1395 esse
758 1329 901 1394 Chronol
945 1330 1017 1407 am,
1032 1351 1156 1395 accom-

206 1414 366 1479 modatam
389 1414 429 1479 sd
451 1415 573 1480 tabulas
590 1415 789 1503 Capitolinas
803 1416 911 1481 Verrii
946 1415 1044 1492 'lscci,
1059 1416 1155 1502 (forte

205 1500 394 1587 intelligitur
407 1500 471 1579 illa,
487 1524 584 1587 quam
596 1502 776 1567 Ioaohimus
790 1500 930 1567 Grellius
944 1524 985 1566 ex
999 1502 1157 1589 prioribus

207 1584 359 1651 Glnresni
395 1600 429 1652 et
466 1585 588 1674 Sigonii
625 1587 821 1677 composuit)
855 1600 889 1653 ot
923 1589 1157 1653 Annotationes

207 1670 413 1739 Godelovaei.

98 1764 204 1827 1592.
228 1758 375 1825 Venetiis
389 1759 475 1847 aprrd
491 1759 624 1838 Aldum,
640 1761 675 1825 in
689 1761 791 1826 forma
805 1762 934 1827 maiore.

251 1844 375 1912 Addita
387 1859 462 1911 sunt
479 1844 552 1911 Car.
568 1847 690 1934 Sigonii
706 1846 854 1925 Scholia;
877 1870 960 1934 quae
974 1848 1015 1913 ab
1029 1860 1158 1913 auctore

206 1932 315 1998 multis
329 1932 363 1996 irr
378 1932 520 2020 partibus
535 1948 628 1999 aucta
642 1947 676 1999 et
689 1934 860 2001 emendate
870 1956 949 2013 esse,
961 1933 1033 1999 libri
1047 1933 1159 1999 titulus

104 2109 208 2173 1595.
232 2104 438 2194 Antwerpiae
464 2128 506 2171 err
531 2106 657 2172 officina
681 2106 887 2172 Plautiniana
909 2105 996 2194 apud
1017 2104 1159 2171 Viduam

207 2204 243 2257 et
256 2190 411 2257 Ioannem
426 2190 589 2258 Moretnm
609 2192 798 2280 prodierunt
815 2192 1006 2281 Fragmenta
1020 2192 1159 2257 Histori-

208 2300 329 2356 oorum,
349 2278 473 2344 dudunr
495 2280 535 2345 sb
557 2279 701 2344 Antonio
722 2280 906 2367 Augustino
928 2279 1070 2357 collecta,
1086 2292 1120 2344 et
1139 2301 1160 2343 a

209 2364 321 2431 Fulvio
350 2364 470 2432 Ursino
496 2365 682 2432 emendata:
721 2367 838 2468 quibus
867 2366 1054 2432 subiunotse
1084 2376 1161 2431 sunt

208 2451 352 2518 eiusdem
380 2452 489 2517 Ursini
518 2453 553 2517 in
581 2453 683 2518 varios
712 2453 886 2531 historicos,
917 2465 950 2517 et
978 2452 1063 2516 inter
1091 2451 1160 2516 illas

209 2537 305 2604 etiam
320 2539 356 2602 in
371 2537 511 2616 Livium,
528 2537 643 2618 Notae,
659 2539 694 2604 in
708 2540 811 2605 forms
825 2537 993 2626 octuplice.

109 2630 208 2692 1599.
233 2623 431 2690 Francofirrti
447 2625 546 2690 tribus
560 2624 782 2702 voluminibus,
798 2626 833 2688 in
847 2625 949 2688 forma
962 2621 1130 2710 octuplice.

255 2710 366 2777 Editio
391 2710 470 2775 baec
495 2724 688 2777 memoretur
709 2711 746 2775 in
770 2709 925 2798 Oatslogo
951 2708 1160 2774 bibliothecae

211 2795 388 2864 Hulsisnse
404 2810 480 2862 tom.
497 2797 561 2864 111.
578 2819 665 2862 num.
682 2802 782 2863 5918.

111 2890 210 2952 1608.
234 2883 433 2949 Francofurti
456 2883 496 2948 sd
521 2883 688 2961 Moenum,
709 2907 750 2949 ex
774 2881 949 2948 officins'l*
1049 2881 1163 2970 aphios

212 2969 342 3036 Ioannis
364 2969 477 3048 Saurii,
493 2971 644 3058 impensis
664 2970 837 3036 haeredum
855 2970 944 3036 Petri
988 2970 1112 3048 isoberi,
1127 2970 1163 3034 in

211 3057 312 3122 forms
326 3057 454 3123 maiore.

257 3143 385 3209 Titulus
407 3143 498 3208 alteri
520 3144 623 3232 operis
644 3144 726 3231 parti
749 3142 876 3208 additus
889 3145 995 3220 refert,
1010 3143 1163 3242 prodiisse

237 3231 344 3296 uidem
375 3251 416 3295 ex
446 3229 572 3295 officina
602 3229 765 3307 Sauriano,
795 3228 852 3293 sed
883 3229 1035 3316 impensrs
1064 3227 1163 3293 Ionae

247 3315 337 3382 bodii
364 3338 449 3382 anno
479 3313 696 3383 M.DC.VII.
756 3313 851 3380 Iorrss
881 3313 1029 3380 Rhodius
1057 3326 1164 3379 autem

214 3426 233 3468 s
249 3401 390 3468 Grutero
408 3403 443 3468 in
457 3401 657 3468 Praelatione
673 3400 769 3467 Ionss
783 3401 871 3467 Rosa
883 3413 1023 3467 vocatur.
1069 3399 1165 3465 Hanc

215 3489 299 3554 Livii
323 3487 496 3554 editionem
519 3489 679 3554 recensuit
701 3487 799 3553 Inuus
821 3485 989 3564 Gruterus,
1009 3497 1044 3552 et
1063 3485 1167 3552 Notas

214 3576 355 3640 virorum
393 3573 559 3640 doctorum
597 3575 696 3640 ferme
737 3575 890 3653 omnium,
928 3595 1007 3660 quss
1046 3572 1167 3660 priores

215 3661 372 3727 editiones
394 3661 610 3738 continebant,
633 3661 789 3738 exhibuit,
812 3661 955 3748 exeeptis
977 3671 1084 3724 tamen
1104 3659 1166 3723 illls

216 3747 421 3813 Velcurionis
440 3759 473 3812 et
494 3747 644 3813 Saxonii:
668 3765 814 3813 recenter
830 3769 905 3814 vero
924 3745 1049 3811 addidit
1064 3743 1167 3812 Notas

217 3833 321 3900 Fulvii
337 3833 449 3898 Ursini
463 3846 497 3899 et
511 3831 657 3899 Marcelli
673 3832 805 3900 Donati.

118 3925 216 3987 1609.
240 3919 448 3998 Franeofurti,
463 3919 497 3984 in
511 3920 614 3986 forms
627 3919 794 4006 octuplice.

263 4005 360 4072 Hanc
382 4006 557 4072 editionem
579 4019 757 4072 memorant
778 4005 939 4071 Hearrrius
960 4015 994 4069 et
1013 4003 1168 4084 Clericus,

220 4094 326 4159 testati
341 4091 505 4159 adiunctas
520 4115 587 4159 esse
605 4090 801 4157 Godelevsei
818 4091 1075 4158 Observationes.

122 4184 220 4248 1609.
246 4178 408 4258 Genevse,
424 4180 459 4244 in
472 4180 573 4245 forma
587 4178 716 4245 maiore.

266 4265 316 4332 Eo
348 4287 434 4332 enno
465 4265 617 4332 Genevae
650 4263 728 4331 editi
760 4275 836 4330 sunt
867 4264 1033 4416 scrippores
1062 4264 1171 4331 Latini

904 4371 930 4416 a
978 4356 998 4418 2
