2934 4800
281 219 321 280 14
661 211 775 278 ΤΙΤῙ
805 207 941 278 LIVII

151 399 158 413 .
192 359 359 426 ·575·‘nue
380 349 483 414 factus
505 361 597 428 esset,
624 349 717 437 [civis
744 372 786 416 ne
811 348 928 437 esset']
974 347 1066 413 Haec
1091 346 1260 435 impetrata
1287 346 1354 454 abs

280 611 373 676 Istria
387 610 542 675 decretae.
588 608 627 674 In
645 609 822 675 Sardiniam
838 610 920 674 duae
939 610 1081 696 legiones
1095 607 1189 672 scribi
1204 607 1325 684 iussae3

121 713 260 765 Exercitus.
279 697 378 785 quina
392 695 493 761 m'illia
505 697 539 760 in
555 697 694 784 singulas
714 709 748 762 et
760 697 879 762 duceni
898 697 1032 784 pedites,
1048 694 1169 760 treceni
1182 693 1325 780 equites3

279 797 312 850 et
326 783 496 849 duodecim
512 783 610 847 millia
624 783 769 870 peditum
784 785 940 848 sociorum
955 805 991 847 ac
1007 782 1114 847 Latini
1129 781 1276 858 nominis,
1292 795 1328 846 et

279 870 421 936 sexcenti
432 870 567 957 equites,
580 883 614 934 et
628 869 740 935 decem
751 871 997 957 quinqueremes
1010 891 1115 945 naves,
1126 868 1154 930 si
1167 866 1353 932 deducere6

279 981 321 1022 ex
341 956 504 1022 navalibus
523 956 626 1022 vellet
672 956 879 1021 Tantundem
885 956 1043 1106 (peditum
1060 955 1269 1041 equitumque
1291 953 1325 1017 in

280 1043 415 1121 latriam,
438 1045 650 1130 quantumin
675 1042 861 1120 Sardiniam,
908 1053 1056 1107 curetum
1104 1041 1147 1105 Et
1168 1041 1326 1127 legionem

280 1153 378 1196 unam
397 1153 469 1195 cum
492 1130 652 1216 equitibus
670 1130 828 1206 trecentis,
850 1143 883 1194 et
902 1128 1163 1217 quinquemillia
1180 1127 1325 1215 pediturn

274 1218 447 1294 sociorum,
457 1229 490 1292 et
504 1217 660 1281 ducentos
697 1217 907 1304 uinquagiuta
921 1218 1046 1281 mittere
1062 1215 1185 1302 equites
1199 1215 1233 1278 iu
1250 1214 1352 1279 His-r

120 1314 242 1378 Prodigia
279 1305 408 1392 panism
430 1303 575 1368 consules
597 1303 638 1368 ad
700 1301 883 1368 ‚Titinium
907 1303 991 1367 iussi.
1036 1302 1227 1388 Priusquam
1249 1323 1327 1366 con-

278 1390 361 1456 sules
376 1391 553 1478 provincias
567 1390 763 1467 sortirentur,
778 1389 924 1477 prodigia
942 1390 1087 1454 nuntiata
1100 1402 1190 1465 sunt,
1228 1387 1327 1475 Lapi-

278 1477 399 1542 demin
408 1499 484 1564 egro
497 1476 705 1543 Crustumino
714 1477 749 1540 in
760 1475 868 1540 lucum
883 1475 998 1540 Martis
1009 1475 1050 1540 de
1059 1475 1149 1540 coelo
1158 1475 1323 1540 cecidisse:

277 1587 412 1660 puerum
428 1564 533 1628 uunci
548 1564 687 1650 corporis
702 1564 736 1627 in
807 1587 827 1627 o
843 1563 990 1627 Romano
1005 1577 1125 1640 natum,
1140 1575 1174 1626 et
1187 1561 1352 1649 quadra-8

278 1651 394 1738 pedem
415 1673 551 1738 anguem
571 1650 690 1714 visum:
716 1585 902 1736 erugapuae
922 1649 1023 1714 multa
1041 1649 1076 1712 in
1094 1649 1163 1714 foro
1183 1647 1327 1714 aedificia

279 1737 319 1801 de
342 1736 432 1801 coelo
455 1750 553 1801 tacta:
578 1749 611 1800 et
633 1736 775 1801 Puteolis
791 1735 871 1800 duas
888 1758 984 1801 naves
1003 1735 1143 1800 lirlminis
1162 1735 1228 1800 ictu
1250 1757 1327 1800 con·

279 1837 434 1888 crematas
448 1845 524 1886 esse.
569 1821 660 1887 Inter
673 1822 763 1899 haec,
775 1845 857 1909 quae
871 1822 1109 1900 nuntiabantur,
1121 1821 1216 1909 lupus
1229 1822 1326 1886 etiam

281 1909 403 1974 Romae
419 1907 560 1974 interdiu
575 1909 719 1996 agitatus,
736 1931 836 1996 quum
853 1908 981 1975 Collina
1035 1924 1085 1974 rta
1098 1910 1254 1985 intrasset,
1268 1931 1327 1996 per

281 1995 481 2082 Esquilinam
500 2017 615 2082 magno
630 1996 881 2061 consectantium
900 1933 1040 2061 tumuliii
1053 1997 1159 2061 evasit
1206 1995 1326 2060 Eorum

303 2082 495 2169 rodigiorum
511 2105 605 2147 causa
618 2081 763 2147 consules
783 2083 916 2147 maiores
933 2083 1051 2147 hostias
1063 2081 1278 2160 immolarunt,
1293 2095 1327 2147 et

279 2103 366 2234 diem
382 2191 482 2233 unum
497 2169 580 2234 circa
594 2170 701 2234 omnia
712 2168 892 2270 pulvinaria
905 2169 1092 2257 supplicatio
1106 2170 1175 2234 fuit.
1223 2169 1327 2234 Sacri·

280 2256 360 2322 liciis
379 2257 439 2321 rite
459 2256 615 2344 perfectis,
631 2256 810 2345 provincias
827 2257 930 2321 sortiti
948 2271 1040 2321 sunt:
1066 2255 1204 2322 Claudio
1224 2254 1325 2332 Istris,

123 2351 177 2429 ξομ
186 2354 217 2402 de
225 2353 272 2404 Ia-
283 2341 471 2432 Sempronio
500 2343 645 2410 Sardinia
669 2343 808 2410 obvenit
853 2343 976 2432 Legem
1001 2343 1078 2409 dein
1103 2344 1144 2409 de
1169 2343 1262 2410 sociis
1285 2341 1324 2409 C.

103 2422 186 2467 Μ*
283 2430 438 2496 Claudius
458 2430 531 2495 tulit
551 2453 591 2495 ex
611 2430 892 2509 senatusconsulto,
907 2446 941 2496 et
959 2430 1080 2495 edixit:
1106 2430 1180 2517 ‘qui
1198 2431 1276 2496 socii
1290 2453 1326 2503 ac

282 2518 438 2583 ‘nominis
468 2516 587 2594 Latini,
611 2518 671 2605 ipsi
697 2517 870 2583 maioresve
899 2540 1019 2596 eorum,
1034 2516 1094 2588 Μ.
1113 2517 1260 2596 Claudio,
1286 2516 1324 2583 Τ.

281 2602 459 2679 ‘Quinctio
488 2604 679 2681 censoribus,
704 2618 839 2692 postque
869 2626 916 2682 ea,
946 2604 1031 2691 apud
1060 2604 1160 2671 socios
1189 2604 1326 2671 nominis

282 2690 413 2755 ‘Latini
432 2692 519 2755 censi
538 2702 652 2767 essent,
669 2704 705 2754 ut
724 2713 835 2756 omnes
854 2692 889 2754 in
902 2713 992 2755 suam
1034 2692 1146 2779 uisque
1166 2692 1327 2757 civitatem

282 2786 377 2843 ‘ante
401 2776 564 2841 Kalendas
587 2776 785 2842 Novembres
809 2777 969 2842 redirent‘
1048 2779 1178 2856 uaestio,
1201 2779 1257 2865 qui
1283 2779 1328 2843 ita

233 2890 236 2897 ’
281 2886 347 2928 non
362 2863 527 2941 redissent,
544 2863 582 2929 L.
595 2861 755 2927 Mummio
766 2864 904 2951 praetori
914 2864 1042 2929 decreta
1056 2880 1112 2929 est
1158 2865 1213 2930 Ad
1223 2865 1327 2952 legem

282 2963 316 3015 et
337 2949 478 3014 edictum
498 2949 634 3015 consulis
656 2949 963 3015 senatusconsultum
983 2950 1143 3016 adiectum
1162 2965 1227 3016 ests
1260 2961 1327 3028 ‘ut

283 3035 450 3115 ‘dictator‚
466 3035 587 3115 consul,
603 3036 755 3115 interrex,
774 3058 893 3115 censor,
909 3051 1045 3125 praetor,
1083 3039 1117 3102 ui
1137 3052 1214 3103 tunc
1235 3050 1327 3115 esset,

284 3122 388 3224 ‘apud
402 3146 511 3188 eorum
531 3146 627 3224 quem
645 3124 702 3210 qui
717 3125 1002 3201 manumitteretur,
1017 3061 1244 3189 inlibertatem
1258 3125 1352 3191 vin-9

283 3210 469 3287 ‘dicaretun
488 3226 524 3273 ut
545 3209 764 3275 ursiurandum
786 3211 886 3289 daret,
905 3212 962 3297 qui
983 3234 1057 3276 eum
1080 3212 1328 3291 manumitteret,

315 3406 538 3467 5OEar'ruesasat]
555 3406 790 3456 Hocadiectumest
821 3412 919 3469 praeter
929 3408 967 3457 Μ.
975 3407 1096 3456 Titinium
1124 3409 1330 3468 raetoremurbis,

282 3484 313 3517 ex
330 3476 412 3518 mente
428 3470 529 3533 sigonii,
540 3477 568 3518 nt
582 3472 722 3533 expleretur
736 3487 803 3520 sen.
821 3472 897 3521 etiam
923 3471 1028 3521 alterum
1056 3473 1094 3522 Μ.
1137 3472 1233 3521 'tinium
1260 3488 1329 3535 prae·

281 3548 337 3583 sus:
356 3534 401 3583 nisi
419 3536 494 3597 quod,
508 3550 585 3597 quum
601 3535 644 3585 ille
660 3536 732 3584 scribi
749 3552 789 3585 vo
821 3543 908 3598 torem,
919 3536 959 3585 cui
971 3535 1120 3599 Hispaniam
1135 3536 1272 3586 citeriorem
1287 3539 1329 3585 ob-

281 3598 363 3657 luerit,
372 3601 433 3647 ciuis
443 3614 493 3647 non
503 3608 571 3658 erret,
579 3600 711 3649 maluimus
719 3600 789 3663 sequi
820 3601 902 3664 tigisse
912 3606 1016 3663 apparet
1027 3600 1082 3650 infr.
1095 3599 1134 3650 26.
1151 3600 1232 3650 Casu,

282 3662 438 3721 Douiatium,
446 3662 488 3725 qui
500 3664 611 3712 observat
621 3664 752 3712 formulam
763 3665 789 3713 iu
852 3666 868 3713 8
884 3667 995 3714 Puerum
1004 3666 1215 3728 natamus]
1228 3664 1330 3714 Brachi·

282 3726 599 3801 sancn'onibnshuiusmodi
612 3742 666 3777 rece
684 3734 789 3777 tamea-
820 3728 1165 3804 imecsrentqm,ancapite?
1193 3730 1330 3779 Vexenim

282 3796 787 3917 ¹giireSlioriblisucndieqbirmadriiilibaarmirillet]
821 3794 1223 3922 hbnzxdblidduinmngivbui
1242 3874 1329 3907 mauu

283 3917 415 3975 Quaenam
428 3918 671 3969 illadubitatioest?
687 3926 731 3969 aut
746 3936 790 3970 cur
820 3923 969 3983 uerteretur]
1002 3923 1047 3982 Ut,
1066 3922 1109 3984 qui
1130 3922 1199 3985 apud
1220 3922 1330 3985 aliquem

282 3982 360 4032 nollet
371 3982 456 4031 consul
468 3983 703 4033 naresenavslibus
714 3983 790 4033 dedu·
821 4000 914 4045 eorum,
946 4000 979 4035 sc.
1007 3986 1164 4046 dictatorum,
1190 3988 1329 4047 consulum,

283 4051 356 4095 cere?
384 4046 524 4123 qronorius
545 4046 613 4109 legit,
633 4064 695 4112 quor
715 4050 789 4098 dada·
821 4050 956 4099 aliorumve
977 4050 1172 4113 magistratuum,
1188 4051 1330 4111 [manumit-

282 4117 347 4159 ceret
372 4127 404 4160 ec
430 4113 519 4175 quibua
546 4114 679 4161 'sardibus
711 4114 790 4163 aslkt.
822 4119 939 4175 terantur,
960 4114 1011 4164 illis
1032 4115 1187 4178 magistratus
1210 4115 1330 4165 iusiuran-

284 4174 367 4223 Cuuv.
508 4236 509 4244 ἵ
823 4178 882 4227 dum
899 4179 977 4238 daret,
987 4193 1037 4241 quo
1054 4179 1162 4229 iurarent
1179 4195 1206 4229 se
1223 4179 1330 4229 civitatis

316 4240 556 4297 rMurm...tn
577 4243 615 4290 Η·
679 4242 790 4290 iam...
823 4244 956 4293 mutandae
982 4258 1056 4293 causa
1087 4258 1137 4292 non
1168 4245 1330 4294 manumissos

283 4302 317 4349 ud
336 4304 374 4351 M.
387 4304 516 4367 Titinium]
542 4304 582 4353 Ex
602 4306 648 4354 hoc
676 4320 720 4353 oco
742 4306 792 4353 col·
823 4321 882 4357 esse.

286 4364 345 4425 legit
364 4367 465 4429 Pighius
486 4369 558 4417 uriae
577 4370 699 4432 superlore
718 4384 792 4429 anno,

1464 242 1466 303 l

148 463 154 477 ·
193 441 246 488 ·¹7
263 451 400 503 senatu.
865 491 869 498 .
1237 493 1241 502 ,

201 579 209 595 .
323 523 509 589 Provinciae
532 522 658 601 deinde,
680 523 815 610 quaein
834 522 919 589 bello
940 534 1040 599 erant,
1063 520 1210 586 Sardinia
1229 533 1328 606 atque
