2934 4800
357 258 451 325 LIB.
475 257 601 326 XLIV.
635 256 747 324 cAP.
771 263 823 322 22.
1055 265 1115 326 143

31 401 190 458 ‘merum
212 394 430 460 tribunorum
450 394 596 460 consules
615 407 649 459 et
669 394 807 495 populus
828 407 991 460 crearent:
1016 397 1115 462 creari
1126 411 1160 462 U.
1172 411 1202 463 c,
1218 414 1273 474 584.

29 487 169 544 ‘autem
185 482 372 546 neminem
385 505 426 547 eo
440 504 526 546 anno
539 481 673 568 placere,
687 481 748 545 rusi
763 481 819 568 qui
834 481 987 547 honorem
1002 484 1115 571 gessis-
1124 477 1155 526 A.
1172 478 1202 527 ⁰·
1220 477 1273 528 ¹⁶⁸³

31 575 112 630 ‘set
164 566 264 632 Tum
287 591 338 634 ex
356 568 504 633 omnibus
523 568 658 632 tribunis
677 567 816 632 militum
836 569 883 632 uti
904 568 943 633 L.
956 569 1114 634 Aemilius
1123 540 1268 668 {lfi‘affig

31 653 88 716 ‘in
103 653 193 717 duas
208 653 223 718 l
271 654 371 720 iones
385 655 420 718 in
435 652 670 730 Macedoniam,
685 676 767 740 quos
781 676 891 718 eorum
905 653 991 733 velit,
1007 655 1113 743 eligat,
1123 674 1185 718 uta

32 747 88 802 ‘et
115 752 166 816 ut,
193 677 352 806 soliemfi
372 739 558 805 Latinarum
584 739 735 828 perfecto,
761 739 799 804 L.
811 741 970 806 Aemilius
993 742 1113 822 consul,

33 825 121 890 ‘Cn
141 825 321 892 Octavius
358 838 471 903 taeter,
487 827 540 891 cui
557 826 664 891 classis
681 827 853 912 obtigisset,
870 827 904 891 in
918 829 1113 928 provinciam

33 912 334 998 ‘proficiscantun
373 912 516 977 Additus
529 926 578 977 est
590 912 640 977 his
655 913 766 978 tertius
782 913 819 978 1.
831 913 968 979 Anicius
979 929 1113 1002 praetor,

33 999 129 1064 cuius
143 999 241 1064 inter
252 1022 305 1100 pe
382 1000 390 1013 ”
415 1021 451 1064 os
461 999 637 1064 iurisdictio
647 1013 723 1064 erat.
770 999 854 1064 Eum
870 1000 904 1064 in
918 1001 1114 1088 provinciam

34 1083 211 1172 illyricum
228 1108 328 1151 cirea
394 1084 549 1150 ehuidum
565 1085 628 1172 Ap.
643 1085 783 1150 Claudio
800 1086 968 1152 succedere
982 1087 1111 1175 placuit.

36 1171 204 1237 Deiectus
240 1195 330 1238 cura
391 1171 545 1236 .Lieinio
577 1170 698 1236 consuli
728 1172 884 1259 imposita.
930 1172 962 1237 Is
990 1187 1113 1274 septem

37 1259 142 1324 millia
172 1259 309 1324 civium
337 1258 555 1324 Romanorum
582 1271 615 1322 et
643 1258 767 1344 equites
793 1257 948 1324 ducentos
976 1261 1112 1326 scnbere

38 1345 167 1422 iussus3
192 1359 232 1411 et
247 1345 352 1412 sociis
365 1344 505 1410 nominis
519 1343 628 1409 Latini
642 1359 765 1431 septem
783 1343 881 1409 millia
894 1345 1039 1444 peditum
1054 1347 1114 1410 im-

21 1445 167 1518 tperare,
196 1432 463 1520 quadringentos
491 1431 635 1517 equites3
669 1443 703 1495 et
733 1429 796 1494 Cn.
815 1428 948 1496 Serv11i0
975 1431 1113 1496 Galliam

41 1519 211 1584 obtinenti
235 1517 442 1606 provinciam
465 1516 572 1581 literas
595 1517 732 1593 mittere,
748 1528 786 1579 ut
805 1531 971 1582 sexcentos
990 1519 1114 1604 equites

43 1605 284 1672 conscriberet.
333 1603 432 1669 Hunc
447 1603 623 1668 exercitum
637 1601 681 1666 ad
698 1600 851 1688 collegam
866 1603 970 1689 primo
984 1627 1113 1692 quoque

44 1703 194 1778 tempore
216 1692 357 1758 mittere
376 1691 411 1754 iu
426 1688 651 1754 Macedoniam
671 1687 792 1753 insensa
816 1710 922 1776 neque
940 1689 973 1754 in
989 1713 1028 1754 ea
1040 1713 1114 1777 pro·

46 1777 154 1843 vincis
173 1777 255 1866 plus
277 1798 377 1864 quam
396 1776 476 1841 duas
494 1775 636 1862 legiones
655 1797 744 1852 θῶες
768 1797 821 1840 eas
840 1775 964 1862 repleri,
981 1789 1017 1840 ut
1036 1799 1114 1842 sena

47 1862 150 1929 millia
162 1864 335 1952 peditum,
350 1877 496 1929 trecenos
514 1861 668 1927 baberent
685 1861 829 1948 equites:
853 1874 974 1927 ceteros
988 1863 1113 1950 equites

50 1949 127 2036 pedi
200 1974 248 2016 ue
280 1951 318 2016 in
346 1949 510 2038 praesidiis
538 1947 684 2049 disponi:
719 1947 776 2036 qui
802 1971 912 2014 eorum
937 1949 1045 2014 idonei
1071 1949 1113 2014 ad

51 2035 178 2101 militen
203 2060 265 2102 arn
292 2059 359 2102 non
382 2048 498 2113 essent,
518 2034 645 2100 dimitti.
691 2033 814 2100 Decem
834 2049 997 2122 praeterea
1015 2035 1114 2100 millia

52 2122 200 2207 pediturn
216 2124 380 2212 imperata
391 2123 541 2199 sociiset
554 2121 639 2187 octin
680 2122 729 2186 nti
744 2120 876 2208 equites.
911 2121 949 2186 ld
965 2122 1113 2209 praesidii

33 2208 203 2276 sadditum
235 2209 366 2286 Anicio,
391 2221 518 2296 praeter
542 2208 622 2272 duaa
640 2144 680 2271 ie
700 2208 797 2285 'ones,
824 2231 903 2294 quas
927 2221 1052 2296 portare
1078 2209 1112 2274 in

57 2291 294 2362 Macedoniam
312 2307 361 2360 est
378 2295 491 2372 iussus,
509 2295 608 2381 quina
630 2295 675 2358 mi
701 2295 708 2308 '
753 2293 898 2381 peditum
920 2309 954 2359 et
972 2295 1113 2361 ducenos

58 2379 223 2463 habentes,
249 2396 395 2449 trecenos
416 2381 559 2469 equitesz
583 2392 617 2446 et
640 2380 674 2446 in
693 2381 825 2446 classem
847 2382 990 2470 quinque
1015 2382 1114 2447 millia

58 2471 221 2537 navalium
251 2470 376 2535 socium
404 2483 480 2533 suut
507 2467 631 2555 scripte.
677 2467 823 2532 Licinius
852 2469 962 2534 consul
991 2468 1114 2532 duabus

62 2550 242 2640 legionibus
256 2556 401 2622 obtinere
415 2553 611 2643 provinciam
624 2554 747 2619 iussus:
771 2576 811 2618 eo
826 2554 943 2618 addere
958 2554 1114 2619 sociorum

62 2638 173 2708 decem
187 2643 293 2709 millia
306 2642 461 2731 peditum,
476 2653 511 2705 et
523 2653 691 2705 sexcentos
705 2663 723 2704 e
748 2640 838 2704 uites

107 2727 399 2797 Senatusconsultis
412 2727 570 2815 perfectis,
585 2726 624 2791 L.
636 2664 796 2791 Aemilius
814 2725 924 2791 consul
939 2748 957 2791 e
972 2726 1060 2791 curia
1079 2726 1113 2790 in
1171 2730 1222 2792 22.

44 2816 253 2883 scorcionem
276 2815 435 2902 processit,
459 2813 699 2899 orationemque
725 2812 821 2878 talem
847 2812 977 2877 babuit:
1012 2814 1264 2889 ίΑιιὶ-Μθῐῑιῑῌῑ

67 2902 292 2971 ‘madvertisse
305 2901 426 2978 videor,
440 2900 593 2977 Quirites,
608 2900 761 2964 maiorem
776 2898 864 2978 mihi,
877 2900 987 2965 sortito
1003 2880 1178 2965 Mace-⁰⁰*
1188 2885 1273 2929 ΜΟ·

69 2985 216 3056 ‘doniam
243 2988 448 3078 provinciam,
474 2985 717 3073 gratulationem
741 2985 865 3064 factam,
892 3008 988 3074 quam
1012 3010 1112 3073 quum

69 3077 142 3138 ‘aut
162 3076 277 3141 consul
299 3096 400 3139 essem
422 3072 646 3150 consalutatus,
664 3086 719 3137 aut
738 3096 803 3161 quo
823 3072 876 3137 die
896 3074 1113 3161 magistratum

72 3156 237 3228 ‘inissemz
260 3182 366 3248 neque
387 3159 422 3223 id
441 3160 483 3225 ob
503 3158 597 3224 aliam
617 3180 753 3237 eausam,
769 3182 863 3246 quam
883 3160 959 3247 quia
976 3159 1059 3225 bello
1079 3160 1113 3224 in

72 3242 292 3325 ‘Macedonia
307 3246 396 3333 quod
409 3244 466 3310 diu
480 3244 625 3323 trahitur,
636 3246 838 3311 existimastis
852 3246 986 3333 dignum
1001 3246 1114 3309 maies-

76 3336 154 3397 ‘tate
166 3334 279 3425 populi
294 3332 433 3399 Romani
447 3332 571 3397 exitum
590 3354 648 3419 per
665 3354 717 3397 me
738 3333 860 3420 imponi
879 3354 979 3419 posse.
1026 3330 1114 3396 Deos

78 3594 159 3657 ‘aare
176 3616 314 3683 possum
359 3590 445 3656 Illud
458 3553 617 3655 ‘affirmare
638 3614 696 3678 pro
715 3528 803 3654 certii
819 3523 1114 3675 habidaudeoqitb,

79 3680 144 3741 ‘tue
157 3682 243 3747 omni
258 3702 319 3768 ope
333 3678 519 3744 arruisurum
534 3700 612 3754 esse,
623 3698 665 3740 ne
679 3675 795 3740 frustra
805 3698 860 3740 vos
874 3674 958 3739 hano
972 3696 1061 3761 spem
1073 3674 1114 3739 de

81 3884 190 3940 “stim
201 3893 306 3941 urbanas
319 3888 402 3951 fuisse,
416 3890 574 3951 quemadmo-
640 3903 656 3947 4
672 3888 741 3946 Qum
759 3892 860 3949 portare
881 3888 909 3933 ln
929 3886 1114 3946 Macedoniam]

82 3946 133 3998 ‘lum
152 3969 214 4019 supr.
236 3955 322 4004 xxxiii.
346 3965 384 4015 25.
412 3955 515 4002 duarum
540 3954 575 4001 lo·
608 3952 665 4000 huo
679 3954 708 3999 tu
722 3952 857 4011 Illyricam.
891 3950 963 3999 Haec
978 3950 1044 3998 euim
1057 3949 1116 3997 Ani-

81 4010 235 4086 ttlenumosus
244 4018 482 4077 uonindicatur,sed
491 4022 576 4079 postea
608 4014 647 4062 cio
659 4013 786 4076 provincia
796 4014 922 4075 obtigerat

83 4074 135 4147 uu
144 4081 180 4141 ³⁶.
195 4100 237 4134 ω
250 4085 283 4133 sa
297 4084 384 4132 urbem
394 4082 511 4131 manum
526 4081 575 4129 001-
641 4079 856 4141 ,tumme
866 4080 939 4127 eum
949 4076 1049 4150 raus]
1069 4076 1117 4124 1²0-

85 4136 163 4200 trgitm,
609 4142 705 4207 lybiurn
721 4142 768 4190 boc
785 4143 839 4191 loco
856 4141 975 4203 expilavit
988 4140 1081 4197 Iuvius,
1096 4140 1116 4187 si

85 4209 181 4315 upon.
193 4213 309 4271 Seruilio]
335 4209 427 4285 Prioris
443 4208 501 4285 puni
519 4224 576 4257 eou-
608 4205 745 4257 aurium
756 4205 870 4263 audieris,
880 4205 1116 4279 animadvertentem

86 4276 576 4401 mm...
608 4270 1044 4395 ’2.

86 4394 203 4454 obtinebat.
219 4405 301 4454 cast.
609 4398 713 4447 btudam
724 4410 801 4458 magra
812 4395 914 4458 placurt.
