2934 4800
341 231 383 293 52
728 226 841 293 ΤΙΤΙ
869 225 1005 293 LIVII

190 382 267 433 Ito.
282 363 505 445 580.celeritate
534 377 666 451 poterat,
696 387 854 452 regressus
882 365 916 429 in
945 363 1181 442 Macedoniarn,
1209 365 1390 430 nuntiasset

191 449 222 498 Α·
238 449 269 499 ⁰·
286 457 339 508 ¹⁷²·
347 450 424 537 regi,
438 451 581 516 nondum
619 450 727 516 uidem
746 465 892 538 parantes
904 450 1025 516 bellum
1039 449 1202 538 reliquisse
1216 474 1250 516 se
1267 451 1390 516 Roma-

347 559 415 615 nos,
430 536 487 602 sed
505 535 551 604 its
569 475 708 616 inlestos,
723 552 761 602 ut
776 537 867 603 facile
887 550 1062 625 appmeret,
1076 559 1143 602 non
1157 539 1334 614 dilaturos3
1357 552 1391 602 et

347 624 424 711 ipse,
442 637 662 712 praeterquam
677 625 765 711 quod
778 639 812 690 et
825 624 871 689 ita
883 624 1033 690 credebat
1044 624 1196 702 liittrrum,
1211 625 1276 690 iam
1290 626 1391 689 etiam

192 723 223 771 1n
236 724 326 775 hume
347 709 481 788 volebat,
494 711 527 774 in
542 711 619 776 llore
634 712 748 776 virium
762 735 796 776 se
810 710 943 776 credens
958 733 1035 776 esse.
1075 711 1213 776 Eumeni
1228 725 1304 778 ante
1320 735 1410 776 σαι-ι

193 802 248 836 ”⁶¹¹¹
260 805 312 852 9⁰*
348 819 405 861 nes
419 797 549 863 infestus
564 811 649 863 erat:
673 798 797 863 aeuius
810 798 964 884 sunguine
985 797 1112 863 ordiens
1132 798 1260 875 bellum,
1278 798 1391 862 Euan·

192 865 335 968 ffiffiiff
348 884 440 948 drum
461 885 656 962 Cretensem,
676 883 792 949 ducem
811 885 1011 962 auxiliorum,
1031 899 1065 948 et
1088 885 1285 950 Macedonas
1312 899 1389 960 tres,

190 994 253 1032 reus
348 984 486 1035 assumus
500 971 680 1036 ministeriis
695 971 805 1036 talium
819 971 1004 1048 facinorum,
1015 971 1057 1036 ad
1071 971 1201 1036 caedem
1215 974 1298 1059 regis
1311 974 1392 1036 sub-

347 1070 454 1122 ornat:
486 1056 653 1145 literasqne
679 1057 717 1122 iis
743 1058 798 1122 dat
823 1057 864 1122 ad
888 1057 993 1122 Praxo
1017 1057 1184 1145 hospitam,
1209 1059 1392 1146 principem

346 1144 532 1210 auctoritate
546 1157 579 1208 et
593 1145 706 1232 opibus
721 1144 786 1208 Del
808 1144 931 1209 horum.
977 1142 1060 1209 Satis
1080 1146 1251 1222 constabat,
1268 1144 1392 1208 Eume·

346 1253 432 1310 nem,
447 1245 483 1296 ut
500 1231 686 1296 sacrificaret
702 1167 855 1318 Apollini,
872 1230 1016 1317 Delphos
1034 1253 1245 1296 escensuntm.
1289 1231 1393 1296 Prae·

346 1318 443 1418 gressi
458 1341 531 1383 cum
544 1317 695 1382 Euandro
706 1317 914 1394 insidiatores,
923 1317 1003 1381 nihil
1014 1317 1101 1382 aliud
1115 1319 1156 1382 ad
1169 1318 1414 1406 peragendums

304 1465 308 1472 .
347 1418 520 1492 inceptum,
536 1426 631 1491 quarn
654 1403 716 1468 loci
730 1405 1008 1504 opportunitatem,
1023 1405 1131 1469 omnia
1143 1405 1391 1481 circumeuntes,

347 1493 549 1578 quaerebant
595 1490 850 1556 Escendentrbus
871 1490 912 1555 ad
934 1490 1088 1576 templum
1108 1513 1129 1556 a
1146 1491 1270 1569 Cirrha,
1285 1492 1393 1579 prius-

348 1601 442 1664 quam
466 1578 685 1664 perveniretur
709 1577 751 1641 ad
775 1577 954 1664 frequentia
976 1577 1127 1642 aedificiis
1150 1578 1230 1663 loca,
1252 1579 1392 1642 maceria
1450 1594 1451 1599 ’

347 1676 415 1729 erat
429 1664 468 1728 ab
482 1664 571 1728 laeva
584 1664 714 1728 semitae
729 1664 872 1750 paullum
886 1664 1038 1728 exstantis
1058 1687 1077 1727 a
1089 1664 1308 1741 fundamento,
1323 1688 1411 1751 qnae
1451 1714 1453 1735 t

347 1749 463 1836 singuli
486 1750 672 1826 transirent3
695 1749 809 1814 dextra
919 1749 990 1814 labe
1011 1764 1111 1815 terrae
1133 1751 1168 1814 in
1189 1751 1391 1837 aliquantum
1451 1744 1452 1785 l

344 1834 524 1900 altitudinis
549 1835 683 1923 derupta
707 1849 783 1900 erat
861 1849 911 1900 ost
935 1837 1102 1902 maceriam
1125 1859 1159 1902 se
1185 1838 1411 1913 abdiderunts

342 1921 496 2010 'gradibus
519 1922 672 2000 manetis,
695 1935 732 1986 ut
754 1943 863 1999 exea,
883 1923 972 1987 velut
996 1945 1014 1987 e
1037 1945 1138 2001 muro,
1158 1924 1222 1989 tela
1240 1925 1276 1989 in
1297 1947 1392 2013 prae·
1451 1950 1452 1963 ¹

349 2021 526 2074 tereuntem
550 2009 754 2074 coniicerent.
799 2007 908 2073 Primo
932 2033 952 2073 a
973 2010 1063 2091 mari,
1084 2011 1273 2076 circumflua
1295 2013 1411 2076 turba6

347 2095 520 2161 amicorum
542 2119 578 2160 ae
600 2095 781 2174 satellitum,
798 2095 1008 2183 procedebat:
1033 2096 1150 2162 deinde
1173 2099 1392 2162 extenuabant

347 2181 520 2269 paullatim·
534 2183 696 2270 angustiae
790 2205 842 2271 eu.
888 2181 954 2247 Ubi
976 2182 1017 2247 sd
1038 2205 1111 2248 enm
1134 2183 1238 2248 locum
1254 2199 1391 2249 vennam
1452 2248 1453 2251 ,

347 2281 405 2347 est,
424 2291 488 2356 qua
508 2268 639 2356 singulis
660 2291 701 2333 eu
748 2291 803 2333 um
824 2283 901 2346 erat,
924 2269 1043 2356 primus
1064 2271 1208 2336 semitam
1229 2271 1392 2358 ingreoens

348 2354 523 2422 Pantaleon
535 2354 681 2422 Aetoliae
696 2355 852 2444 princeps,
864 2377 938 2421 cnm
949 2378 1015 2444 quo
1028 2357 1189 2423 institutus
1203 2359 1271 2445 regi
1285 2381 1391 2424 sermo

347 2444 432 2509 erat'
456 2443 541 2508 Tum
556 2442 753 2509 insidiatores
764 2443 866 2507 exorti
880 2465 957 2507 saxa
969 2443 1035 2508 duo
1045 2444 1188 2531 ingentia
1196 2444 1388 2510 devolvunt:

348 2552 482 2617 quorum
497 2529 596 2595 altero
609 2542 707 2617 caput
720 2530 820 2594 ictum
839 2543 887 2594 est
965 2530 986 2607 i,
1000 2530 1099 2595 altero
1112 2532 1281 2609 humerus3
1304 2533 1412 2619 supi-7

350 2632 463 2704 tusque
478 2640 518 2681 ex
533 2616 645 2681 semita
665 2616 797 2704 proclivi
811 2617 876 2681 ruit
889 2617 923 2679 in
961 2616 1069 2693 eclive,
1085 2618 1193 2683 multis
1206 2640 1303 2705 super
1316 2642 1392 2706 pro-

348 2702 470 2789 lapsum
492 2703 555 2767 iam
574 2704 656 2768 saxis
674 2704 840 2789 congestis.
886 2702 930 2767 Et
943 2704 1040 2767 ceteri
1054 2703 1185 2790 quidem
1199 2706 1295 2769 etiam
1311 2707 1392 2769 ami·

349 2812 457 2854 corum
472 2802 506 2854 et
519 2789 698 2866 satellitum,
710 2803 878 2877 postquam
892 2789 1058 2854 cadentem
1070 2790 1187 2869 videre,
1197 2790 1389 2879 diffugiunt:

349 2875 524 2941 Pantaleon
546 2888 726 2940 constanter
750 2876 793 2939 im
835 2874 928 2941 vidus
950 2877 1066 2941 mansit
1090 2877 1133 2942 ad
1156 2879 1389 2979 protegendum

282 3016 290 3032 .
348 2984 464 3050 regem.
510 2962 674 3038 Latrones,
686 2984 786 3047 quum
822 2962 889 3027 revi
902 2963 1036 3027 circuitu
1051 2986 1206 3029 mesenae
1220 2964 1391 3030 decurrere

349 3048 390 3113 ad
413 3047 646 3114 conficiendum
671 3048 812 3113 saucium
841 3062 979 3135 possent,
1001 3049 1090 3114 velut
1116 3050 1257 3137 perfecta
1285 3073 1332 3129 re,
1355 3053 1392 3116 in

348 3136 459 3222 iugum
481 3134 611 3199 Parnasi
632 3134 817 3235 refirgenrnt
839 3149 878 3199 eo
903 3158 1006 3212 eursu,
1029 3151 1076 3213 ut,
1097 3159 1196 3224 quum
1218 3160 1302 3203 uuus
1323 3162 1391 3203 non

348 3221 439 3287 facile
453 3220 617 3308 sequendo
631 3242 688 3308 per
702 3222 789 3285 invia
802 3234 898 3321 atque
912 3221 1011 3286 ardua
1025 3237 1200 3288 morarenrr
1213 3224 1320 3311 fugam
1337 3249 1393 3290 eo·

348 3331 429 3387 rum,
440 3331 481 3373 ne
496 3330 538 3373 ex
552 3328 739 3395 comprenso
752 3307 907 3372 indicium
921 3315 1092 3388 emanaret,
1104 3310 1279 3376 occiderint
1292 3313 1414 3377 comi-s

380 3568 394 3601 a
410 3555 512 3615 Iustum
522 3552 625 3611 uitium]
651 3549 792 3607 meusad
802 3550 853 3598 bel·
885 3550 949 3598 hane
964 3550 1043 3613 ipsam
1059 3566 1111 3599 rem
1127 3566 1225 3600 sensas
1240 3551 1267 3599 in
1282 3552 1348 3601 libro
1362 3555 1394 3601 de

348 3618 399 3664 lum
416 3624 500 3665 contra
511 3616 637 3665 Romnum
652 3614 785 3677 gerendum
800 3620 853 3662 ute·
885 3613 1003 3662 Fnttemo
1014 3616 1113 3673 Amore,
1126 3615 1208 3663 scribit
1223 3616 1324 3664 iusidias
1342 3617 1393 3665 Eu-

347 3686 420 3729 mtur,
884 3678 949 3726 meni
967 3678 1058 3740 positas
1067 3694 1143 3740 quum
1159 3678 1205 3727 iret
1219 3678 1276 3743 πρὸς
1285 3680 1329 3727 τὸν
1341 3680 1394 3728 θεὸν

380 3740 581 3805 3Imids'atures]
595 3742 699 3793 Insidias
710 3742 755 3791 has
764 3742 791 3790 in
802 3742 852 3789 Eu·
884 3740 931 3789 &tl
946 3740 1076 3800 θαλάσσης.
1110 3744 1210 3792 Frustra
1224 3760 1281 3806 ergo
1295 3744 1393 3793 Grono-

348 3822 445 3857 menem
462 3823 542 3869 regem
559 3812 663 3857 structas
678 3812 853 3855 commemomt
887 3806 938 3854 vius
964 3807 1030 3855 hunc
1054 3806 1119 3855 Livii
1140 3809 1224 3855 locum
1249 3816 1392 3871 asspectum

349 3872 437 3934 Polyb.
447 3870 473 3919 iu
486 3870 601 3933 Excerpt.
614 3872 728 3926 vatican.
739 3869 799 3918 xxii.
813 3884 833 3918 r.
884 3869 967 3929 habet,
994 3877 1124 3931 censetque
1150 3872 1281 3933 legendum
1310 3877 1393 3935 primo

374 3936 653 3997 4Pau11umcestamr's]
665 3934 793 3983 Bekkenu
800 3933 852 3982 alii-
885 3936 988 3996 aquine.
1022 3936 1093 3983 Nihil
1104 3937 1257 3985 mutandum.
1274 3938 1357 3987 Cass.

347 4016 395 4062 qus
405 4007 503 4049 uetans
513 4014 557 4061 pro
568 4000 685 4047 astutule
696 3999 842 4059 praeferunt.
919 4010 932 4059 7
948 4000 1090 4057 Humerum
1106 4002 1245 4063 sopitusque
1261 4018 1291 4050 ss
1304 4005 1393 4051 emita

380 4076 393 4125 5
411 4067 524 4126 Dempta
534 4064 600 4123 erut]
629 4062 670 4110 Its
681 4062 798 4112 Dukerru
809 4076 853 4124 pro
882 4064 986 4123 procliui
1002 4066 1055 4111 nsit
1069 4066 1098 4112 ἐπ
1113 4066 1215 4124 declive]
1242 4064 1318 4113 Hanc
1328 4067 1393 4127 opti-

346 4130 430 4176 dirutu
441 4134 502 4176 erut
568 4139 569 4142 ’
884 4140 954 4173 mum
967 4127 1098 4175 lectionem
1115 4128 1221 4176 Beklrer.
1237 4144 1335 4190 quoque
1357 4146 1394 4178 re-

277 4232 284 4253 „
379 4190 395 4239 6
411 4194 495 4239 Primo
505 4208 521 4239 u
531 4192 607 4250 muri]
626 4188 708 4237 Primo
722 4191 781 4237 dum
800 4204 853 4251 pro·
886 4187 960 4251 oepit,
969 4204 1013 4251 pro
1022 4192 1086 4252 vulg.
1097 4193 1213 4241 hunnus
1221 4195 1324 4255 sopitae
1349 4197 1393 4243 Ex

347 4256 468 4303 cedebant
477 4270 493 4302 a
502 4254 645 4315 mari,quod
653 4252 766 4302 Cirrham
773 4252 853 4311 alluit,
885 4255 970 4301 santa
978 4256 1082 4316 proclivi
1092 4258 1121 4303 in
1130 4258 1221 4306 dcclix
1231 4292 1239 4305 .
1249 4293 1257 4305 .
1268 4293 1276 4306 .

347 4318 468 4367 mensuri
496 4317 615 4379 Delphos.
656 4316 744 4366 Cirrha
770 4322 855 4378 portus
917 4318 933 4363 8
948 4319 990 4367 Nc
1002 4334 1034 4367 ex
1047 4321 1198 4380 comm]
1227 4320 1394 4382 Neexeqsi

347 4382 503 4444 Delphorum
520 4388 564 4430 est
597 4380 688 4429 Itidem
706 4380 854 4429 Plutarchus
886 4364 1139 4443 elmprehendentur.
