2934 4800
357 195 401 255 80
738 186 851 253 ΤΙΤΙ
881 186 1017 252 LIVII

200 339 235 388 U.
247 339 277 388 c,
294 338 348 401 581.
356 327 527 414 praecipue
556 339 663 391 tumen
691 326 849 391 convertit
877 325 985 391 oculos
1010 325 1206 412 animmque,
1234 347 1350 412 quum
1379 325 1418 388 ad

199 405 231 478 i·
247 404 277 477 9·
296 415 324 477 ¹.⁷
328 417 348 452 ¹·
357 435 509 501 magnum
523 413 737 499 nobilemque,
753 424 809 477 aut
822 413 939 477 virtute
953 425 1009 477 aut
1023 412 1159 489 fortuna,
1173 412 1320 490 hostem,
1337 434 1418 476 eun·

199 473 333 579 iffi?
358 513 423 566 tem
445 499 607 564 consulem
629 513 873 586 prosequuntur.
920 498 1091 564 Contrahit
1114 499 1200 564 enirn
1223 521 1297 563 non
1318 499 1433 563 officiiz

199 595 274 644 num.
357 587 453 652 modo
467 608 551 664 cura,
563 585 620 650 sed
635 586 730 651 etiam
745 585 886 651 studium
901 585 1082 673 spectaculi,
1094 599 1131 649 ut
1143 585 1280 650 videant
1294 586 1415 650 ducem

357 696 460 750 suurn,
486 674 576 737 cuius
605 672 738 760 imperio
766 672 962 759 consilioque
991 695 1146 736 summam
1175 672 1433 759 rempublicam}

357 759 509 825 tuendam
538 760 757 846 permiserunt.
805 759 898 824 Subit
926 758 1043 824 deinde
1072 759 1223 845 cogitatio
1252 760 1416 825 animum.

358 847 414 934 qui
428 844 503 911 belli
518 869 618 920 casus,
634 869 730 932 quarn
747 847 884 910 incertus
897 846 1041 910 fortunae
1055 860 1200 922 eventus,
1211 846 1416 910 communis·

358 957 421 1021 que
440 932 529 997 Mars
547 931 623 997 belli
644 934 701 997 sit:
733 932 872 1009 adversa,
893 931 1042 1008 secunda,
1061 955 1208 1019 quaeque
1228 932 1369 997 inscitia
1385 949 1416 995 er

360 1020 537 1085 temeritate
567 1018 684 1084 ducum
714 1019 819 1084 clades
847 1041 942 1106 saepe
967 1018 1160 1094 acciderint3
1191 1041 1275 1105 quae
1300 1035 1416 1084 contra

357 1108 442 1172 bona
455 1106 626 1194 prudentia
639 1120 672 1171 et
686 1106 786 1170 virtus
799 1105 947 1171 attulerit
996 1105 1103 1181 Quem
1117 1107 1198 1170 scire
1212 1106 1414 1178 mortalium,

357 1195 459 1258 utrius
473 1193 599 1271 mentis,
614 1192 715 1257 utrius
729 1192 873 1257 fortunae
888 1192 1049 1258 consulem
1064 1193 1107 1258 ad
1121 1191 1241 1256 bellurn
1255 1194 1415 1256 mittant?

357 1279 648 1368 triumphantemne
666 1303 742 1344 mox
758 1301 831 1344 cum
847 1280 988 1344 exercitu
1007 1280 1126 1344 victore
1142 1278 1360 1344 scandentem
1370 1281 1413 1342 ¹iu

359 1365 555 1455 Capitolium
575 1366 616 1431 ad
634 1367 762 1432 eosdem
783 1366 870 1444 deos,
886 1388 905 1431 a
922 1367 1038 1453 quibus
1054 1365 1281 1453 proficiscatur,
1299 1366 1412 1440 vauri,

357 1477 399 1518 au
423 1453 565 1519 hostibus
590 1477 659 1518 eam
686 1453 860 1542 praebituri
884 1452 1038 1517 laetitiam
1061 1453 1147 1516 sint?
1184 1451 1274 1516 Persi
1299 1466 1412 1516 autern

357 1541 435 1628 regi,
451 1540 599 1606 adversus
642 1563 715 1605 uem
733 1541 847 1617 ibatur,
862 1540 978 1604 lamam
997 1552 1031 1603 et
1048 1539 1133 1604 bello
1148 1538 1232 1603 clara
1250 1537 1410 1604 Macedo

357 1649 436 1691 num
457 1650 545 1714 gens,
564 1640 597 1690 et
617 1565 725 1714 lhilip
749 1649 786 1691 us
807 1640 907 1713 pater,
926 1628 1011 1690 inter
1032 1625 1132 1690 multa
1149 1647 1301 1712 prospere
1321 1643 1411 1713 gesta

360 1713 507 1778 Romano
535 1713 632 1777 etiam
657 1715 733 1778 nob1
748 1714 841 1777 'tatus
871 1711 963 1790 bello,
990 1712 1179 1800 praebebat3
1211 1727 1281 1776 turn
1307 1713 1411 1800 ipsius

359 1798 467 1864 Persei
481 1821 656 1885 nunquam,
672 1822 714 1864 ex
733 1822 798 1886 quo
817 1821 951 1884 regnum
969 1799 1150 1886 accepisset,
1170 1797 1312 1863 desitum
1335 1799 1409 1864 belli

358 1886 594 1972 exspectatione
624 1885 775 1951 celebrari
802 1907 930 1950 nomeu.
977 1883 1063 1950 Cum
1085 1885 1136 1950 his
1159 1881 1410 1971 cogitationibus

359 1973 502 2038 omnium
518 1972 667 2037 ordinum
684 1973 829 2038 homines
843 1972 1096 2059 proficiscentem
1113 1971 1277 2037 consulem
1295 1994 1409 2060 prose·

358 2059 424 2123 cuti
442 2073 524 2124 sunt.
570 2058 647 2123 Duo
666 2059 845 2124 consulares
863 2059 982 2123 tribuni
1004 2059 1140 2123 militum
1159 2081 1234 2123 curu
1252 2081 1293 2122 eo
1307 2060 1408 2134 missi,

361 2143 399 2210 C.
413 2144 578 2222 Claudius,
596 2145 637 2220 Q,
651 2145 802 2223 Mucius;
826 2159 859 2211 et
877 2158 939 2210 tres
958 2144 1096 2210 illustres
1111 2146 1252 2222 iuvenes,
1268 2145 1306 2210 P.
1319 2145 1410 2211 Len·

270 2299 272 2306 χ
358 2231 453 2309 tulus,
475 2246 509 2296 et
534 2231 599 2296 duo
630 2231 746 2297 Manlii
770 2233 917 2298 Acidini:
948 2231 1028 2298 alter
1050 2231 1098 2296 M.
1115 2231 1241 2309 Manlii,
1263 2232 1349 2297 alter
1370 2233 1426 2297 La

359 2317 474 2384 Manlii
490 2319 573 2383 lilius
594 2333 669 2384 erat.
717 2319 804 2384 Cum
819 2320 858 2402 iis
871 2318 982 2384 consul
1002 2319 1209 2384 Brundisium
1226 2319 1268 2382 ad
1282 2321 1409 2385 exerci-

359 2421 438 2485 tum,
454 2422 549 2495 atque
561 2407 646 2485 inde,
662 2430 736 2472 cum
751 2407 899 2472 omnibus
912 2407 1012 2493 copiis
1026 2420 1229 2483 transvectus,
1241 2406 1285 2471 ad
1299 2406 1408 2496 Nym·

359 2494 495 2582 phaeum
512 2494 546 2559 in
560 2494 814 2581 Apolloniatium
828 2516 904 2581 agro
918 2494 1025 2580 posuit
1037 2509 1146 2559 castra

249 2592 301 2653 50.
402 2580 525 2647 Paucos
540 2595 613 2646 ante
628 2582 697 2646 dies
715 2581 858 2658 Perseus,
873 2594 1041 2668 postquam
1055 2580 1160 2668 legati,
1176 2582 1216 2645 ab
1234 2578 1345 2645 Roma
1359 2604 1408 2645 re-
1452 2579 1453 2664 l

203 2676 306 2724 Perseus
359 2668 466 2755 gressi,
481 2668 700 2769 praeciderant
714 2690 803 2755 spem
820 2668 917 2754 pacis,
933 2666 1100 2732 consilium
1116 2667 1237 2733 habuit
1282 2666 1336 2732 Ibi
1351 2668 1409 2758 ali3
1452 2669 1453 2740 l

202 2740 331 2788 consilium

202 2804 284 2853 habet·
360 2755 513 2841 quamdiu
536 2753 667 2820 diversis
688 2754 854 2819 sententiis
878 2767 1032 2819 certatum
1054 2766 1110 2819 est.
1156 2753 1266 2831 Erant,
1290 2755 1408 2841 quibus
1452 2807 1453 2810 ,

359 2840 411 2905 rel
428 2841 468 2905 sti
510 2840 622 2905 udium
641 2840 859 2927 pendendum,
874 2841 900 2904 si
918 2841 1147 2927 iniungeretur,
1161 2840 1213 2905 rel
1232 2841 1301 2926 agri
1317 2858 1407 2929 parte

360 2862 549 3004 cedenddm,
573 2927 600 2991 si
629 2926 818 3004 multarent3
847 2927 1003 3015 quicquid
1031 2926 1179 3013 denique·
1201 2926 1291 2991 aliud
1320 2930 1408 3015 pacis

359 3036 454 3078 causa
463 3014 649 3101 patiendum
661 3028 752 3091 esset,
764 3036 829 3078 non
845 3014 1055 3080 recmandum
1065 3013 1235 3091 videretur,
1247 3036 1310 3079 nec
1319 3038 1407 3079 com-

359 3099 560 3173 mittendum,
579 3114 616 3165 ut
638 3100 670 3164 in
693 3099 794 3165 aleam
817 3100 898 3165 tanti
918 3122 1008 3165 casus
1029 3123 1062 3164 se
1084 3122 1282 3188 regnumque
1305 3100 1405 3167 daret

319 3216 329 3228 =
360 3186 415 3251 ‘Si
444 3187 596 3275 possessio
620 3186 707 3251 haud
732 3186 881 3273 ambigua
902 3188 993 3273 regni
1019 3200 1170 3264 maneret,
1192 3187 1294 3251 multa
1319 3188 1406 3253 diem

360 3282 488 3361 ‘tempu
528 3296 567 3338 ue
583 3274 693 3338 afferre
708 3296 809 3361 posse,
825 3273 941 3359 quibus
955 3296 1020 3338 non
1036 3274 1149 3339 amissa
1162 3273 1258 3338 modo
1272 3297 1407 3362 recupe-
1452 3319 1453 3354 ss

360 3370 457 3437 ‘rara
470 3383 503 3425 se
536 3360 695 3425 timendus
708 3360 790 3425 ultro
805 3359 844 3424 iis
857 3382 935 3436 esse,
945 3383 1026 3445 quos
1033 3383 1120 3424 nunc
1131 3361 1267 3439 timeret,
1279 3366 1406 3448 pmt'

361 3446 514 3513 Ceterum
549 3447 650 3512 multo
684 3448 784 3512 maior
816 3470 894 3534 pars¹
921 3446 1083 3511 ferocioris
1111 3447 1289 3513 sententiae
1318 3464 1404 3514 erat:

359 3534 546 3621 ‘Quicquid
558 3535 709 3611 cessisset,
719 3556 793 3599 cum
807 3557 847 3599 eo
855 3533 950 3598 simul
964 3556 998 3597 re
1043 3534 1216 3621 oprotinus
1224 3534 1405 3601 cedendum
1452 3559 1453 3564 ¹

359 3623 465 3700 ‘essa’
487 3622 690 3687 affirmabant.
738 3620 874 3708 ‘Neque
896 3620 983 3685 enim
1063 3642 1172 3685 manos
1191 3621 1332 3708 pecrrnia
1352 3638 1406 3687 aut

391 3822 516 3881 ΝΜ]
536 3821 644 3871 Privatie
662 3826 690 3870 ut
705 3821 793 3883 cuique
809 3836 866 3869 cum
899 3826 966 3869 creto
986 3828 1087 3871 cautum
1107 3836 1169 3880 ease,
1188 3838 1222 3871 ns
1240 3821 1298 3885 quis
1317 3825 1406 3873 deinde

359 3884 442 3946 ecqui
458 3884 618 3945 proficiscitur
629 3879 742 3948 privatim
752 3891 797 3934 aut
807 3886 866 3934 ami·
898 3887 938 3934 M.
953 3888 1068 3934 Manlius
1083 3892 1216 3943 vocaretur.
1257 3887 1348 3951 Itaque
1366 3889 1405 3937 bie

359 3948 426 4006 citis,
444 3953 488 3997 aut
506 3950 626 4011 cognatio,
647 3956 691 3998 aut
712 3950 763 3999 clia
783 3950 867 4011 aliqua
898 3949 1335 4012 asumunproenominetm.
1359 3954 1404 4002 Pro

360 4012 513 4063 necessitudo
524 4018 567 4062 est.
585 4013 665 4062 Cass.
898 4016 938 4063 M.
954 4014 1108 4063 scribendum
1125 4016 1170 4064 On
1190 4014 1405 4065 Drakenborebius

393 4078 742 4140 3Sammamrempublicam]
772 4078 807 4126 Et
817 4078 867 4137 hic,
899 4078 1059 4139 censetquia
1072 4084 1146 4128 notae
1160 4078 1260 4127 illomm
1271 4082 1404 4142 praenomi-

360 4143 566 4204 qnemadmodum
583 4156 648 4203 supr.
663 4156 701 4203 33.
718 4142 827 4191 inversae
843 4158 868 4209 ο,-
900 4156 960 4190 num
990 4142 1131 4204 saepissime
1161 4151 1354 4206 commutantur,
1379 4153 1403 4193 ut

360 4211 415 4254 rant
426 4206 511 4253 literae
521 4207 553 4253 P.
564 4206 597 4255 R.
608 4220 652 4268 pro
661 4208 693 4255 lt.
705 4208 737 4256 P.
754 4207 835 4256 Canu.
899 4222 965 4268 supr.
984 4207 1025 4255 vii.
1047 4222 1084 4256 12.
1103 4206 1146 4255 ubi
1170 4209 1347 4269 compendium
1367 4213 1402 4258 M.

393 4287 408 4330 4
424 4272 463 4318 M.
472 4271 578 4329 Manlii]
608 4269 685 4331 ⁴ltqui
701 4286 766 4331 supr.
780 4270 812 4319 vi.
828 4286 867 4318 ao.
899 4286 1027 4333 perperam
1049 4285 1094 4333 pro
1113 4273 1158 4321 Ore.
1177 4270 1203 4320 in
1222 4273 1336 4334 pluribus
1352 4276 1402 4323 cod.

360 4334 503 4383 memoravit
515 4332 599 4381 Livius
613 4334 692 4395 gentis
705 4333 815 4382 Manliae
826 4334 866 4382 ‹le-
899 4334 1018 4395 seriptum
1029 4341 1116 4384 exstat.
