2934 4800
376 237 471 304 nra.
495 203 604 304 xnn
638 237 749 306 cun
773 244 825 304 ao.
1069 243 1111 304 aa

60 394 164 458 neque
173 371 347 440 Romanos
359 396 450 462 posse
461 396 498 440 ae
522 393 599 440 aum
611 396 740 440 censere
751 373 900 439 adversus
909 373 1038 440 stenem
1048 397 1109 440 ux·
1120 384 1155 436 U.
1166 386 1197 436 c.
1211 385 1267 448 εει.

58 459 117 523 oris
131 481 221 524 arma
233 458 341 537 serre3
364 473 398 526 et
412 460 498 550 apud
541 483 630 527 ersea
642 461 794 526 rictorem
809 461 934 526 reniam
951 484 1009 549 per
1021 451 1149 526 soro-A*
1165 449 1195 500 ⁰·
1213 463 1268 528 ¹⁷¹:

58 567 122 609 rem
133 545 373 633 impetrabilem
384 548 461 612 fore.
494 547 688 625 Ariarathes,
699 546 930 634 Cappadocum
941 571 1008 625 rex,
1017 570 1108 636 prae-
1116 530 1243 628 ἓξὲξ.

58 645 201 719 terquam
216 633 310 720 quod
327 634 483 700 Romanis
497 657 554 700 suo
568 635 697 700 nomine
717 635 836 700 auxilia
857 634 1015 723 pollicitus
1026 649 1142 714 eratet
1152 643 1250 692 Persas

36 733 97 817 sex
117 742 182 804 quo
206 735 258 785 est
281 723 414 786 innotus
436 719 577 786 Eumeni
592 721 754 800 affinitate,
775 721 809 787 in
828 722 936 786 omnia
957 722 1031 786 belli

58 827 162 892 cisque
192 828 228 872 se
258 808 500 874 consociaverat
526 807 665 874 consilia
714 809 895 874 Antiochus
923 808 1053 874 immine
1094 822 1110 874 t

36 891 186 976 squidem
201 894 355 983 Aegypti
369 917 478 983 regno,
493 908 527 960 et
539 895 710 981 pueritiam
730 895 823 983 regis,
838 909 872 960 et
889 895 1036 960 inertiam
1057 909 1109 961 tu·

58 990 158 1041 torum
184 1002 199 1044 s
243 1004 367 1059 rnens3
397 999 431 1046 et
456 981 646 1070 ambigendo
673 982 714 1047 de
739 982 838 1048 Coele
866 979 958 1070 Syria
981 1005 1110 1048 causam

57 1063 128 1128 belli
149 1087 184 1130 se
274 1069 397 1132 iturum
412 1067 621 1146 existimabat,
640 1082 804 1156 gesturum
828 1093 868 1133 ue
884 1069 954 1134 sine
969 1068 1033 1133 ullo
1048 1068 1109 1134 im-

58 1149 252 1300 ffidimento,
281 1155 447 1243 occupatis
473 1155 628 1220 Romanis
655 1155 691 1220 in
717 1154 794 1220 Mac
835 1155 929 1221 onico
954 1155 1046 1234 bello,
1071 1155 1107 1221 id

97 1236 190 1303 llum:
216 1253 333 1306 tamen
352 1241 460 1307 omnia
481 1256 515 1306 et
535 1265 592 1329 per
613 1265 685 1308 suos
707 1242 827 1328 legatos
844 1242 977 1321 senatui,
992 1241 1107 1328 etipse

59 1321 164 1409 legatis
186 1349 307 1393 eorum
329 1330 424 1394 enixe
449 1327 608 1416 pollicitus
631 1341 707 1395 erat
753 1328 955 1394 Ptolemaeus
980 1341 1109 1477 propter

61 1423 191 1477 aetatem
206 1407 310 1480 alieni
325 1415 422 1480 etiam
437 1430 505 1480 tum
520 1415 642 1480 arbitrii
656 1427 731 1480 erat
778 1415 916 1480 Tutores
935 1428 969 1479 et
990 1413 1040 1479 bel
1053 1436 1109 1478 um

42 1495 204 1594 tadversus
219 1500 427 1566 Antiochum
441 1503 603 1590 parabant,
619 1525 685 1589 quo
698 1501 898 1566 vindicarent
909 1498 1032 1567 Coelen
1049 1499 1108 1588 Sy·

64 1603 147 1660 rum,
166 1600 200 1651 et
227 1587 389 1653 Romanis
412 1589 519 1654 omnia
544 1587 775 1677 pollicebantur
797 1588 839 1653 ad
861 1585 1108 1652 Macedonicum

66 1667 185 1736 bellum.
232 1673 409 1740 Masinissa
423 1689 456 1740 et
470 1677 629 1742 humemo
650 1675 779 1741 iuvabat
793 1675 967 1752 Romanos,
982 1690 1016 1739 et
1030 1697 1108 1738 aur·

67 1748 202 1824 iliacum
223 1761 408 1850 elephantis
423 1761 686 1850 Misagenemque
708 1762 811 1828 filium
831 1762 957 1835 mittere
977 1761 1019 1827 ad
1041 1760 1108 1826 hel-

67 1838 128 1905 lum
141 1848 283 1931 parabat
333 1848 477 1914 Consilia
490 1863 597 1914 autem
619 1849 653 1914 in
671 1871 799 1915 omnem
812 1849 970 1914 fortunam
985 1850 1030 1914 ita
1043 1848 1109 1913 dis-

65 1929 161 2012 posita
174 1931 337 2002 habehat:
361 1935 388 2000 si
402 1958 501 2022 penes
513 1937 677 2002 Romanos
690 1935 822 2002 victoria
835 1949 926 2013 esset,
941 1957 1014 2000 suas
1028 1959 1109 2022 quo-

67 2035 126 2098 que
147 2017 181 2082 in
202 2021 322 2088 eodem
343 2035 429 2088 statu
449 2045 611 2088 mansuras
631 2045 681 2087 res
701 2045 780 2100 esse,
795 2045 900 2109 neque
922 2021 1006 2086 ultra
1018 2022 1108 2108 quic-

67 2122 159 2249 pluam
178 2109 394 2174 movendum:
419 2131 485 2174 non
500 2109 586 2174 enim
600 2131 745 2196 passuros
760 2108 933 2187 Romanos,
947 2108 1013 2173 vim
1029 2107 1110 2173 Car-

102 2190 316 2276 aginiensihus
337 2195 462 2260 offerri:
485 2195 513 2260 si
531 2195 646 2260 fractae
667 2208 773 2260 essent
785 2217 862 2282 opes
877 2195 1108 2272 Romanorum,

67 2295 144 2358 quae
159 2291 228 2346 tum
249 2293 456 2371 protegerent
472 2280 760 2369 Carthaginienses,
775 2304 864 2346 suam
878 2303 1006 2346 omnem
1021 2282 1110 2346 Afri·

68 2381 133 2427 cam
159 2363 236 2435 iore.
287 2368 435 2449 Gentius,
462 2391 520 2435 rex
549 2367 740 2458 Illyriorum,
765 2367 883 2435 fecerat
909 2369 1025 2457 potius,
1051 2391 1109 2434 cur

69 2468 225 2537 suspectus
240 2469 325 2523 esset
340 2456 503 2535 Romanis,
520 2478 617 2544 quam
634 2456 708 2521 satis
729 2468 889 2532 statuerat,
905 2470 1008 2521 utram
1022 2456 1110 2519 fove-

69 2549 114 2599 ret
126 2554 268 2624 partem3
292 2544 415 2632 impetu
438 2566 478 2609 ue
498 2543 608 2630 magis,
625 2566 721 2630 quam
743 2542 884 2618 consilio,
899 2542 949 2606 his
970 2555 1025 2607 aut
1046 2540 1111 2604 illis

71 2641 100 2685 se
120 2624 328 2695 adiuncturus
349 2630 422 2695 ride
463 2644 523 2695 tur.
571 2629 673 2718 Cotys
687 2628 808 2707 Thrax,
825 2628 1021 2717 Odrysarum
1040 2649 1108 2706 rex,

70 2708 229 2779 evidenter
244 2716 462 2783 Macedonum
477 2717 575 2805 partis
589 2731 665 2782 erat.

51 2857 65 2907 6
111 2794 199 2867 Haec
219 2802 379 2869 sententia
399 2804 526 2891 regibus
545 2826 647 2891 quum
668 2819 750 2868 esset
770 2803 811 2867 de
832 2802 926 2881 bello,
946 2801 981 2867 in
1002 2800 1109 2867 liberis
1163 2804 1216 2870 30.

53 2885 212 3031 dimi-'¹¹⁸
231 2889 422 2977 populisque
442 2890 531 2977 plebs
552 2890 672 2977 ubique
694 2890 797 2955 omnis
811 2890 908 2955 ferme
923 2890 951 2967 ⁸,
965 2902 1003 2953 ut
1017 2888 1108 2967 solet,
1117 2884 1255 2965 Quanta

91 3053 97 3066 Ι
111 2977 285 3054 tenoribus,
298 2992 365 3041 erat
379 2978 421 3041 ad
434 3000 542 3065 regem
558 2976 817 3064 Macedonasque
831 2977 998 3042 inclinata:
1021 2967 1266 3069 prm-fflw

73 3075 173 3141 clpum
188 3061 313 3129 diversa
327 3086 472 3129 cerneres
486 3063 599 3129 studia.
643 3062 720 3128 Pars
734 3064 780 3127 ita
793 3064 828 3126 in
842 3063 1005 3128 Romanos
1018 3060 1111 3128 effusi
1206 3052 1214 3067 ⁶

75 3158 167 3223 eunt,
175 3162 213 3215 ut
221 3150 442 3215 auctoritatem
454 3149 623 3215 immodico
632 3150 736 3215 favore
746 3164 1001 3250 corrumperent3
1017 3152 1111 3238 pauci

75 3248 112 3291 ex
125 3230 162 3297 iis
174 3234 296 3301 iustitia
317 3237 443 3325 imperii
458 3236 596 3302 Romani
613 3236 715 3324 capti3
741 3236 847 3324 plures
868 3252 921 3314 rto,
942 3237 968 3301 si
990 3236 1112 3324 praeci·

75 3334 165 3397 puam
186 3346 314 3411 operam
337 3337 512 3401 navassent,
534 3336 680 3411 potentes
702 3345 770 3388 sese
792 3324 827 3387 in
848 3323 1026 3388 civitatibus
1047 3322 1112 3387 suis

76 3399 190 3501 futuros
209 3410 278 3475 rati.
324 3409 402 3476 Pars
421 3411 520 3475 altera
536 3410 640 3497 regiae
661 3409 851 3475 adulationis
867 3422 944 3487 erat,
959 3431 1040 3496 quos
1059 3430 1112 3471 aes

76 3486 207 3563 alterium
221 3512 255 3563 et
266 3497 444 3584 desperatio
457 3518 563 3561 rerum
577 3520 714 3574 suarum,
726 3496 842 3561 eodem
854 3508 1003 3559 manente
1017 3506 1112 3572 statu,

98 3706 119 3767 Ι3
135 3700 175 3747 Ex
188 3716 236 3763 quo
248 3706 284 3751 est
295 3703 395 3750 iunctus
404 3702 512 3750 Eumeni
522 3701 575 3761 offi-
607 3700 655 3749 suit
666 3698 813 3757 Gronovius,
823 3712 899 3760 quum
909 3697 936 3745 in
946 3695 1036 3759 scripto
1048 3698 1113 3759 legs·

80 3763 160 3827 W]
181 3764 306 3815 Eumenes
315 3780 417 3813 uxorem
429 3766 531 3813 duxerat
541 3763 576 3811 A·
607 3770 647 3812 tur
654 3764 844 3826 Coelemyriom-
875 3764 968 3811 omos
977 3759 1060 3819 κοίλην
1070 3764 1113 3812 Συ-

80 3825 180 3876 flmthis
201 3828 288 3887 filiam,
308 3834 337 3877 ut
361 3828 484 3891 colligitur
509 3840 581 3891 supa¹
607 3827 664 3891 ρίαν.
698 3826 976 3889 νῶμὶίθωὶαμὶω.
992 3826 1075 3877 Cur.

81 3888 170 3939 xxxviii.
187 3906 225 3957 39.
259 3892 291 3940 mi
309 3908 400 3941 nomen
418 3892 493 3942 fuisse
507 3894 576 3942 Stra
639 3891 940 3953 optenturum]
955 3890 1111 3939 Emendatio

82 3952 166 4005 hum
179 3958 251 4005 docet
263 3956 412 4005 Plutarchus
426 3957 453 4005 in
467 3956 529 4005 libro
545 3958 576 4005 de
609 3970 665 4005 nem
676 3954 776 4004 Grnteri
785 3956 854 4017 plot·
862 3957 948 4018 atique
957 3957 1034 4004 mnis
1044 3970 1111 4016 prae-

83 4009 247 4069 Frattmore.
279 4022 395 4071 Ceterum
406 4022 577 4071 mallemnsse
608 4020 656 4069 tart
666 4019 772 4070 Crevier.

82 4091 123 4137 tw>
131 4092 182 4134 erat
190 4087 297 4135 hauctus.
314 4086 395 4135 Gan.
642 4094 655 4145 7
672 4086 758 4133 Fertne
774 4083 797 4143 ⁸,
812 4090 842 4131 ut
858 4084 924 4141 solet,
940 4082 1111 4141 messim]

111 4158 124 4202 4
137 4148 273 4201 Pueritiam
283 4151 361 4212 repis]
382 4149 409 4198 Is
424 4155 476 4198 erat
493 4150 576 4199 Ptole
609 4148 737 4197 Exeidime
753 4148 853 4197 verbum
867 4146 976 4208 aliquod,
989 4145 1063 4206 qrmls
1077 4160 1113 4194 es·

84 4216 157 4283 meus
175 4214 335 4273 Philometor,
353 4213 418 4262 filim
439 4212 577 4263 Ptolemaei
608 4212 866 4273 setsaoenacrerier.
878 4209 1008 4259 existimat
1030 4209 1113 4281 Vulgo

85 4266 218 4338 Emptas,
234 4280 328 4342 dequo
346 4278 439 4327 mentio
456 4279 522 4326 facta
541 4282 577 4327 ert
608 4278 637 4325 oh
652 4292 732 4337 repara
749 4275 922 4339 legitur‚qnod
932 4272 1057 4323 Grouovio
1067 4273 1114 4319 dm·

86 4346 141 4397 Ιῑψτ.
151 4342 216 4391 xxxi.
228 4358 250 4393 a.
261 4342 356 4392 stalihi
367 4342 472 4405 saepius.
488 4343 570 4391 Cur.
610 4340 694 4403 plicet.

113 4405 330 4469 accusamus]
343 4407 384 4457 Sic
392 4406 514 4457 edendum
523 4420 578 4453 cen·
