2934 4800
346 219 407 280 118
731 216 844 284 ΤΙΤΙ
875 214 1011 282 LIVII

188 365 224 416 υ.
235 367 267 416 c.
281 368 337 429 583·
345 373 447 439 posse,
463 372 525 416 nec
538 350 579 417 ab
594 350 743 417 Romano
756 351 841 418 bello
855 365 981 418 tantum
998 353 1065 454 regi
1079 351 1270 416 laxamenti
1288 349 1371 426 fore,
1384 363 1410 412 ut

187 430 220 481 A.
236 431 267 482 ⁰·
285 429 338 496 ¹⁶⁹·
346 451 452 526 posset
473 438 596 503 morari
643 438 807 518 Ceterum,
828 453 997 542 postquam
1018 461 1126 505 vineas
1147 440 1213 524 agi,
1240 451 1412 522 turresque

347 524 479 590 excitari
494 525 652 602 viderunt,
667 527 751 592 vieta
767 527 942 614 pertinacia
955 539 1012 592 est
1058 523 1155 602 Nam,
1173 539 1410 612 praeterquam

347 612 434 700 quod
452 612 600 677 adversus
619 612 684 677 vim
705 636 797 714 pares
819 636 885 679 non
907 627 1006 691 eraut,
1027 635 1069 677 ne
1091 612 1253 676 frumenti
1282 609 1411 697 quiden

347 711 403 764 aut
418 699 512 764 ullius
526 699 655 764 ulterius
669 721 716 764 rer
730 701 823 787 copia
843 700 927 765 intus
943 715 1019 776 erat,
1034 699 1119 763 utin
1134 699 1353 786 necopinata
1367 698 1412 760 ob·

347 785 479 850 sidione.
525 785 638 873 Itaque
657 809 757 873 quum
775 787 842 874 spei
859 787 941 851 nihil
958 786 999 851 ad
1019 785 1235 850 resistendum
1255 782 1409 861 aeoetC
1449 772 1451 869 l

350 870 508 938 Carvilius
534 871 716 960 Spoletinus
738 885 771 938 et
795 873 833 938 C.
850 873 1003 940 Afranius
1024 894 1043 937 a
1067 871 1228 961 praesidio
1257 871 1411 936 Romano

347 958 443 1036 missi,
459 959 550 1045 quia
569 959 687 1024 Perseo
706 973 861 1061 peterent,
900 961 990 1038 rimo,
1005 973 1043 1025 ut
1056 969 1193 1024 armatos
1214 979 1358 1045 suaque
1372 979 1412 1019 se

348 1067 422 1110 cum
436 1046 573 1111 serentes
592 1046 678 1110 abire
698 1060 837 1124 smeret3
883 1047 946 1124 cin,
961 1047 988 1111 si
1002 1045 1036 1112 id
1055 1047 1161 1110 minus
1177 1046 1410 1132 impetrarent

347 1132 431 1196 vitae
455 1144 579 1197 tantum
601 1131 819 1220 libertatisque
842 1133 940 1198 fidem
966 1133 1154 1219 acciperent.
1200 1131 1411 1197 Promissum

347 1218 383 1282 id
403 1217 573 1305 benignius
592 1231 641 1284 eat
662 1219 702 1284 ab
721 1242 806 1307 rege,
828 1243 924 1321 quam
946 1219 1140 1308 praestitum.
1186 1217 1301 1284 Exire
1328 1217 1409 1282 enim

347 1327 406 1370 sua
425 1327 533 1370 secum
555 1305 760 1379 efferentibus
779 1307 870 1371 iussis
891 1307 1029 1393 primum
1051 1328 1138 1370 arma
1158 1305 1301 1370 ademit.
1354 1303 1410 1368 His

348 1391 427 1457 urbe
453 1391 594 1479 egressis,
617 1405 650 1457 et
675 1391 856 1480 Illyriorum
879 1393 1002 1469 cohors,
1025 1392 1208 1480 (quingenti
1235 1387 1361 1476 erant)
1380 1405 1407 1453 et

281 1530 290 1548 .
350 1475 551 1543 Uscanenses
572 1501 606 1544 ss
628 1480 739 1544 urbem
763 1502 804 1544 uc
824 1479 1026 1544 dediderunt
1072 1479 1216 1555 Perseus,
1238 1477 1407 1564 praesidio

349 1563 497 1630 Uscanae
517 1565 674 1652 imposito,
693 1503 933 1631 multitudinem
951 1587 1080 1630 omnem
1102 1565 1305 1643 deditorum,
1328 1585 1405 1651 quae

369 1673 447 1738 rope
461 1673 595 1716 numero
610 1653 786 1716 exercitum
798 1653 963 1738 aequabat,
982 1651 1149 1717 Stuberam
1159 1651 1309 1716 abducit.
1361 1649 1404 1714 lbi

346 1671 513 1815 Romanis,
530 1737 697 1824 (quattuor
715 1737 814 1803 millia
834 1750 940 1803 autem
960 1737 1127 1803 hominum
1146 1737 1254 1824 erant)
1275 1750 1419 1825 praeterr

369 1822 516 1910 rincipes,
542 1824 578 1886 in
606 1823 783 1889 custodiam
811 1825 986 1891 civitatium
1015 1825 1132 1900 divisis,
1158 1824 1403 1889 Uscanensibus

346 1845 529 1998 illyr-iisque
558 1909 706 1987 venditis,
732 1910 767 1975 in
797 1911 979 1977 Penestiam
1005 1912 1181 1976 exercitum
1202 1909 1341 1976 reducit
1366 1907 1401 1974 ad

348 1995 517 2062 anneum
532 1995 686 2096 oppidum
700 1997 735 2062 in
749 2011 939 2085 potestatem
953 1997 1171 2085 redigendum.
1217 1996 1264 2062 Et
1279 1996 1400 2083 alioqui
1450 1991 1451 2042 l

347 2095 526 2182 opportune
541 2095 647 2161 sutum,
663 2097 697 2149 et
715 2085 865 2149 transitus
880 2109 918 2150 ea
932 2097 981 2149 est
996 2085 1031 2148 in
1051 2083 1215 2161 Labeates,
1232 2084 1292 2148 ubi
1313 2083 1399 2148 Gen-

346 2182 411 2234 trus
431 2170 592 2256 regnabat
637 2169 858 2236 Praetereunti
879 2171 1029 2258 frequens
1050 2171 1223 2248 castellum,
1248 2169 1399 2235 Drauda

347 2276 421 2320 cum
441 2257 581 2334 nomine,
596 2256 770 2344 peritorum
790 2257 921 2345 quidam
940 2259 1079 2345 regionis
1098 2259 1176 2335 eius,
1194 2257 1298 2320 ‘nihil
1316 2256 1399 2322 an-

348 2349 429 2409 ‘neo
443 2356 537 2432 capto
551 2365 631 2432 opus
645 2345 733 2423 esse,’
748 2345 802 2423 ait,
819 2345 901 2410 ‘nisi
915 2345 949 2409 in
964 2357 1119 2433 potestate
1134 2356 1168 2409 et
1186 2342 1398 2409 Draudacum

347 2430 424 2496 ‘sitz
447 2432 657 2518 opportunius
672 2432 767 2496 etiam
783 2430 824 2497 ad
844 2432 951 2497 omnia
967 2433 1106 2519 positum
1121 2432 1208 2497 csse!
1252 2431 1398 2495 Admota

346 2518 499 2597 exercitu,
515 2540 625 2583 omnes
640 2517 802 2605 extemplo
816 2517 1009 2584 dediderunt
1026 2542 1103 2585 sese.
1152 2518 1226 2594 Qua
1239 2538 1299 2605 spe
1316 2516 1398 2582 cele·

345 2604 428 2670 n'ore
454 2604 617 2672 deditione
643 2619 776 2683 erectus,
800 2618 969 2693 postquam
997 2605 1228 2682 animadvertit,
1256 2617 1396 2692 quantus

347 2690 482 2777 agminis
500 2692 551 2755 sui
565 2704 665 2757 terror
678 2704 771 2770 esset,
786 2691 937 2756 undecim
957 2690 1019 2757 alia
1036 2692 1162 2757 castella
1176 2690 1293 2757 eodem
1308 2706 1397 2755 metu

345 2776 381 2840 iu
402 2790 590 2863 potestatem
613 2778 738 2865 redigit
784 2777 839 2843 Ad
861 2800 1020 2866 perpauca
1041 2780 1073 2843 vi
1095 2802 1174 2866 opus
1194 2778 1267 2855 suit,
1291 2792 1396 2843 cetera

345 2862 508 2927 voluntate
520 2862 645 2927 dedita:
670 2878 704 2929 et
717 2866 752 2928 in
767 2864 816 2930 his
831 2866 950 2953 recepti
965 2865 1051 2930 mille
1064 2878 1097 2931 et
1108 2864 1278 2953 quingenti
1315 2865 1324 2879 '

346 2947 398 3013 siti
459 2971 475 3013 r
493 2948 650 3037 praesidia
669 2950 785 3016 milites
807 2952 956 3017 Romani.
1002 2950 1124 3052 Magno
1143 2954 1213 3017 usui
1236 2886 1396 3015 Carvilii

347 3033 413 3122 Spo
424 3035 530 3101 etinus
549 3049 617 3101 erat
631 3035 664 3100 in
684 3037 860 3126 colloquiis,
876 3038 1023 3117 dicendo,
1039 3038 1120 3102 mhil
1139 3039 1174 3103 in
1193 3038 1278 3126 ipsos
1296 3036 1394 3102 saeri-

346 3136 424 3186 tum.
469 3122 526 3187 Ad
543 3122 710 3188 anneum
724 3138 913 3211 perventum
928 3137 986 3202 est,
1002 3123 1090 3212 quod
1109 3125 1177 3190 sine
1195 3126 1280 3189 iusta
1294 3145 1395 3211 oppu-

344 3208 495 3294 gnatione
521 3210 593 3295 capi
617 3232 684 3274 nou
705 3222 838 3296 poterat
884 3210 928 3276 Et
954 3212 1071 3277 maiore
1097 3211 1270 3299 aliquanto,
1298 3231 1393 3297 quam

345 3307 460 3373 cetera,
481 3295 657 3373 iuventute,
675 3309 708 3360 ct
727 3296 867 3361 validum
888 3298 1042 3386 oppidum
1063 3298 1229 3364 moenibus
1249 3311 1339 3362 erat:
1363 3310 1393 3360 et

344 3378 421 3446 hinc
438 3382 540 3446 amnis
558 3381 691 3447 Artatus
709 3383 850 3463 nomine,
869 3383 945 3449 hinc
965 3407 1056 3449 mous
1074 3384 1231 3472 praealtus
1251 3397 1285 3449 et
1306 3382 1392 3448 aditu

345 3467 481 3534 difficilis
503 3469 660 3557 cingebat
706 3467 798 3535 Haeo
876 3494 909 3535 m
931 3470 972 3536 ad
993 3471 1204 3537 resistendum
1225 3470 1392 3558 oppidanis

344 3555 471 3621 dabant
516 3555 662 3633 Perseus,
684 3492 920 3623 circumvlliato
941 3557 1070 3659 oppido,
1093 3579 1241 3646 aggerem
1263 3580 1282 3621 a
1304 3568 1390 3645 parte

344 3642 505 3729 superiore
520 3642 637 3708 ducere
650 3642 798 3721 instituit,
810 3644 901 3709 cuius
915 3642 1083 3710 altitudine
1098 3667 1205 3709 muros
1219 3654 1388 3731 superaret

304 3770 308 3777 -
347 3726 446 3802 Quod
459 3750 539 3815 opus
558 3730 636 3795 dum
656 3730 828 3817 perficitur,
844 3729 961 3795 crebris
976 3731 1103 3796 iuterim
1123 3730 1261 3818 proeliis,
1277 3730 1390 3817 quibus

385 3834 402 3876 r
415 3816 617 3881 excursiones
628 3829 661 3881 et
674 3816 802 3880 moenia
815 3838 872 3881 sua
883 3816 1034 3904 oppidani
1046 3818 1241 3895 tutabantur,
1253 3830 1287 3881 et
1298 3838 1390 3917 opera

366 3898 482 3963 ostium
497 3899 723 3988 impediebant,
735 3926 851 3991 magna
861 3926 971 3969 corum
982 3904 1155 3969 multitudo
1166 3903 1259 3969 variis
1270 3904 1388 3968 casabus

343 3985 511 4074 absumpta
524 4000 588 4051 est:
612 3999 655 4065 et,
671 3990 727 4075 qui
748 4004 943 4078 supererant,
958 3990 1064 4056 labore
1084 3990 1200 4055 diurno
1220 4004 1388 4055 nocturno-

343 4094 407 4158 que
429 4086 462 4138 et
481 4071 664 4139 vulneribus
685 4076 815 4141 inutiles
837 4091 935 4141 erant.
981 4076 1048 4143 Ubi
1067 4078 1205 4164 primum
1226 4098 1323 4165 agger
1343 4077 1387 4140 in·

376 4248 390 4281 a
406 4235 524 4283 Romania
535 4270 541 4283 .
554 4271 561 4283 .
573 4271 580 4284 .
592 4271 598 4284 .
607 4242 708 4297 praeter
715 4238 850 4299 principes,
883 4242 923 4284 tur
933 4252 964 4287 ex
975 4238 1005 4286 iia
1016 4254 1078 4300 quaa
1090 4238 1204 4287 dicuntur
1217 4238 1282 4288 infra
1292 4240 1324 4287 da
1334 4239 1385 4289 Car-

341 4301 370 4347 ta
380 4299 512 4347 modim
522 4300 658 4347 matum
668 4300 765 4359 dnbio]
782 4299 850 4347 Prin·
884 4300 949 4349 vilio.
983 4301 1083 4351 Ceteros
1097 4303 1269 4353 emtodiaudos
1280 4316 1325 4366 per
1336 4302 1385 4351 <lvi-

343 4362 410 4425 cipes
420 4375 511 4423 nempe
521 4376 604 4411 motum
615 4360 709 4421 habuit,
719 4368 748 4411 ut
759 4362 850 4424 colligi·
883 4368 945 4415 tstes
956 4365 1044 4417 divisit.
1061 4366 1142 4416 Cast.
