2934 4800
361 193 426 257 424
603 183 883 254 SYLLABUS
917 185 1176 256 CODICUM

363 326 459 390 fuisse
479 323 606 400 dicitur,
621 345 761 388 errorem
780 322 983 387 commissum
1002 346 1079 401 eme,
1095 337 1133 388 et
1152 324 1189 386 in
1205 345 1243 386 eo
1256 321 1351 385 ssata

364 433 483 476 nomen
505 409 603 474 latere
626 408 784 474 existImo.
830 407 920 472 Inter
942 409 1053 474 doctos
1073 411 1166 474 enim
1190 419 1302 482 σοῆσῐσί,
1315 405 1353 468 lb

364 497 451 562 viani
479 495 636 561 Praefecti
663 494 762 559 Urbis
789 509 913 581 patrem
937 518 1016 572 eme,
1041 497 1099 582 qui
1129 496 1167 559 in
1195 493 1288 594 lapide
1307 492 1354 576 nd

367 584 497 648 Reines.
523 580 612 646 class.
631 580 691 646 VI.
715 603 804 644 num.
827 586 880 646 92.
904 598 1034 646 vocatur
1061 583 1175 646 lirina
1195 579 1355 644 niman

366 672 564 743 Florianum·
601 668 656 732 ubi
689 667 785 731 etiam
822 666 976 767 omnium,
1005 689 1085 753 quoa
1118 665 1229 753 gemit,
1254 664 1357 760 ἥσω

364 751 1112 916 tttnt.⁰ttttttbtt.‘tt..lt.t⁰tt
1133 751 1359 902 grffl

366 927 503 990 Siciliae
519 926 553 988 in
567 948 607 989 eo
621 924 726 1012 lapide
741 925 856 988 vocari.
902 862 964 988 vil
982 925 1080 1010 igitur
1098 926 1135 988 in
1155 924 1220 987 hoc
1233 921 1358 1015 [ἥσσω

364 1010 471 1076 villam
486 1034 523 1075 ac
537 1011 667 1097 praedia
682 1033 747 1075 non
764 1009 859 1097 longe
874 1032 894 1073 a
909 1009 1035 1074 Siciliae
1053 1012 1134 1075 urbe
1152 1009 1268 1074 Henna
1280 1022 1359 1070 enim

365 1097 563 1162 occasionem
578 1097 700 1174 habuit,
715 1096 767 1160 vel
780 1119 822 1160 ex
839 1095 1034 1161 haereditate
1054 1097 1215 1160 maiorum
1232 1108 1360 1158 [ισσίισᾶ.

365 1197 399 1248 et
421 1182 461 1247 ad
485 1183 586 1246 filium
611 1182 791 1258 transmisit,
812 1183 869 1268 qui
892 1196 1002 1268 postea
1025 1183 1089 1247 huc
1111 1181 1266 1247 secedens
1280 1177 1359 1242 Iinra

365 1268 556 1335 emendavit.
603 1269 712 1345 Certe,
728 1267 912 1332 Flavianum
931 1268 1033 1333 filium
1048 1268 1176 1355 aliquid
1193 1267 1237 1331 rei
1253 1267 1283 1329 iu
1297 1262 1360 1326 Scis

364 1355 510 1456 habuisse
534 1368 657 1456 constat
679 1377 736 1453 ex·
749 1353 950 1453 Symmacho,
972 1356 1029 1441 qui
1054 1356 1086 1418 ei
1111 1355 1255 1418 scribens
1273 1350 1314 1414 lib
1328 1344 1359 1406 Il

920 1437 1360 1607 reiectanea:
1392 1572 1393 1595 ὦ

366 1611 410 1676 Et
429 1612 528 1700 Epist.
549 1614 676 1678 LXVI.
702 1613 760 1677 De
783 1613 891 1676 hicalo
913 1615 1044 1698 negotio
1067 1625 1177 1678 aestro
1196 1618 1310 1675 sanans
1326 1608 1360 1666 (ἥ

364 1723 489 1775 naason,
505 1723 553 1764 me
568 1722 694 1784 qnoque
707 1701 910 1774 assentiente,
925 1700 1107 1784 rescripsit.
1143 1696 1221 1761 Hoc
1237 1695 1314 1758 etim
1324 1711 1360 1750 mr

362 1785 459 1849 verbo
474 1783 658 1848 addendum
673 1797 721 1847 est
736 1781 956 1846 Victoriarum
973 1782 1014 1848 V.
1033 1782 1073 1848 C.
1090 1782 1133 1848 ad
1147 1784 1245 1846 finem
1257 1779 1358 1843 librom

363 1870 448 1934 Livii
459 1870 492 1932 in
504 1868 598 1934 codd.
611 1869 762 1934 Mediceo
773 1883 807 1932 et
817 1867 970 1932 Leidensi
985 1885 1207 1945 memoratum,
1218 1866 1269 1954 qui
1277 1861 1359 1928 Lirin

365 1955 563 2044 Symmacbis
599 1955 790 2031 emendavit,
829 1954 1027 2020 Nicomacho
1064 1955 1217 2020 Flaviano
1252 1948 1358 2015 iuniores

362 2043 468 2120 fuisse,
495 2064 634 2128 eumque
659 2065 716 2105 sua
741 2063 782 2105 ex
811 2041 907 2104 huius
931 2063 1023 2105 exem
1046 2040 1166 2106 laribus
1191 2035 1358 2125 descripdfff

364 2141 536 2214 utrumque
561 2151 637 2192 vero
662 2143 737 2192 ante
765 2127 794 2190 A
836 2127 979 2191 Ilinarem
1030 2128 1178 2192 idonium
1203 2125 1310 2188 virise.
1338 2114 1359 2176 ἥ

364 2215 449 2278 enim
470 2213 576 2301 colligi
596 2227 701 2300 potest
720 2236 762 2277 ex
785 2150 895 2278 didon
912 2212 1020 2300 Apoll.
1036 2213 1090 2279 lib.
1107 2213 1206 2278 VIIL
1227 2200 1356 2304 Epistffl

364 2301 532 2387 Apollonii
547 2301 768 2386 Pythagorici
782 2301 891 2374 vitam,
906 2324 969 2365 non
989 2309 1022 2364 at
1036 2301 1254 2366 nicomachus
1264 2310 1358 2383 sarcre

364 2387 574 2463 Philostrati,
604 2389 664 2451 sed
699 2397 733 2450 nt
768 2386 906 2451 Tascius
937 2387 1143 2453 Victorianus
1171 2374 1355 2451 entenich
1390 2459 1392 2490 r

1390 2016 1391 2039 t

1390 2044 1392 2074 t

362 2475 491 2539 schedia
527 2474 714 2572 exscripsit,
749 2474 828 2558 qnia
864 2474 1018 2571 iusseras,
1052 2475 1135 2572 arisi.
1184 2462 1358 2571 §pmmahuffl
1389 2494 1393 2586 p

363 2572 470 2623 autem
493 2582 558 2623 non
579 2559 639 2622 srbr
663 2569 798 2633 tantum,
816 2557 873 2621 scd
896 2572 991 2622 etiam
1016 2580 1134 2635 amicis,
1152 2558 1272 2622 Lrvrum
1287 2568 1356 2613 enen

363 2644 432 2709 dari
447 2668 580 2722 curasse,
596 2645 662 2731 ipse
683 2656 815 2709 testatur
828 2643 883 2709 lib.
900 2644 963 2708 lX.
982 2643 1084 2730 Epist.
1103 2646 1203 2709 XIII.
1220 2643 1318 2707 Mem
1329 2642 1355 2694 lt

274 2728 277 2737 ’
363 2733 428 2795 tias
441 2732 576 2796 Liviani
591 2734 711 2817 operis,
729 2732 1003 2879 qwdffopondi'
1020 2733 1118 2795 etiam
1138 2754 1222 2795 nnnc
1235 2719 1356 2823 angens
1388 2777 1390 2817 ,

363 2820 595 2882 emendationis
617 2828 771 2881 irroratur.
853 2829 929 2879 tex
953 2815 1012 2880 hoc
1036 2816 1239 2891 deverticulo,
1257 2834 1286 2874 [ἥ
1302 2800 1355 2889 qud
1390 2825 1391 2850 ¹

362 2922 413 2963 me
425 2903 529 2977 verba,
542 2902 582 2965 sd
598 2904 694 2967 finem
710 2902 861 2964 librorum
874 2900 959 2965 Livii
974 2902 1007 2965 in
1019 2902 1127 2967 codice
1140 2897 1282 2967 leidensi
1291 2891 1356 2983 prim
1390 2858 1393 2955 l

361 2986 464 3063 obvia,
482 2987 691 3073 pellexerunt,
711 2987 743 3050 in
765 2987 849 3051 viam
868 2986 1005 3065 redeam,
1021 2989 1123 3053 codex
1138 2988 1223 3051 Lirii
1239 2980 1354 3048 chiren
1389 2957 1392 3050 l

358 3094 431 3223 ill.
445 3064 1356 3247 titt.{bittittctrititltnitssiiltd
1389 3055 1395 3174 i

361 3245 394 3308 in
408 3244 553 3332 Belgium
570 3246 709 3322 allatum,
722 3261 756 3310 et
771 3245 883 3331 Hagae
896 3244 1061 3311 Comitum
1077 3246 1145 3311 roci
1156 3232 1354 3333 pmcccnisffli
1390 3259 1393 3329 5.

360 3330 477 3395 iectum
498 3355 569 3397 aere
590 3355 648 3396 suo
667 3332 726 3397 sibi
746 3331 917 3395 vindicavit
934 3335 997 3395 Am
1022 3332 1158 3397 lissimus
1178 3326 1290 3399 &muel
1302 3314 1352 3385 liti

359 3417 433 3493 sius,
445 3418 494 3481 vir
508 3418 593 3517 apud
607 3417 758 3505 Haganos
773 3417 967 3483 Consularis.
991 3355 1114 3483 ilerum
1129 3442 1233 3506 neque
1246 3400 1353 3507 diutpti

359 3524 433 3566 cum
454 3504 630 3589 hospitatus
649 3518 704 3567 cst
745 3503 856 3577 Quum
876 3504 963 3568 enim
982 3527 1067 3569 anno
1082 3493 1350 3573 (310100Οῆἥῆ

359 3588 583 3653 bibliothecam
614 3589 853 3688 proscripsisset,
883 3590 966 3654 facta
990 3591 1147 3667 auctione,
1177 3590 1291 3656 Livium
1308 3596 1352 3642 ἥσω

359 3675 466 3739 multis
489 3674 558 3740 aliis
581 3675 806 3761 insignioribus
832 3674 926 3741 Mstis
949 3676 1008 3739 Vir
1032 3675 1262 3742 Celeberrimos
1280 3670 1353 3733 Petrus
1388 3723 1389 3728 η

359 3759 561 3826 Burmannus
577 3760 786 3848 όμακαρίτης
801 3761 1010 3827 bibliothecae
1025 3762 1175 3841 Batavae,
1186 3784 1263 3850 quae
1275 3749 1349 3821 iniit
1389 3779 1392 3844 J

357 3860 415 3923 est,
438 3848 524 3911 emit.
572 3852 755 3934 Antequam
778 3871 853 3912 vero
877 3848 910 3911 in
933 3848 1110 3935 digniorem
1134 3863 1169 3913 et
1191 3842 1351 3935 augtstosn
1391 3864 1393 3890 ³

357 3932 439 3997 hanc
454 3934 561 3998 sedem
577 3934 736 4021 migraret,
747 3933 968 3998 illustrissimis
984 3934 1177 4000 Academiae
1194 3924 1348 4015 flotandirr
1388 3891 1391 3980 i

359 4020 566 4084 Curatoribus
587 4034 620 4083 et
644 4020 858 4107 Amplissimis
885 4020 983 4085 Urbis
1007 4020 1129 4085 leidae
1155 4000 1350 4086 Consulibusld
1388 4099 1389 4102 Ἴ

357 4102 507 4187 singulari
532 4105 727 4203 benignitate
752 4106 1017 4191 penuittentibus,
1043 4108 1125 4171 usui.
1140 4130 1214 4173 meo
1238 4110 1348 4171 content
1387 4131 1390 4185 ἢ

356 4186 552 4270 praeclarum
567 4188 660 4253 huius
675 4190 824 4256 editionis
839 4206 1060 4257 ornamentum
1075 4208 1132 4259 est.
1389 4197 1392 4272 ζ

401 4267 495 4333 VIII.
521 4270 699 4338 Iasrnnnsrs
717 4275 894 4341 Sncunnus
912 4292 961 4343 est
977 4279 1080 4344 codex
1095 4280 1279 4354 chartaceus
1290 4272 1351 4336 form*
