2934 4800
386 199 453 261 430
626 189 910 260 SYLLABUS
944 188 1209 258 CODICUM

387 329 523 416 vulgatis
542 325 728 403 contulerat,
749 341 784 392 et
800 327 836 391 in
846 325 1062 412 ,Hollaudiam
1082 327 1197 393 redux
1218 339 1373 412 excerpts·

388 437 462 482 cum
497 411 670 490 Gronovio‚
702 413 833 478 Livium
867 435 953 478 anno
984 410 1290 479 CIOIOCLXIV.
1310 411 1373 476 eim

387 501 644 568 communicarat.
690 498 776 564 Vide
801 498 942 564 Gronov.
967 499 1009 564 ad
1036 499 1129 564 Livii
1155 499 1212 564 lib
1235 499 1374 582 xxua

389 589 449 653 Vl.
467 594 493 671 ᾗ.
508 592 539 652 4.
586 585 798 686 Reliquorum
818 585 970 650 librorum
990 585 1158 650 variantes
1179 585 1315 650 lectiones
1327 605 1377 669 apra

390 673 461 738 Viri
478 671 686 738 Celeberrimr
704 683 803 758 atque
819 670 1013 736 Amicissimi
1027 669 1093 736 Isc.
1113 671 1261 820 Philippi
1273 669 1377 734 D'onu

389 773 502 825 nactus
516 780 596 860 sum,
611 779 693 844 quae
708 757 826 858 insigni
839 757 917 857 'risui
935 757 1074 835 fuenmt,
1090 772 1131 822 et
1152 758 1188 821 in
1209 756 1329 854 puriu'a
1340 755 1378 816 bri

389 842 1381 997 l'lbldtcbnllldilnlisrlgsutinbudiblibspiiimeiffimffi

388 1041 426 1084 ce
465 1033 505 1094 ta,
530 1039 623 1104 quac,
647 1015 773 1080 erudita
797 943 1140 1080 Clarissimioefflvinii
1169 1037 1265 1080 manu
1286 1013 1380 1081 teus

389 1104 481 1169 Itala
513 1103 548 1166 in
580 1102 713 1202 petriam
745 1102 785 1166 de
829 1114 935 1179 marat,
965 1125 1030 1166 una
1059 1125 1139 1166 cum
1172 1101 1280 1166 multis
1301 1095 1380 1162 disti

391 1189 520 1256 Livium
539 1188 727 1254 sumentibus
746 1210 785 1252 eu
822 1187 904 1264 idiis,
919 1188 1153 1274 benignissime
1170 1188 1215 1252 ad
1229 1209 1276 1251 mc
1287 1185 1380 1250 attae

390 1276 430 1341 Id
449 1275 542 1363 louge
551 1274 774 1425 gratissimum
793 1273 918 1339 accidit
966 1273 1078 1349 Quum
1096 1275 1197 1340 enim
1215 1287 1310 1338 mutae
1322 1289 1381 1364 saco

389 1363 490 1428 ritatis
504 1374 536 1426 et
574 1360 627 1426 dei
642 1359 745 1426 codex
759 1360 810 1438 sit,
821 1381 863 1424 ex
877 1358 999 1446 duplici
1013 1359 1069 1424 illa
1081 1360 1271 1436 collatione,
1280 1382 1297 1422 s
1306 1357 1381 1420 dirus

388 1449 464 1514 vin's
478 1447 580 1513 doctis
599 1447 754 1522 instituta,
770 1468 810 1510 eo
828 1446 945 1511 certius
958 1446 1000 1511 de
1015 1469 1090 1512 vera
1108 1447 1189 1512 eius
1209 1446 1328 1512 lectiorte
1338 1443 1381 1504 lu

389 1535 505 1612 dicare,
521 1547 563 1611 et,
579 1555 679 1620 quum
695 1554 791 1598 nemo
805 1531 952 1597 omnibus
966 1531 1052 1597 horis
1066 1532 1102 1597 in
1119 1534 1260 1622 negotio
1271 1531 1321 1594 bot
1331 1526 1381 1591 nel

389 1620 572 1709 plenissimo
591 1618 632 1683 ad
675 1619 782 1684 uaeris
803 1618 937 1684 minima
958 1617 1085 1684 intento
1106 1621 1227 1686 animo
1248 1641 1307 1684 we
1321 1629 1382 1700 pum

389 1707 464 1795 quic
489 1706 545 1771 uid
558 1703 638 1770 alter
651 1642 731 1770 lbrte
746 1703 1004 1791 neglexissem
1017 1705 1117 1770 altero
1134 1705 1286 1794 supplere
1296 1701 1363 1799 patu

483 1839 491 1856 .
518 1790 811 1856 Gennrnunrnrms
833 1789 887 1854 ille
912 1805 970 1869 est,
995 1791 1036 1855 de
1059 1815 1125 1880 qno
1154 1793 1224 1857 ism
1246 1813 1325 1877 supa
1339 1804 1383 1848 trit

388 1877 523 1954 codices,
550 1878 667 1965 quibus
695 1877 737 1943 ad
761 1876 894 1963 primam
921 1876 1074 1942 libronrm
1103 1878 1234 1944 decada
1260 1898 1321 1942 ustis
1340 1893 1383 1964 ’ἓ

390 1986 477 2029 num.
503 1964 565 2030 111.
590 1963 650 2050 egi
678 1963 712 2026 in
738 1962 799 2027 bac
824 1975 931 2027 autem
956 1976 1045 2050 parte
1070 1963 1268 2051 plerumque
1287 1959 1382 2047 spritu

389 2049 582 2116 editionibus
596 2071 708 2136 parum
722 2048 862 2113 dissidet.
1207 2093 1212 2117 .

433 2135 473 2201 V.
499 2135 706 2200 Humane
743 2134 846 2199 codex
881 2147 930 2199 est
966 2135 1232 2202 membranaceus
1271 2135 1302 2198 in
1326 2131 1382 2194 ns·

390 2222 512 2299 maiori,
538 2221 674 2308 eleganti
706 2243 805 2285 manu
837 2234 910 2285 ante
943 2243 1043 2285 annos
1076 2223 1255 2288 admodum
1282 2233 1382 2284 creent*

390 2308 625 2395 qninquaginta
660 2307 804 2394 scriptus,
843 2306 1114 2394 quemadmodum
1154 2309 1332 2380 iudicarunt,
1355 2300 1383 2384 ql

390 2418 464 2461 eum
480 2393 638 2459 viderunt.
685 2391 793 2458 Huius
808 2391 888 2458 Meti
930 2394 1042 2458 rimam
1062 2395 1149 2481 apud
1171 2418 1227 2461 me
1247 2390 1382 2459 meutimm

389 2482 465 2547 fecit
490 2480 557 2546 Vir.
586 2478 787 2545 Clarissimus
816 2478 879 2544 Iac.
907 2416 990 2544 ihil
1015 2479 1230 2558 D’Orvillius,
1304 2478 1311 2491 ’
1363 2478 1384 2531 c

393 2568 487 2635 Livio
504 2590 576 2631 meo
592 2566 742 2642 meritus3
766 2566 833 2652 qui,
847 2566 991 2631 codicem
1006 2566 1097 2631 illum
1112 2568 1148 2631 in
1164 2567 1248 2633 bibli
1345 2557 1382 2619 lit

389 2652 595 2719 Illustrissimi
618 2652 771 2717 Friderici
796 2651 1007 2738 Rcstguardii,
1031 2654 1184 2719 auctione
1208 2651 1322 2741 publia
1336 2664 1383 2709 m*

389 2741 485 2805 buius
499 2738 598 2805 seculi
612 2738 766 2825 vigesimo
780 2738 895 2824 quinto
909 2737 959 2803 vel
977 2752 1068 2805 sexto
1082 2738 1296 2813 distrahendi,
1307 2748 1382 2799 nonu

391 2826 529 2891 eundem
549 2846 623 2889 suae
643 2824 854 2889 bibliothecae
875 2846 914 2889 eo
933 2824 1065 2890 consilio
1083 2848 1195 2891 emere
1209 2825 1383 2892 destinaritn

390 2912 470 2977 mibi
492 2909 621 2975 Livium
642 2909 769 2975 edituro
790 2910 1014 2976 commodaret
1059 2908 1197 2990 Verum,
1214 2910 1264 2977 vel
1282 2901 1383 2973 molt&

389 2998 488 3063 serius
504 2996 656 3063 Hafniam
677 2996 818 3083 perlatis,
833 2996 884 3061 vel
903 2996 973 3061 eliis
992 2998 1164 3063 animosius
1186 2995 1381 3080 liutmubas

389 3106 445 3185 epe
471 3082 625 3149 excidisse
656 3095 766 3169 postca
794 3082 967 3148 nunciavit
1013 3084 1112 3151 Anno
1141 3084 1263 3151 deinde
1288 3090 1382 3165 oeqffl

388 3163 1382 3344 ffirt‘ilffbllfflfflffilififfnffl

388 3343 500 3445 simam
520 3340 726 3443 Illustpissimi
745 3340 882 3441 §lomitis
899 3339 1074 3409 Christiani
1095 3339 1310 3439 Dauneelioltl
1323 3351 1380 3401 cm

389 3426 1381 3594 tffidltdmthbtltltfflffiss
1407 3538 1409 3586 x

388 3602 489 3669 bubus
515 3600 598 3667 ulnis
623 3600 798 3687 amplexus,
822 3599 857 3665 id
881 3599 962 3665 mibi
986 3602 1200 3689 gretimimum
1224 3603 1381 3669 masur

389 3689 576 3776 scripserim,
613 3686 737 3775 aliquid
772 3699 881 3753 tamen
919 3687 1136 3767 intervenisse,
1173 3689 1301 3755 forsitan
1326 3680 1381 3747 t&

389 3796 574 3861 responsum
588 3773 757 3850 aberrasse,
772 3774 923 3859 suspicor,
938 3795 981 3839 ne
995 3775 1146 3863 deinceps
1163 3772 1315 3864 promissis
1327 3784 1379 3833 m

388 3873 423 3925 et
433 3872 596 3947 excerptus
606 3858 782 3925 lectionum
791 3859 957 3925 varietates
968 3862 1093 3927 mittere
1104 3862 1256 3950 potuerit.
1286 3850 1381 3925 Tute
1407 3915 1408 3920 ,

389 3968 464 4011 vcro
479 3944 540 4010 Vir
552 3944 726 4033 plurimum
743 3944 952 4011 Reverendus
969 3945 1016 4013 Io.
1031 3948 1159 4015 Christo
1182 3948 1278 4014 horus
1289 3938 1379 4005 Wslbt
1406 3967 1408 3990 ·

414 4032 447 4096 ui
472 4031 585 4096 ultimo
610 4030 734 4108 itinere,
761 4054 846 4097 anno
874 3970 1249 4101 clotoccxxitv.
1273 4052 1326 4099 utu
1340 4040 1380 4087 Μ

436 4130 483 4179 tre
501 4116 718 4183 Celeberrimo
732 4114 779 4181 Io.
794 4116 979 4185 Christiano
998 4118 1033 4184 in
1048 4119 1199 4207 Belgium
1213 4118 1377 4188 institutor*t

388 4198 519 4295 alloquii
538 4200 658 4267 honore
675 4201 824 4349 dpgnstm
840 4204 970 4307 [rivium
992 4207 1078 4295 typis
1098 4206 1241 4307 imprimi
1254 4192 1379 4272 videritil

388 4292 521 4365 pstnam
542 4284 678 4349 reduxa
725 4309 774 4352 iro
789 4288 972 4358 Clarissimo
986 4291 1033 4357 Io.
1048 4292 1227 4373 Grammro,
1245 4292 1380 4359 Greetffl
