2934 4800
451 179 776 300 uunrssmu
1076 241 1141 304 sn

54 415 235 482 qmeque
261 393 471 481 essignmem,
497 393 655 484 simulque
682 395 895 462 mutationum
921 398 1065 464 omnium
1093 421 1142 466 rs·

55 499 210 564 tionem
247 497 332 563 bons
362 496 428 562 fide
463 497 639 564 redderem.
686 497 726 565 In
762 500 877 566 ceteris
911 515 1030 580 sutem,
1061 525 1143 589 quos

59 599 191 666 codex
222 598 467 688 Bembergensis
499 603 653 680 continet,
684 601 770 668 Livii
802 601 890 670 libris
922 605 997 670 sutis
1032 605 1141 686 hebui,

62 725 217 768 omnem
240 703 412 790 scripturae
431 703 643 770 diversitatem
666 705 712 770 ita
733 727 775 770 ex
797 707 907 772 codice
929 721 1083 787 enctssse,
1105 723 1143 774 ut

65 804 279 871 lectionibus
300 806 436 892 primurn
462 829 481 870 s
503 821 623 872 memet
645 809 722 895 ipso,
746 807 863 873 deinde
887 832 907 874 s
930 809 1077 876 Bekkero
1092 834 1143 877 re·

69 909 190 995 ceptis
215 907 321 974 literas
342 909 386 974 K.
408 921 441 975 et
463 910 505 974 Β.
527 911 714 976 subiicerem
742 924 838 998 atque
861 911 903 978 de
926 913 1142 1000 compluribus

72 1010 173 1078 Livii
196 1008 275 1076 locis
296 1012 471 1076 accuratius
493 1025 526 1076 et
547 1014 705 1100 copiosius
726 1036 932 1102 exponerem,
947 1015 1142 1083 editionibus

74 1113 241 1200 antiquis,
270 1136 349 1201 ques
378 1113 660 1180 Drakenborcbius
693 1139 761 1181 non
796 1138 844 1194 en,
875 1140 940 1203 qun
971 1139 1029 1205 psr
1062 1131 1141 1198 eret,

77 1215 258 1303 diligentis
296 1217 444 1294 excussit,
482 1217 534 1282 hic
570 1240 699 1305 quoqne
744 1217 779 1283 in
821 1218 978 1284 auxilium
1014 1222 1141 1286 vocatis.

79 1317 222 1384 Etenim
247 1317 288 1384 ed
311 1340 442 1384 menum
465 1319 563 1385 habui
585 1321 725 1408 primum
749 1323 970 1386 Accensr'crnum
991 1345 1020 1388 s.
1048 1326 1141 1389 1513.

79 1420 125 1488 ed
153 1420 282 1499 decem,
307 1420 343 1486 id
368 1420 456 1508 quod
481 1421 668 1509 subscriptio
695 1435 839 1500 testetur,
863 1423 1063 1490 venerandae
1089 1447 1144 1492 ve·

82 1523 215 1588 tustetis
230 1523 355 1589 codices
370 1535 525 1602 exactem,
541 1523 581 1589 de
597 1524 687 1590 cuius
701 1525 894 1611 praestantis
910 1525 988 1590 Chr.
1008 1525 1141 1593 Godofr.

83 1625 244 1692 Muelleri
279 1627 527 1694 Observationum
556 1629 763 1694 Livianarum
795 1633 951 1715 specimen,
986 1629 1084 1695 Citee
1113 1652 1140 1697 e

86 1731 186 1796 1789.
226 1727 359 1808 editum,
389 1729 485 1795 velim
521 1731 673 1809 conferes,
707 1731 826 1799 deinde
859 1733 1076 1818 Mcpuntinam
1112 1757 1140 1800 ιι.

88 1837 186 1897 1518.
214 1853 296 1918 quse
319 1833 432 1919 prims,
456 1844 492 1897 ut
515 1831 556 1898 de
580 1833 653 1899 libri
679 1834 829 1900 tricesimi
852 1836 939 1901 tertii
964 1839 1143 1905 accessione

85 1932 172 1998 nihil
191 1933 309 2011 dicem,
323 1933 440 1999 multos
455 1933 541 1998 Livii
561 1933 646 2000 locos
666 1959 708 2001 ex
727 1936 839 2002 codice
856 1937 1051 2026 Mogontino
1068 1963 1143 2028 sup·

87 2035 193 2125 pletos
215 2049 311 2123 atque
333 2037 519 2102 emendatos
540 2038 681 2116 exhibet,
698 2053 767 2104 tum
781 2042 977 2106 Aldinams.
997 2047 1091 2107 1520.
1107 2043 1143 2108 in

88 2161 155 2227 qua
183 2137 360 2226 permultae
390 2139 533 2204 eiusdem
564 2140 683 2206 codicis
718 2141 871 2208 lectiones
899 2144 940 2208 sb
968 2144 1144 2210 editoribus

89 2242 295 2330 Mogontinis
319 2241 494 2328 neglectae,
521 2241 571 2308 vel
600 2244 641 2308 ub
670 2243 794 2322 iisdem,
821 2245 855 2310 id
880 2246 970 2335 quod
995 2247 1143 2314 Draken-

88 2345 257 2413 borchium
280 2358 465 2434 ceterosque
483 2345 569 2411 Livii
591 2345 730 2413 editores
750 2347 853 2428 latuit,
871 2350 907 2415 in
924 2352 1144 2419 Emendatiorn

90 2472 228 2515 errorum
261 2449 397 2525 editioni
429 2449 642 2538 Moguntinse
679 2452 803 2519 adiectu
837 2454 1016 2542 propositae
1052 2478 1144 2542 reps-

91 2554 227 2633 riuntur,
243 2553 361 2621 deinde
381 2554 584 2619 Burileemem
607 2578 635 2620 a.
660 2561 754 2621 1531.
774 2556 840 2621 sive
863 2560 1088 2622 Frobembnam
1113 2564 1142 2624 1.

93 2682 113 2723 s
139 2657 217 2722 Sim.
243 2655 396 2745 Grynseo
424 2670 577 2746 paratum,
604 2682 686 2746 quae
716 2672 751 2723 et
775 2659 844 2746 ipsc
871 2659 1051 2747 complures
1079 2659 1144 2727 lec·

94 2761 197 2825 tiones
225 2782 267 2825 ex
296 2758 405 2825 codice
432 2759 627 2848 Moguntino
656 2762 782 2849 petitas,
808 2760 860 2826 vel
887 2762 1081 2841 coniectura,
1106 2776 1145 2829 ut

96 2863 229 2940 videtur,
257 2876 396 2951 repertus
421 2864 574 2943 continet,
599 2864 740 2952 denique
763 2866 968 2931 Burilecnsem
993 2888 1021 2931 ιι.
1049 2872 1142 2933 1535.

97 2966 159 3031 sive
181 2967 404 3030 Frobens‘anam
427 2970 456 3031 2.
480 2988 507 3030 a.
539 2964 576 3030 B.
605 2966 766 3037 Rbensno
790 2982 824 3033 et
851 2966 975 3056 Sigism.
1005 2968 1144 3035 Gelenio

99 3067 318 3147 adomaumffl,
334 3069 369 3133 in
386 3092 450 3156 qus
470 3068 622 3156 permulti
641 3069 727 3135 Livii
748 3070 811 3135 loci
832 3073 947 3158 partim
970 3094 1012 3137 ex
1033 3074 1144 3139 codice

100 3171 290 3259 Mogontino
316 3172 431 3236 iterum
457 3194 590 3237 excusso
616 3172 749 3259 aliisque
774 3172 863 3237 libris
887 3195 985 3239 msnu
1009 3176 1143 3262 scriptis,

98 3275 210 3362 partim
232 3295 273 3339 ex
295 3274 485 3353 coniectura,
501 3288 538 3341 ut
551 3274 686 3353 videtur,
704 3275 750 3341 itu
771 3288 846 3339 sunt
867 3277 990 3354 mutati,
1005 3290 1043 3342 ut
1064 3298 1145 3341 non-

99 3375 201 3441 nullae
224 3376 345 3455 saltem,
369 3376 404 3441 id
426 3378 513 3464 quod
539 3392 650 3465 postes
670 3378 858 3457 videbimus,
883 3377 1013 3444 Gelenii
1035 3401 1146 3444 emen·

100 3480 240 3545 dationes
268 3479 386 3545 codicis
415 3480 658 3569 Bsmbergensis
688 3482 877 3546 auctoritate
906 3481 1144 3560 confirmentur,

102 3596 192 3670 etque
217 3594 379 3671 praeterea
407 3584 607 3649 Coloniensnn
633 3607 660 3648 e.
689 3588 782 3649 1525.
809 3584 850 3649 sb
875 3582 939 3650 luc.
966 3582 1064 3650 Sobio
1089 3606 1145 3671 ps·

134 3886 164 3937 26
179 3888 298 3939 Gelenius
314 3888 339 3938 in
354 3890 484 3939 Annotstt.
501 3891 534 3939 nd
550 3890 605 3939 Lis.
637 3889 780 3941 kenborchii
793 3890 899 3941 Pmefst.
912 3888 984 3939 Tom.
994 3886 1058 3937 VII.
1071 3903 1095 3950 p.
1107 3897 1145 3949 35.

105 3952 267 4003 XXXVIII.
285 3967 323 4003 w.
343 3954 366 4002 8.
387 3953 483 4002 codices
501 3953 606 4019 Mogun·
638 3970 673 4016 sq.
714 3955 792 4014 Quid,
814 3955 880 4017 quod
901 3954 927 4002 in
955 3952 1062 4002 editione
1087 3951 1145 3999 Fro-

104 4018 178 4067 tinum
189 4020 213 4065 et
223 4016 362 4079 §pirensem
374 4023 449 4079 etque
460 4018 518 4066 alibi
529 4032 605 4067 manu
636 4018 743 4067 benienn
771 4033 794 4068 s.
822 4018 959 4081 permultae
992 4014 1146 4078 reperiuntur

105 4082 200 4144 scriptos
214 4082 311 4131 codices
325 4082 376 4131 sive
391 4081 526 4145 archetype
539 4098 605 4131 com·
637 4084 786 4133 mutationes
804 4084 836 4131 nd
854 4084 981 4131 verbonun
1000 4079 1145 4142 scripturam

105 4144 256 4195 memorarit:
275 4146 367 4194 multos
384 4151 467 4194 tamen
487 4147 553 4195 locos
570 4146 606 4194 ita
638 4152 663 4195 et
674 4146 860 4195 collocutionem
872 4146 1031 4208 pertinentes,
1042 4158 1145 4205 querum

106 4211 211 4269 emnerii,
228 4214 257 4258 ut
275 4210 378 4270 nescies,
392 4216 475 4258 utrum
493 4210 606 4259 codicum
638 4210 758 4259 rationem
774 4211 876 4259 reddere
893 4209 1012 4259 Gelenius
1028 4208 1146 4271 neglexit.

107 4290 196 4325 nicrum
213 4274 393 4334 auctoritatem,
404 4290 435 4325 sn
454 4275 608 4325 coniscnrrss
640 4276 775 4339 Propterea
784 4274 858 4325 buius
865 4274 1044 4324 editionisusus
1054 4275 1147 4321 multus

107 4338 296 4401 probabilitstem
308 4339 339 4387 sit
350 4344 456 4388 secutus.
478 4336 607 4389 vinnm.
640 4338 767 4387 csutioncs
777 4340 867 4388 bebere
878 4338 980 4388 ridetur.
