2934 4800
417 185 481 248 est
802 177 1084 246 EPITOMAE

420 316 533 394 Quum
557 315 730 381 seditiones
756 313 880 380 Romae
906 338 926 381 a
951 315 989 380 P.
1005 313 1177 380 Dolabella
1205 315 1333 380 tribuno
1351 315 1420 402 pbiis

419 402 524 490 legem
545 401 667 467 ferente
689 401 732 466 de
755 401 846 466 novis
869 399 993 479 tabulis,
1008 401 1164 466 excitatae
1184 413 1307 479 essent,
1319 413 1348 465 et
1362 424 1420 465 ers

420 510 515 554 causa
528 487 619 576 plebs
634 487 890 566 tumultuarenu,
905 486 1078 553 inductisa
1096 488 1144 553 M.
1155 487 1311 554 Antonio
1323 489 1420 572 nugim

420 574 567 662 equitum
583 575 618 640 in
636 575 749 640 urbem
766 573 929 652 militibus,
945 573 1121 662 octingenti
1135 596 1154 638 e
1168 573 1272 661 plebe
1289 573 1362 638 caesi
1375 590 1421 636 sn:

421 662 539 727 Caesar
562 662 719 727 veteranis
744 682 819 726 cum
844 659 999 726 seditione
1025 659 1211 726 minionem
1243 656 1439 772 postnlmtlcl

420 745 529 813 dedit:
547 762 590 826 et,
605 745 911 900 ffldliioam
926 746 1107 824 traiecisset,
1122 761 1242 813 contra
1255 747 1356 836 copias
1366 743 1421 810 lala

418 833 591 920 regiscnm
769 833 1092 921 emegnopugnsvit

877 1185 1002 1252 CXIV.

421 1360 618 1428 BELLUM
646 1366 682 1429 in
712 1363 805 1452 Syria
830 1363 987 1430 Caecilius
1016 1363 1141 1441 Baaeus,
1172 1386 1279 1451 eques
1309 1361 1422 1426 sonna

421 1447 688 1536 Pompeianarum
785 1450 860 1527 'um‚
883 1449 1043 1528 excitavit,
1063 1449 1175 1514 relicto
1199 1473 1221 1514 a
1246 1445 1423 1536 legionesa

421 1533 566 1614 Caesare,
582 1557 664 1624 quae
736 1535 870 1601 Bassum
885 1537 1059 1614 transierat,
1075 1535 1249 1624 occisoque
1264 1559 1311 1600 eo.
1351 1533 1422 1597 cres

422 1615 604 1708 Scipionem
619 1635 807 1709 praetorem,
820 1621 999 1701 Afranium,
1015 1621 1193 1708 iubamque
1209 1622 1292 1687 vicit
1307 1619 1344 1684 ad
1356 1617 1422 1701 tto

420 1726 501 1782 sum,
517 1709 626 1772 castris
646 1731 756 1774 eorum
774 1708 973 1796 expugnatis.
1019 1708 1109 1786 Cato,
1124 1707 1237 1773 audita
1257 1729 1302 1784 re,
1317 1723 1421 1792 quous

419 1792 625 1892 percussisset
641 1793 767 1871 Uticae,
786 1807 828 1874 et,
846 1793 1077 1860 interveniente
1096 1793 1173 1873 filio,
1193 1805 1360 1867 curaretur,
1373 1789 1420 1852 ine

420 1897 521 1964 ipsam
541 1880 738 1945 curationem
757 1879 887 1946 rescisso
906 1879 1036 1946 vulnere
1056 1881 1239 1968 exspiravit,
1256 1901 1338 1944 anno
1353 1873 1421 1939 aea&

420 1963 662 2113 quadragesimo
690 1979 811 2032 octavo.
857 1967 1004 2033 Petreius
1028 1964 1142 2032 Iubam
1171 1989 1272 2054 seque
1301 1959 1418 2029 interisti

451 2049 586 2138 ‚Scipio
614 2053 649 2116 in
676 2075 758 2118 nave
788 2053 1021 2118 circumventus
1050 2052 1203 2118 honestae
1234 2051 1327 2117 morti
1351 2063 1419 2110 voetss

421 2157 550 2284 quoque
568 2137 704 2204 adiecit:
728 2139 953 2227 quaerentibus
972 2139 1059 2204 enim
1078 2139 1304 2226 imperatorem
1323 2131 1416 2228 bosubu

443 2221 513 2300 ixit,
525 2222 574 2287 lm
616 2237 702 2289 rator
715 2226 842 2291 benese
857 2226 963 2292 habet.
999 2223 1132 2290 Faustus
1143 2237 1177 2290 et
1188 2225 1339 2292 Afranius
1347 2237 1417 2310 ow*

421 2307 553 2373 Catonis
603 2309 633 2376 ‘o
646 2311 741 2376 venia
755 2311 837 2378 data
873 2311 1001 2390 Brutus,
1013 2310 1136 2401 legatus
1148 2300 1415 2390 Caesaris,inth¹⁸

421 2393 607 2463 Bellovacos
620 2396 809 2464 rebellantes
823 2397 943 2487 proelio
958 2397 1043 2465 vicit.

891 2725 998 2791 CXV.
1014 2735 1016 2739 ’

421 2890 610 2957 CAESAR
629 2904 781 2978 quattuor
803 2893 980 2993 triumphos
999 2892 1113 2969 duxit3
1136 2915 1180 2958 ex
1200 2894 1312 2995 Galliq,
1327 2912 1358 2955 ex
1376 2886 1412 2999 ie

418 2991 598 3165 sest
618 2978 736 3164 tur
761 2977 1412 3160 tererestereres

419 3150 558 3251 redrtpm
579 3161 734 3215 concessrt
745 3174 766 3250 εΙ
778 3173 851 3251 quo·
865 3150 1021 3251 beneficio
1042 3151 1111 3215 eius
1125 3151 1298 3253 Marcellus
1314 3150 1410 3257 frutra

419 3235 1410 3471 tillet}lttefiltttltltlbltiilllli

419 3420 620 3594 strete
632 3408 1409 3594 mtttzlrturretttssrtuu

417 3580 549 3645 urbibus
573 3602 592 3644 e
637 3591 773 3667 agnatis,
797 3603 953 3647 summam
974 3580 1138 3647 victoriam
1161 3604 1235 3647 cum
1262 3570 1410 3669 magnetii·

417 3666 550 3732 crimine
648 3666 808 3733 Mundam
837 3668 949 3733 urbem
962 3681 1163 3733 ‘consecutus
1187 3682 1244 3736 est.
1291 3670 1406 3748 Pompam

419 3751 535 3818 Sextus
549 3753 671 3840 effugit

877 4009 1002 4076 CXVL

361 4193 364 4199 ·
418 4177 457 4242 C.
472 4176 662 4244 CAESAR
682 4202 723 4243 ex
739 4179 897 4280 llispauia
911 4182 1059 4271 quintum
1076 4182 1272 4269 triumphum
1287 4182 1347 4271 egit
1377 4164 1405 4235 li

415 4284 515 4349 quum
526 4263 655 4349 plurimi
669 4287 863 4353 maximique
875 4268 1011 4335 bonores
1022 4269 1053 4333 ei
1064 4292 1083 4334 a
1094 4282 1206 4335 senatu
1216 4268 1328 4337 decreti
1336 4264 1401 4329 esent·
