2934 4800
390 261 455 322 ⁶20
776 249 1054 315 EPILOGUS.

393 431 513 494 tionem
533 427 620 492 Petri
641 425 805 492 Lurbecii
827 428 868 492 de
892 427 947 492 illo
966 428 1101 492 habitem
1120 427 1278 491 creditisne
1290 426 1332 489 lb

394 546 629 612 kenborcbisue
643 547 797 633 excerpsi,
813 568 940 611 necnon
953 549 1107 634 specimen
1118 547 1343 632 scriptmesn'p

395 665 505 731 codice
520 665 745 752 depromptum
763 665 839 728 huic
856 679 944 730 tomo
963 664 1196 752 praeponendum
1211 665 1349 748 muniet

394 786 494 872 magis
521 785 660 872 pretium
688 786 777 849 unici
806 785 891 849 illius
918 784 1116 871 manuscripti
1139 783 1255 847 onnihm
1271 780 1355 844 elsim

395 905 580 968 innotescet.
627 902 738 991 Atque
763 903 844 969 sorte
866 903 1015 991 quedem,
1037 917 1072 967 ut
1094 902 1222 966 studioeee
1241 901 1361 963 imm

396 1021 579 1108 exemplum
615 1037 731 1109 petest,
762 997 874 1109 quenti
910 1023 1031 1088 fructus
1065 1020 1224 1086 eccuretiore
1250 1019 1365 1082 otim

395 1139 591 1227 inspectione
618 1139 722 1205 edhoc
747 1141 896 1228 sperandi
920 1141 994 1218 sint,
1020 1141 1054 1205 in
1080 1140 1136 1203 hoc
1159 1139 1213 1225 ipse
1232 1137 1362 1223 mhi

396 1257 491 1322 lectio
520 1279 602 1322 nove
630 1272 769 1344 apparet,
799 1281 882 1345 quse
911 1259 1020 1324 oculos
1051 1259 1187 1323 hactenns
1207 1257 1367 1319 emm

396 1377 512 1464 firgioee
537 1376 671 1453 videtur,
698 1375 828 1453 scilicet,
854 1376 875 1440 l.
899 1381 951 1441 24„
974 1382 1148 1464 prircipum
1170 1379 1198 1438 is
1218 1378 1366 1457 affirm

392 1500 664 1582 prfflciscereotur,
694 1517 754 1581 pro
780 1499 960 1582 prinsquam
993 1501 1178 1582 mequomo
1197 1496 1365 1578 praedm

397 1626 458 1692 tur,
487 1613 574 1701 quod
604 1635 715 1677 omnes
743 1611 899 1678 editiones
924 1635 1026 1700 usque
1051 1613 1092 1678 sd
1114 1613 1169 1678 hoc
1190 1613 1316 1698 temperis
1336 1635 1370 1674 n-

396 1734 517 1800 hibeut.
564 1731 650 1796 Mihi
676 1731 807 1818 quidem
832 1731 867 1795 id
892 1732 1001 1796 multis
1023 1732 1160 1820 undique
1181 1731 1310 1818 exemplis
1326 1754 1368 1817 pn

396 1875 522 1917 suasum
543 1865 600 1927 est,
620 1850 726 1938 plures
747 1849 900 1916 lectiones
918 1852 1016 1916 etiem
1038 1853 1071 1915 in
1093 1851 1245 1926 codicibus,
1256 1851 1306 1936 qm'
1318 1869 1367 1912 a

397 1973 444 2036 uti
458 1971 542 2036 seme
556 1983 613 2047 est,
629 1971 764 2046 excussi,
778 1969 883 2034 edhnc
898 1973 932 2034 in
943 1969 1047 2035 lucem
1058 1969 1266 2057 protrahendus
1281 1997 1294 2004 ··
1306 1990 1366 2030 m

397 2103 493 2175 etque
523 2111 636 2175 operae
666 2088 805 2175 pretium
830 2087 897 2152 fore
923 2087 1069 2152 meliores
1094 2087 1219 2163 codices,
1240 2088 1368 2173 quantit
1392 2117 1396 2174 χ

398 2205 663 2271 Drakenborchro
676 2205 1041 2293 ipsosliisquecolletos,
1055 2204 1373 2290 remorsurum
1396 2189 1398 2218 ²

396 2323 538 2388 volutare
550 2348 558 2387 t
583 2324 671 2412 quod
686 2346 726 2386 ne
742 2323 794 2388 cui
810 2337 929 2387 temere
943 2323 1062 2387 dixisse
1075 2323 1190 2399 videet,
1203 2321 1371 2386 mmuh

398 2443 515 2530 lsrgsm
536 2442 709 2507 lectionum
733 2463 775 2505 ex
798 2440 908 2505 codice
931 2440 1157 2529 Bembergcnsi
1176 2441 1371 2507 memoreblim-

399 2586 495 2651 quern
520 2562 659 2649 vestigiis
685 2560 828 2625 Goelleri
851 2573 886 2624 et
907 2559 1046 2625 Bekkeri
1069 2562 1214 2625 insistens
1235 2558 1375 2647 Kreym·

398 2682 534 2769 collegit,
565 2680 735 2747 lectoribus
771 2678 1023 2766 perlustrendsm
1051 2680 1248 2744 commendo.
1295 2676 1374 2740 lltirss

399 2800 540 2887 quidem,
574 2799 608 2863 id
636 2798 725 2885 quod
756 2796 935 2862 Creuzerus
965 2799 998 2861 in
1031 2798 1171 2863 editione
1200 2822 1255 2863 ms
1281 2797 1400 2887 Fffll

400 2916 447 2981 M.
474 2916 573 2980 Tullii
602 2915 768 2981 Ciceronis
792 2916 834 2979 de
861 2915 1041 3002 Republica
1064 2915 1108 2980 II.
1135 2938 1163 2980 c.
1187 2922 1241 2981 sn
1264 2910 1375 2979 ndum
1401 2956 1404 3022 l

400 3032 572 3099 ‘Livianae
587 3035 708 3121 primae
723 3032 869 3110 decedes,
885 3035 944 3097 etsi
963 3056 1029 3099 non
1046 3032 1199 3120 integrae,
1215 3032 1312 3098 nolu'lis
1322 3025 1374 3086 ἴδ’

400 3152 527 3217 ‘nensis
559 3151 781 3239 palimpsestus
809 3150 981 3237 uliqusudo
1010 3150 1051 3215 sd
1079 3152 1215 3216 verbum
1241 3146 1377 3216 exsuffla

400 3274 552 3359 ‘eiusque
567 3270 696 3347 fructus,
712 3282 749 3334 ut
767 3292 869 3357 spero,
884 3292 950 3335 uon
970 3269 1122 3347 modicus,
1137 3294 1216 3336 cum
1230 3257 1376 3334 eruditou'tr

399 3387 689 3456 ‘communicetun’

442 3510 494 3575 De
510 3506 672 3573 codicibus
686 3507 801 3592 uostris
814 3505 1051 3573 Oxoniensibus
1064 3505 1227 3572 Heemius
1239 3508 1270 3569 iu
1281 3521 1324 3565 sus
1333 3487 1376 3556 lo*-
1401 3469 1402 3546 l

398 3629 537 3695 editione
552 3623 710 3713 quaedem
725 3625 883 3711 exposuit,
900 3646 981 3711 quse
995 3624 1149 3689 brevitate
1164 3624 1260 3689 nimis
1269 3610 1374 3683 muts

398 3748 527 3813 sortasse
571 3766 682 3832 psruut
716 3742 933 3808 satisfecerint
993 3740 1104 3818 Quum
1140 3745 1239 3832 igitur
1268 3756 1330 3802 uum
1348 3740 1375 3786 Ε
1401 3769 1402 3790 t

397 3868 477 3934 slter
490 3868 593 3933 codex
610 3864 792 3952 nuperrime
808 3865 843 3927 in
857 3864 1081 3929 bibliothecam
1097 3862 1295 3929 Bodleienem
1305 3846 1374 3914 Μ’
1401 3869 1402 3912 l

397 3986 502 4065 fuerit,
517 4008 623 4073 neque
643 3984 791 4050 codicum
810 3982 1018 4049 Livienorum
1037 3982 1124 4070 epud
1140 3980 1316 4049 oxoniense
1327 3974 1372 4024 Ψ

397 4105 488 4188 lngus
509 4104 544 4167 in
564 4102 729 4190 publicum
748 4102 854 4167 sdhuc
874 4101 1037 4190 prodierit,
1052 4124 1121 4167 rem
1135 4101 1262 4167 minime
1276 4092 1371 4172 W

396 4217 566 4283 lectoribus
582 4242 631 4285 me
646 4220 804 4285 lecturum
819 4221 909 4299 duxi,
925 4222 952 4286 si
971 4222 1115 4309 singulos
1132 4221 1262 4291 codices,
1274 4186 1366 4296 quior!
