<?xml version="1.0" encoding="UTF-8"?>
<!DOCTYPE html PUBLIC "-//W3C//DTD XHTML 1.0 Transitional//EN"
    "http://www.w3.org/TR/xhtml1/DTD/xhtml1-transitional.dtd">
<html xmlns="http://www.w3.org/1999/xhtml" xml:lang="en" lang="en">
 <head>
  <title>
</title>
<meta http-equiv="Content-Type" content="text/html;charset=utf-8" />
  <meta name='ocr-system' content='tesseract 3.04.00' />
  <meta name='ocr-capabilities' content='ocr_page ocr_carea ocr_par ocr_line ocrx_word'/>
</head>
<body>
  <div class='ocr_page' id='page_1' title='image "./tliviipatavinih01kreygoog/tliviipatavinih01kreygoog_0102.png"; bbox 0 0 2934 4800; ppageno 0'>
   <div class='ocr_carea' id='block_1_1' title="bbox 326 201 987 270">
    <p class='ocr_par' dir='ltr' id='par_1_1' title="bbox 326 201 987 270">
     <span class='ocr_line' id='line_1_1' title="bbox 326 201 987 270; baseline -0.002 0"><span class='ocrx_word' id='word_1_1' title='bbox 326 210 366 270; x_wconf 82' lang='lat'>92</span> <span class='ocrx_word' id='word_1_2' title='bbox 713 202 825 270; x_wconf 89' lang='grc' dir='ltr'>ΤΙΤΙ</span> <span class='ocrx_word' id='word_1_3' title='bbox 852 201 987 270; x_wconf 91' lang='lat' dir='ltr'>LIVIl</span> 
     </span>
    </p>
   </div>
   <div class='ocr_carea' id='block_1_2' title="bbox 168 330 1408 3801">
    <p class='ocr_par' dir='ltr' id='par_1_2' title="bbox 168 330 1391 429">
     <span class='ocr_line' id='line_1_2' title="bbox 168 330 1391 429; baseline -0.004 -16"><span class='ocrx_word' id='word_1_4' title='bbox 168 351 246 401; x_wconf 64' lang='lat' dir='ltr'>UO·</span> <span class='ocrx_word' id='word_1_5' title='bbox 261 330 426 413; x_wconf 60' lang='lat' dir='ltr'>⁵81·‘lum‘</span> <span class='ocrx_word' id='word_1_6' title='bbox 442 342 705 429; x_wconf 82' lang='lat' dir='ltr'>magnificentius,</span> <span class='ocrx_word' id='word_1_7' title='bbox 732 364 828 428; x_wconf 88' lang='lat' dir='ltr'>quam</span> <span class='ocrx_word' id='word_1_8' title='bbox 854 341 894 406; x_wconf 90' lang='lat' dir='ltr'>ab</span> <span class='ocrx_word' id='word_1_9' title='bbox 920 353 985 405; x_wconf 90' lang='lat' dir='ltr'>tam</span> <span class='ocrx_word' id='word_1_10' title='bbox 1014 337 1211 405; x_wconf 78' lang='lat' dir='ltr'><strong>memorabili</strong></span> <span class='ocrx_word' id='word_1_11' title='bbox 1241 357 1391 424; x_wconf 76' lang='lat' dir='ltr'>pugmt</span> 
     </span>
    </p>

    <p class='ocr_par' dir='ltr' id='par_1_3' title="bbox 168 416 1393 1121">
     <span class='ocr_line' id='line_1_3' title="bbox 168 416 1393 516; baseline -0.007 -21"><span class='ocrx_word' id='word_1_12' title='bbox 168 417 199 465; x_wconf 77' lang='lat' dir='ltr'>A.</span> <span class='ocrx_word' id='word_1_13' title='bbox 216 416 246 466; x_wconf 77' lang='lat'>⁰·</span> <span class='ocrx_word' id='word_1_14' title='bbox 264 428 452 516; x_wconf 85' lang='lat' dir='ltr'>¹⁷¹·‘neque</span> <span class='ocrx_word' id='word_1_15' title='bbox 474 451 563 516; x_wconf 87' lang='lat' dir='ltr'>spem</span> <span class='ocrx_word' id='word_1_16' title='bbox 585 423 755 494; x_wconf 86' lang='lat' dir='ltr'>firmiorem</span> <span class='ocrx_word' id='word_1_17' title='bbox 778 427 864 516; x_wconf 82' lang='lat' dir='ltr'><strong>pacis</strong></span> <span class='ocrx_word' id='word_1_18' title='bbox 884 439 1055 515; x_wconf 73' lang='lat' dir='ltr'>perpetuae</span> <span class='ocrx_word' id='word_1_19' title='bbox 1077 425 1154 503; x_wconf 89' lang='lat' dir='ltr'>dari,</span> <span class='ocrx_word' id='word_1_20' title='bbox 1170 445 1276 512; x_wconf 87' lang='lat' dir='ltr'>quam</span> <span class='ocrx_word' id='word_1_21' title='bbox 1300 443 1393 509; x_wconf 81' lang='lat' dir='ltr'>quae</span> 
     </span>
     <span class='ocr_line' id='line_1_4' title="bbox 327 507 1392 603; baseline -0.008 -23"><span class='ocrx_word' id='word_1_22' title='bbox 327 515 507 603; x_wconf 87' lang='lat' dir='ltr'>‘perculsos</span> <span class='ocrx_word' id='word_1_23' title='bbox 519 515 649 580; x_wconf 88' lang='lat' dir='ltr'>adverso</span> <span class='ocrx_word' id='word_1_24' title='bbox 664 514 785 601; x_wconf 88' lang='lat' dir='ltr'>proelio</span> <span class='ocrx_word' id='word_1_25' title='bbox 795 515 958 580; x_wconf 88' lang='lat' dir='ltr'>Romanos</span> <span class='ocrx_word' id='word_1_26' title='bbox 968 512 1127 580; x_wconf 78' lang='lat' dir='ltr'>molliores</span> <span class='ocrx_word' id='word_1_27' title='bbox 1136 512 1264 577; x_wconf 66' lang='lat' dir='ltr'>munira</span> <span class='ocrx_word' id='word_1_28' title='bbox 1280 509 1332 574; x_wconf 84' lang='lat' dir='ltr'>sit</span> <span class='ocrx_word' id='word_1_29' title='bbox 1347 507 1392 572; x_wconf 80' lang='lat' dir='ltr'>ad</span> 
     </span>
     <span class='ocr_line' id='line_1_5' title="bbox 327 598 1393 692; baseline -0.007 -25"><span class='ocrx_word' id='word_1_30' title='bbox 327 602 579 692; x_wconf 87' lang='lat' dir='ltr'>‘paciscendum</span> <span class='ocrx_word' id='word_1_31' title='bbox 628 600 726 677; x_wconf 83' lang='lat' dir='ltr'>Quod</span> <span class='ocrx_word' id='word_1_32' title='bbox 748 601 774 665; x_wconf 84' lang='lat' dir='ltr'>si</span> <span class='ocrx_word' id='word_1_33' title='bbox 790 600 929 666; x_wconf 85' lang='lat' dir='ltr'>Romani</span> <span class='ocrx_word' id='word_1_34' title='bbox 949 615 1016 665; x_wconf 89' lang='lat' dir='ltr'>tum</span> <span class='ocrx_word' id='word_1_35' title='bbox 1032 622 1159 686; x_wconf 90' lang='lat' dir='ltr'>quoque</span> <span class='ocrx_word' id='word_1_36' title='bbox 1181 598 1287 662; x_wconf 84' lang='lat' dir='ltr'>insita</span> <span class='ocrx_word' id='word_1_37' title='bbox 1312 617 1393 684; x_wconf 89' lang='lat' dir='ltr'>pcr-</span> 
     </span>
     <span class='ocr_line' id='line_1_6' title="bbox 327 683 1392 774; baseline -0.005 -22"><span class='ocrx_word' id='word_1_38' title='bbox 327 689 464 754; x_wconf 81' lang='lat' dir='ltr'>‘tinacia</span> <span class='ocrx_word' id='word_1_39' title='bbox 478 709 580 774; x_wconf 86' lang='lat' dir='ltr'>aequa</span> <span class='ocrx_word' id='word_1_40' title='bbox 668 700 843 764; x_wconf 75' lang='lat' dir='ltr'>merentur,</span> <span class='ocrx_word' id='word_1_41' title='bbox 859 687 935 752; x_wconf 90' lang='lat' dir='ltr'>deos</span> <span class='ocrx_word' id='word_1_42' title='bbox 955 686 1161 772; x_wconf 79' lang='lat' dir='ltr'>hominesque</span> <span class='ocrx_word' id='word_1_43' title='bbox 1177 697 1211 749; x_wconf 90' lang='lat' dir='ltr'>et</span> <span class='ocrx_word' id='word_1_44' title='bbox 1225 683 1392 748; x_wconf 82' lang='lat' dir='ltr'>modera-</span> 
     </span>
     <span class='ocr_line' id='line_1_7' title="bbox 327 711 1392 862; baseline -0.007 -22"><span class='ocrx_word' id='word_1_45' title='bbox 327 774 442 840; x_wconf 89' lang='lat' dir='ltr'>‘tionis</span> <span class='ocrx_word' id='word_1_46' title='bbox 452 774 570 852; x_wconf 91' lang='lat' dir='ltr'>Persei,</span> <span class='ocrx_word' id='word_1_47' title='bbox 580 711 745 840; x_wconf 62' lang='lat' dir='ltr'>eiillhrum</span> <span class='ocrx_word' id='word_1_48' title='bbox 758 773 928 862; x_wconf 88' lang='lat' dir='ltr'>pervicacis</span> <span class='ocrx_word' id='word_1_49' title='bbox 939 773 1112 860; x_wconf 89' lang='lat' dir='ltr'>superbiae,</span> <span class='ocrx_word' id='word_1_50' title='bbox 1121 772 1245 844; x_wconf 81' lang='lat' dir='ltr'>firturos</span> <span class='ocrx_word' id='word_1_51' title='bbox 1256 769 1392 834; x_wconf 77' lang='lat' dir='ltr'>testes’</span> 
     </span>
     <span class='ocr_line' id='line_1_8' title="bbox 327 857 1388 958; baseline -0.006 -32"><span class='ocrx_word' id='word_1_52' title='bbox 327 860 504 948; x_wconf 77' lang='lat' dir='ltr'><strong>Nunquam</strong></span> <span class='ocrx_word' id='word_1_53' title='bbox 532 862 573 929; x_wconf 88' lang='lat' dir='ltr'>ab</span> <span class='ocrx_word' id='word_1_54' title='bbox 598 861 712 926; x_wconf 89' lang='lat' dir='ltr'>talibus</span> <span class='ocrx_word' id='word_1_55' title='bbox 741 858 879 926; x_wconf 88' lang='lat' dir='ltr'>consiliis</span> <span class='ocrx_word' id='word_1_56' title='bbox 908 860 1095 926; x_wconf 79' lang='lat' dir='ltr'>abhorrebat</span> <span class='ocrx_word' id='word_1_57' title='bbox 1123 860 1204 958; x_wconf 69' lang='lat' dir='ltr'>regis</span> <span class='ocrx_word' id='word_1_58' title='bbox 1234 857 1388 922; x_wconf 74' lang='lat' dir='ltr'>animam.</span> 
     </span>
     <span class='ocr_line' id='line_1_9' title="bbox 326 943 1388 1035; baseline -0.003 -23"><span class='ocrx_word' id='word_1_59' title='bbox 326 947 439 1035; x_wconf 89' lang='lat' dir='ltr'>Itaque</span> <span class='ocrx_word' id='word_1_60' title='bbox 459 948 599 1035; x_wconf 92' lang='lat' dir='ltr'>plurium</span> <span class='ocrx_word' id='word_1_61' title='bbox 615 970 741 1012; x_wconf 86' lang='lat' dir='ltr'>assensu</span> <span class='ocrx_word' id='word_1_62' title='bbox 757 949 959 1035; x_wconf 87' lang='lat' dir='ltr'>comprobata</span> <span class='ocrx_word' id='word_1_63' title='bbox 972 960 1020 1011; x_wconf 88' lang='lat' dir='ltr'>est</span> <span class='ocrx_word' id='word_1_64' title='bbox 1033 959 1198 1011; x_wconf 82' lang='lat' dir='ltr'>sententra.</span> <span class='ocrx_word' id='word_1_65' title='bbox 1244 943 1388 1031; x_wconf 78' lang='lat' dir='ltr'>Legati,</span> 
     </span>
     <span class='ocr_line' id='line_1_10' title="bbox 326 1031 1385 1121; baseline -0.006 -22"><span class='ocrx_word' id='word_1_66' title='bbox 326 1034 368 1099; x_wconf 91' lang='lat' dir='ltr'>ad</span> <span class='ocrx_word' id='word_1_67' title='bbox 382 1034 545 1099; x_wconf 88' lang='lat' dir='ltr'>consulem</span> <span class='ocrx_word' id='word_1_68' title='bbox 568 1034 665 1112; x_wconf 73' lang='lat' dir='ltr'>mimi,</span> <span class='ocrx_word' id='word_1_69' title='bbox 681 1034 823 1099; x_wconf 82' lang='lat' dir='ltr'>adhibito</span> <span class='ocrx_word' id='word_1_70' title='bbox 837 1033 998 1121; x_wconf 81' lang='lat' dir='ltr'>frequenti</span> <span class='ocrx_word' id='word_1_71' title='bbox 1011 1031 1153 1109; x_wconf 89' lang='lat' dir='ltr'>consilio,</span> <span class='ocrx_word' id='word_1_72' title='bbox 1169 1031 1274 1098; x_wconf 83' lang='lat' dir='ltr'>auditi</span> <span class='ocrx_word' id='word_1_73' title='bbox 1291 1045 1385 1094; x_wconf 87' lang='lat' dir='ltr'>sunt.</span> 
     </span>
    </p>

    <p class='ocr_par' dir='ltr' id='par_1_4' title="bbox 170 1119 1408 1220">
     <span class='ocr_line' id='line_1_11' title="bbox 170 1119 1408 1220; baseline -0.008 -33"><span class='ocrx_word' id='word_1_74' title='bbox 170 1139 274 1187; x_wconf 77' lang='lat' dir='ltr'>Perseus</span> <span class='ocrx_word' id='word_1_75' title='bbox 326 1121 444 1186; x_wconf 86' lang='lat' dir='ltr'>Pacem</span> <span class='ocrx_word' id='word_1_76' title='bbox 458 1121 589 1208; x_wconf 90' lang='lat' dir='ltr'>petiere,</span> <span class='ocrx_word' id='word_1_77' title='bbox 606 1119 770 1207; x_wconf 77' lang='lat' dir='ltr'>‘vectigal</span> <span class='ocrx_word' id='word_1_78' title='bbox 787 1135 941 1220; x_wconf 90' lang='lat' dir='ltr'>quantum</span> <span class='ocrx_word' id='word_1_79' title='bbox 957 1119 1124 1207; x_wconf 87' lang='lat' dir='ltr'>Philippus</span> <span class='ocrx_word' id='word_1_80' title='bbox 1145 1132 1256 1207; x_wconf 84' lang='lat' dir='ltr'>pactus</span> <span class='ocrx_word' id='word_1_81' title='bbox 1281 1128 1408 1192; x_wconf 62' lang='lat' dir='ltr'>meets</span> 
     </span>
    </p>

    <p class='ocr_par' dir='ltr' id='par_1_5' title="bbox 170 1203 1385 1295">
     <span class='ocr_line' id='line_1_12' title="bbox 170 1203 1385 1295; baseline -0.008 -17"><span class='ocrx_word' id='word_1_82' title='bbox 170 1219 256 1278; x_wconf 62' lang='lat' dir='ltr'>paoem</span> <span class='ocrx_word' id='word_1_83' title='bbox 269 1218 310 1266; x_wconf 54' lang='lat'>1³⁰*</span> <span class='ocrx_word' id='word_1_84' title='bbox 328 1208 498 1272; x_wconf 89' lang='lat' dir='ltr'>‘daturum</span> <span class='ocrx_word' id='word_1_85' title='bbox 523 1207 640 1272; x_wconf 82' lang='lat' dir='ltr'>Persea</span> <span class='ocrx_word' id='word_1_86' title='bbox 666 1207 834 1272; x_wconf 85' lang='lat' dir='ltr'>Romanrs&#39;</span> <span class='ocrx_word' id='word_1_87' title='bbox 859 1206 1061 1295; x_wconf 88' lang='lat' dir='ltr'>pollicentes;</span> <span class='ocrx_word' id='word_1_88' title='bbox 1092 1214 1102 1244; x_wconf 89' lang='lat'>‘</span> <span class='ocrx_word' id='word_1_89' title='bbox 1114 1205 1254 1281; x_wconf 86' lang='lat' dir='ltr'>urbibus,</span> <span class='ocrx_word' id='word_1_90' title='bbox 1279 1203 1385 1290; x_wconf 81' lang='lat' dir='ltr'>agris,</span> 
     </span>
    </p>

    <p class='ocr_par' dir='ltr' id='par_1_6' title="bbox 170 1272 1401 2658">
     <span class='ocr_line' id='line_1_13' title="bbox 170 1272 1386 1381; baseline -0.005 -22"><span class='ocrx_word' id='word_1_91' title='bbox 170 1272 207 1316; x_wconf 57' lang='lat' dir='ltr'>m*</span> <span class='ocrx_word' id='word_1_92' title='bbox 328 1294 408 1360; x_wconf 84' lang='lat' dir='ltr'>‘loc&#39;</span> <span class='ocrx_word' id='word_1_93' title='bbox 449 1317 499 1371; x_wconf 91' lang='lat' dir='ltr'>ue,</span> <span class='ocrx_word' id='word_1_94' title='bbox 522 1294 638 1381; x_wconf 89' lang='lat' dir='ltr'>quibus</span> <span class='ocrx_word' id='word_1_95' title='bbox 660 1292 828 1381; x_wconf 88' lang='lat' dir='ltr'>Philippus</span> <span class='ocrx_word' id='word_1_96' title='bbox 854 1293 1006 1370; x_wconf 74' lang='lat' dir='ltr'>cessisset,</span> <span class='ocrx_word' id='word_1_97' title='bbox 1030 1314 1190 1358; x_wconf 86' lang='lat' dir='ltr'>cessurum</span> <span class='ocrx_word' id='word_1_98' title='bbox 1211 1290 1386 1378; x_wconf 66' lang='lat' dir='ltr'>primum!</span> 
     </span>
     <span class='ocr_line' id='line_1_14' title="bbox 328 1377 1385 1530; baseline -0.005 -83"><span class='ocrx_word' id='word_1_99' title='bbox 328 1380 418 1447; x_wconf 87' lang='lat' dir='ltr'>Haec</span> <span class='ocrx_word' id='word_1_100' title='bbox 451 1381 545 1482; x_wconf 73' lang='lat' dir='ltr'>egati.</span> <span class='ocrx_word' id='word_1_101' title='bbox 593 1380 765 1446; x_wconf 85' lang='lat' dir='ltr'>Summotis</span> <span class='ocrx_word' id='word_1_102' title='bbox 786 1379 845 1457; x_wconf 90' lang='lat' dir='ltr'>his,</span> <span class='ocrx_word' id='word_1_103' title='bbox 860 1402 960 1530; x_wconf 75' lang='lat' dir='ltr'>quum</span> <span class='ocrx_word' id='word_1_104' title='bbox 983 1378 1206 1454; x_wconf 82' lang='lat' dir='ltr'>consultarent,</span> <span class='ocrx_word' id='word_1_105' title='bbox 1223 1377 1385 1442; x_wconf 88' lang='lat' dir='ltr'>Romana</span> 
     </span>
     <span class='ocr_line' id='line_1_15' title="bbox 327 1462 1384 1542; baseline -0.007 -9"><span class='ocrx_word' id='word_1_106' title='bbox 327 1480 504 1534; x_wconf 76' lang='lat' dir='ltr'>constantia</span> <span class='ocrx_word' id='word_1_107' title='bbox 522 1467 599 1532; x_wconf 87' lang='lat' dir='ltr'>vicit</span> <span class='ocrx_word' id='word_1_108' title='bbox 619 1467 654 1532; x_wconf 92' lang='lat' dir='ltr'>iu</span> <span class='ocrx_word' id='word_1_109' title='bbox 673 1467 814 1532; x_wconf 88' lang='lat' dir='ltr'>consilio.</span> <span class='ocrx_word' id='word_1_110' title='bbox 879 1480 992 1531; x_wconf 86' lang='lat' dir='ltr'>tatum</span> <span class='ocrx_word' id='word_1_111' title='bbox 1008 1488 1076 1530; x_wconf 88' lang='lat' dir='ltr'>mos</span> <span class='ocrx_word' id='word_1_112' title='bbox 1090 1477 1167 1542; x_wconf 88' lang='lat' dir='ltr'>erat,</span> <span class='ocrx_word' id='word_1_113' title='bbox 1183 1463 1217 1528; x_wconf 92' lang='lat' dir='ltr'>in</span> <span class='ocrx_word' id='word_1_114' title='bbox 1233 1462 1384 1528; x_wconf 88' lang='lat' dir='ltr'>adversis</span> 
     </span>
     <span class='ocr_line' id='line_1_16' title="bbox 326 1550 1383 1640; baseline -0.007 -20"><span class='ocrx_word' id='word_1_115' title='bbox 326 1553 451 1620; x_wconf 79' lang='lat' dir='ltr'>vultum</span> <span class='ocrx_word' id='word_1_116' title='bbox 469 1554 628 1619; x_wconf 86' lang='lat' dir='ltr'>secundae</span> <span class='ocrx_word' id='word_1_117' title='bbox 642 1554 787 1619; x_wconf 81' lang='lat' dir='ltr'>fortunae</span> <span class='ocrx_word' id='word_1_118' title='bbox 809 1575 929 1640; x_wconf 79' lang='lat' dir='ltr'>gemm,</span> <span class='ocrx_word' id='word_1_119' title='bbox 945 1551 1100 1617; x_wconf 86' lang='lat' dir='ltr'>moderari</span> <span class='ocrx_word' id='word_1_120' title='bbox 1122 1551 1244 1616; x_wconf 88' lang='lat' dir='ltr'>animos</span> <span class='ocrx_word' id='word_1_121' title='bbox 1266 1550 1305 1614; x_wconf 89' lang='lat' dir='ltr'>in</span> <span class='ocrx_word' id='word_1_122' title='bbox 1330 1573 1383 1614; x_wconf 85' lang='lat' dir='ltr'>se-</span> 
     </span>
     <span class='ocr_line' id='line_1_17' title="bbox 327 1637 1383 1727; baseline -0.006 -22"><span class='ocrx_word' id='word_1_123' title='bbox 327 1640 448 1706; x_wconf 87' lang='lat' dir='ltr'>cundis.</span> <span class='ocrx_word' id='word_1_124' title='bbox 489 1639 690 1727; x_wconf 85' lang='lat' dir='ltr'>Responderi</span> <span class='ocrx_word' id='word_1_125' title='bbox 704 1640 833 1727; x_wconf 86' lang='lat' dir='ltr'>placuit,</span> <span class='ocrx_word' id='word_1_126' title='bbox 850 1648 859 1678; x_wconf 94' lang='lat'>‘</span> <span class='ocrx_word' id='word_1_127' title='bbox 867 1638 917 1706; x_wconf 87' lang='lat' dir='ltr'>Ita</span> <span class='ocrx_word' id='word_1_128' title='bbox 930 1661 1041 1726; x_wconf 90' lang='lat' dir='ltr'>pacem</span> <span class='ocrx_word' id='word_1_129' title='bbox 1056 1639 1134 1716; x_wconf 84' lang='lat' dir='ltr'>dari,</span> <span class='ocrx_word' id='word_1_130' title='bbox 1150 1638 1177 1702; x_wconf 89' lang='lat' dir='ltr'>si</span> <span class='ocrx_word' id='word_1_131' title='bbox 1191 1637 1233 1702; x_wconf 85' lang='lat' dir='ltr'>de</span> <span class='ocrx_word' id='word_1_132' title='bbox 1248 1659 1383 1700; x_wconf 85' lang='lat' dir='ltr'>summa</span> 
     </span>
     <span class='ocr_line' id='line_1_18' title="bbox 329 1723 1383 1814; baseline -0.005 -23"><span class='ocrx_word' id='word_1_133' title='bbox 329 1735 455 1791; x_wconf 89' lang='lat' dir='ltr'>‘rerum</span> <span class='ocrx_word' id='word_1_134' title='bbox 470 1725 604 1792; x_wconf 90' lang='lat' dir='ltr'>liberum</span> <span class='ocrx_word' id='word_1_135' title='bbox 618 1727 741 1790; x_wconf 90' lang='lat' dir='ltr'>senatui</span> <span class='ocrx_word' id='word_1_136' title='bbox 756 1726 918 1814; x_wconf 88' lang='lat' dir='ltr'>permittat</span> <span class='ocrx_word' id='word_1_137' title='bbox 932 1748 988 1790; x_wconf 86' lang='lat' dir='ltr'>rex</span> <span class='ocrx_word' id='word_1_138' title='bbox 1004 1725 1045 1790; x_wconf 89' lang='lat' dir='ltr'>de</span> <span class='ocrx_word' id='word_1_139' title='bbox 1059 1724 1210 1812; x_wconf 86' lang='lat' dir='ltr'>sedeque</span> <span class='ocrx_word' id='word_1_140' title='bbox 1225 1723 1383 1788; x_wconf 79' lang='lat' dir='ltr'>universa</span> 
     </span>
     <span class='ocr_line' id='line_1_19' title="bbox 329 1809 1381 1898; baseline -0.003 -22"><span class='ocrx_word' id='word_1_141' title='bbox 329 1811 543 1881; x_wconf 85' lang='lat' dir='ltr'>‘Macedonia</span> <span class='ocrx_word' id='word_1_142' title='bbox 564 1813 724 1877; x_wconf 85' lang='lat' dir='ltr'>statuendi</span> <span class='ocrx_word' id='word_1_143' title='bbox 745 1813 814 1876; x_wconf 85' lang='lat' dir='ltr'>ius&#39;</span> <span class='ocrx_word' id='word_1_144' title='bbox 858 1811 949 1877; x_wconf 88' lang='lat' dir='ltr'>Haec</span> <span class='ocrx_word' id='word_1_145' title='bbox 964 1834 1063 1898; x_wconf 92' lang='lat' dir='ltr'>quum</span> <span class='ocrx_word' id='word_1_146' title='bbox 1077 1810 1317 1876; x_wconf 77' lang='lat' dir='ltr'>renuntiassent</span> <span class='ocrx_word' id='word_1_147' title='bbox 1333 1809 1381 1873; x_wconf 88' lang='lat' dir='ltr'>le-</span> 
     </span>
     <span class='ocr_line' id='line_1_20' title="bbox 327 1897 1401 1985; baseline 0.003 -22"><span class='ocrx_word' id='word_1_148' title='bbox 327 1899 403 1985; x_wconf 79' lang='lat' dir='ltr'>gati,</span> <span class='ocrx_word' id='word_1_149' title='bbox 425 1897 577 1963; x_wconf 91' lang='lat' dir='ltr'>miraculo</span> <span class='ocrx_word' id='word_1_150' title='bbox 598 1899 716 1984; x_wconf 80' lang='lat' dir='ltr'>ignaris</span> <span class='ocrx_word' id='word_1_151' title='bbox 737 1899 832 1962; x_wconf 87' lang='lat' dir='ltr'>moris</span> <span class='ocrx_word' id='word_1_152' title='bbox 854 1899 1027 1985; x_wconf 88' lang='lat' dir='ltr'>pertinacia</span> <span class='ocrx_word' id='word_1_153' title='bbox 1045 1897 1264 1962; x_wconf 87' lang='lat' dir='ltr'>Romanorum</span> <span class='ocrx_word' id='word_1_154' title='bbox 1284 1917 1401 1972; x_wconf 84' lang='lat' dir='ltr'>esse39</span> 
     </span>
     <span class='ocr_line' id='line_1_21' title="bbox 329 1981 1379 2072; baseline -0.005 -21"><span class='ocrx_word' id='word_1_155' title='bbox 329 1999 362 2051; x_wconf 92' lang='lat' dir='ltr'>et</span> <span class='ocrx_word' id='word_1_156' title='bbox 378 1985 522 2072; x_wconf 88' lang='lat' dir='ltr'>plerique</span> <span class='ocrx_word' id='word_1_157' title='bbox 536 1998 653 2063; x_wconf 84' lang='lat' dir='ltr'>vetare,</span> <span class='ocrx_word' id='word_1_158' title='bbox 668 2007 718 2050; x_wconf 91' lang='lat' dir='ltr'>am</span> <span class='ocrx_word' id='word_1_159' title='bbox 742 1983 803 2049; x_wconf 89' lang='lat' dir='ltr'>lius</span> <span class='ocrx_word' id='word_1_160' title='bbox 823 1986 1018 2050; x_wconf 90' lang='lat' dir='ltr'>mentionem</span> <span class='ocrx_word' id='word_1_161' title='bbox 1039 1985 1126 2072; x_wconf 88' lang='lat' dir='ltr'>pacis</span> <span class='ocrx_word' id='word_1_162' title='bbox 1144 1985 1265 2048; x_wconf 78' lang='lat' dir='ltr'>lacere:</span> <span class='ocrx_word' id='word_1_163' title='bbox 1290 1981 1379 2047; x_wconf 86' lang='lat' dir='ltr'>ultro</span> 
     </span>
     <span class='ocr_line' id='line_1_22' title="bbox 329 2069 1379 2158; baseline -0.003 -22"><span class='ocrx_word' id='word_1_164' title='bbox 329 2093 405 2136; x_wconf 86' lang='lat' dir='ltr'>mox</span> <span class='ocrx_word' id='word_1_165' title='bbox 422 2071 628 2158; x_wconf 86' lang='lat' dir='ltr'>quaesituros,</span> <span class='ocrx_word' id='word_1_166' title='bbox 645 2095 689 2158; x_wconf 95' lang='lat' dir='ltr'>qu</span> <span class='ocrx_word' id='word_1_167' title='bbox 755 2071 895 2136; x_wconf 89' lang='lat' dir='ltr'>oblatum</span> <span class='ocrx_word' id='word_1_168' title='bbox 917 2071 1086 2137; x_wconf 85' lang='lat' dir='ltr'>fastidiant</span> <span class='ocrx_word' id='word_1_169' title='bbox 1133 2070 1269 2135; x_wconf 86' lang='lat' dir='ltr'>Perseus</span> <span class='ocrx_word' id='word_1_170' title='bbox 1291 2069 1379 2134; x_wconf 86' lang='lat' dir='ltr'>hanc</span> 
     </span>
     <span class='ocr_line' id='line_1_23' title="bbox 329 2157 1378 2246; baseline -0.002 -24"><span class='ocrx_word' id='word_1_171' title='bbox 329 2158 428 2246; x_wconf 85' lang='lat' dir='ltr'>ipsam</span> <span class='ocrx_word' id='word_1_172' title='bbox 443 2159 631 2245; x_wconf 88' lang='lat' dir='ltr'>superbiam,</span> <span class='ocrx_word' id='word_1_173' title='bbox 642 2158 761 2245; x_wconf 91' lang='lat' dir='ltr'>quippe</span> <span class='ocrx_word' id='word_1_174' title='bbox 777 2181 817 2223; x_wconf 84' lang='lat' dir='ltr'>ex</span> <span class='ocrx_word' id='word_1_175' title='bbox 832 2157 949 2222; x_wconf 86' lang='lat' dir='ltr'>fiducia</span> <span class='ocrx_word' id='word_1_176' title='bbox 958 2159 1073 2222; x_wconf 83' lang='lat' dir='ltr'>virium</span> <span class='ocrx_word' id='word_1_177' title='bbox 1088 2179 1164 2234; x_wconf 89' lang='lat' dir='ltr'>esse,</span> <span class='ocrx_word' id='word_1_178' title='bbox 1177 2157 1309 2221; x_wconf 89' lang='lat' dir='ltr'>timere:</span> <span class='ocrx_word' id='word_1_179' title='bbox 1334 2171 1378 2232; x_wconf 88' lang='lat' dir='ltr'>et,</span> 
     </span>
     <span class='ocr_line' id='line_1_24' title="bbox 329 2245 1377 2344; baseline -0.004 -34"><span class='ocrx_word' id='word_1_180' title='bbox 329 2266 484 2310; x_wconf 85' lang='lat' dir='ltr'>summam</span> <span class='ocrx_word' id='word_1_181' title='bbox 505 2245 659 2344; x_wconf 90' lang='lat' dir='ltr'>pecuniae</span> <span class='ocrx_word' id='word_1_182' title='bbox 679 2267 808 2330; x_wconf 82' lang='lat' dir='ltr'>augens,</span> <span class='ocrx_word' id='word_1_183' title='bbox 827 2246 854 2308; x_wconf 88' lang='lat' dir='ltr'>si</span> <span class='ocrx_word' id='word_1_184' title='bbox 873 2245 976 2332; x_wconf 89' lang='lat' dir='ltr'>pretio</span> <span class='ocrx_word' id='word_1_185' title='bbox 996 2267 1109 2331; x_wconf 88' lang='lat' dir='ltr'>pacem</span> <span class='ocrx_word' id='word_1_186' title='bbox 1129 2265 1235 2309; x_wconf 85' lang='lat' dir='ltr'>emere</span> <span class='ocrx_word' id='word_1_187' title='bbox 1282 2257 1377 2318; x_wconf 81' lang='lat' dir='ltr'>osset,</span> 
     </span>
     <span class='ocr_line' id='line_1_25' title="bbox 329 2328 1377 2419; baseline -0.004 -23"><span class='ocrx_word' id='word_1_188' title='bbox 329 2353 396 2396; x_wconf 90' lang='lat' dir='ltr'>non</span> <span class='ocrx_word' id='word_1_189' title='bbox 409 2330 531 2396; x_wconf 77' lang='lat' dir='ltr'>destitit</span> <span class='ocrx_word' id='word_1_190' title='bbox 546 2332 689 2397; x_wconf 88' lang='lat' dir='ltr'>animum</span> <span class='ocrx_word' id='word_1_191' title='bbox 704 2331 841 2396; x_wconf 88' lang='lat' dir='ltr'>consulis</span> <span class='ocrx_word' id='word_1_192' title='bbox 856 2343 986 2396; x_wconf 87' lang='lat' dir='ltr'>tentare.</span> <span class='ocrx_word' id='word_1_193' title='bbox 1031 2331 1205 2419; x_wconf 89' lang='lat' dir='ltr'>Postquam</span> <span class='ocrx_word' id='word_1_194' title='bbox 1227 2329 1265 2392; x_wconf 92' lang='lat' dir='ltr'>ni</span> <span class='ocrx_word' id='word_1_195' title='bbox 1291 2328 1314 2392; x_wconf 91' lang='lat' dir='ltr'>&#39;l</span> <span class='ocrx_word' id='word_1_196' title='bbox 1337 2351 1377 2393; x_wconf 86' lang='lat' dir='ltr'>ex</span> 
     </span>
     <span class='ocr_line' id='line_1_26' title="bbox 330 2416 1378 2518; baseline -0.004 -34"><span class='ocrx_word' id='word_1_197' title='bbox 330 2442 379 2497; x_wconf 89' lang='lat' dir='ltr'>eo,</span> <span class='ocrx_word' id='word_1_198' title='bbox 395 2417 482 2505; x_wconf 92' lang='lat' dir='ltr'>quod</span> <span class='ocrx_word' id='word_1_199' title='bbox 503 2420 606 2505; x_wconf 91' lang='lat' dir='ltr'>primo</span> <span class='ocrx_word' id='word_1_200' title='bbox 627 2418 842 2505; x_wconf 89' lang='lat' dir='ltr'>responderat,</span> <span class='ocrx_word' id='word_1_201' title='bbox 865 2419 1015 2495; x_wconf 86' lang='lat' dir='ltr'>mutabat,</span> <span class='ocrx_word' id='word_1_202' title='bbox 1039 2418 1204 2518; x_wconf 85' lang='lat' dir='ltr'>desperata</span> <span class='ocrx_word' id='word_1_203' title='bbox 1225 2439 1316 2503; x_wconf 88' lang='lat' dir='ltr'>pace,</span> <span class='ocrx_word' id='word_1_204' title='bbox 1336 2416 1378 2479; x_wconf 85' lang='lat' dir='ltr'>ad</span> 
     </span>
     <span class='ocr_line' id='line_1_27' title="bbox 332 2503 1377 2594; baseline -0.004 -24"><span class='ocrx_word' id='word_1_205' title='bbox 332 2505 510 2593; x_wconf 84' lang='lat' dir='ltr'>Sycurium,</span> <span class='ocrx_word' id='word_1_206' title='bbox 526 2505 612 2570; x_wconf 92' lang='lat' dir='ltr'>unde</span> <span class='ocrx_word' id='word_1_207' title='bbox 634 2504 793 2594; x_wconf 90' lang='lat' dir='ltr'>profectus</span> <span class='ocrx_word' id='word_1_208' title='bbox 815 2520 891 2583; x_wconf 90' lang='lat' dir='ltr'>erat,</span> <span class='ocrx_word' id='word_1_209' title='bbox 911 2505 1016 2583; x_wconf 90' lang='lat' dir='ltr'>rediit,</span> <span class='ocrx_word' id='word_1_210' title='bbox 1035 2505 1110 2569; x_wconf 86' lang='lat' dir='ltr'>bellr</span> <span class='ocrx_word' id='word_1_211' title='bbox 1132 2524 1239 2568; x_wconf 87' lang='lat' dir='ltr'>casum</span> <span class='ocrx_word' id='word_1_212' title='bbox 1261 2503 1304 2567; x_wconf 93' lang='lat' dir='ltr'>de</span> <span class='ocrx_word' id='word_1_213' title='bbox 1328 2504 1377 2566; x_wconf 88' lang='lat' dir='ltr'>in-</span> 
     </span>
     <span class='ocr_line' id='line_1_28' title="bbox 331 2604 620 2658; baseline 0 -1"><span class='ocrx_word' id='word_1_214' title='bbox 331 2604 344 2657; x_wconf 91' lang='lat' dir='ltr'>t</span> <span class='ocrx_word' id='word_1_215' title='bbox 435 2607 620 2658; x_wconf 83' lang='lat' dir='ltr'>tentaturus.</span> 
     </span>
    </p>

    <p class='ocr_par' dir='ltr' id='par_1_7' title="bbox 174 2675 1394 3023">
     <span class='ocr_line' id='line_1_29' title="bbox 221 2675 1378 2767; baseline -0.004 -24"><span class='ocrx_word' id='word_1_216' title='bbox 221 2696 272 2756; x_wconf 80' lang='lat'>63,</span> <span class='ocrx_word' id='word_1_217' title='bbox 399 2700 471 2743; x_wconf 91' lang='lat' dir='ltr'>ama</span> <span class='ocrx_word' id='word_1_218' title='bbox 489 2680 645 2766; x_wconf 90' lang='lat' dir='ltr'>equestris</span> <span class='ocrx_word' id='word_1_219' title='bbox 665 2700 802 2767; x_wconf 80' lang='lat' dir='ltr'>pugnae,</span> <span class='ocrx_word' id='word_1_220' title='bbox 820 2677 947 2765; x_wconf 85' lang='lat' dir='ltr'>vulgata</span> <span class='ocrx_word' id='word_1_221' title='bbox 968 2700 1026 2765; x_wconf 89' lang='lat' dir='ltr'>per</span> <span class='ocrx_word' id='word_1_222' title='bbox 1043 2676 1222 2753; x_wconf 87' lang='lat' dir='ltr'>Graeciam,</span> <span class='ocrx_word' id='word_1_223' title='bbox 1241 2675 1378 2740; x_wconf 85' lang='lat' dir='ltr'>nudavit</span> 
     </span>
     <span class='ocr_line' id='line_1_30' title="bbox 174 2762 1377 2850; baseline -0.002 -21"><span class='ocrx_word' id='word_1_224' title='bbox 174 2779 263 2829; x_wconf 77' lang='lat' dir='ltr'>Graeci</span> <span class='ocrx_word' id='word_1_225' title='bbox 274 2780 308 2827; x_wconf 75' lang='lat' dir='ltr'>fa-</span> <span class='ocrx_word' id='word_1_226' title='bbox 330 2764 508 2829; x_wconf 86' lang='lat' dir='ltr'>voluntates</span> <span class='ocrx_word' id='word_1_227' title='bbox 529 2765 703 2829; x_wconf 90' lang='lat' dir='ltr'>hominum.</span> <span class='ocrx_word' id='word_1_228' title='bbox 750 2763 827 2828; x_wconf 92' lang='lat' dir='ltr'>Non</span> <span class='ocrx_word' id='word_1_229' title='bbox 845 2766 931 2828; x_wconf 92' lang='lat' dir='ltr'>enim</span> <span class='ocrx_word' id='word_1_230' title='bbox 953 2764 1065 2842; x_wconf 89' lang='lat' dir='ltr'>solum,</span> <span class='ocrx_word' id='word_1_231' title='bbox 1081 2762 1137 2850; x_wconf 92' lang='lat' dir='ltr'>qui</span> <span class='ocrx_word' id='word_1_232' title='bbox 1152 2764 1250 2850; x_wconf 83' lang='lat' dir='ltr'>partis</span> <span class='ocrx_word' id='word_1_233' title='bbox 1265 2762 1377 2827; x_wconf 85' lang='lat' dir='ltr'>Mace·</span> 
     </span>
     <span class='ocr_line' id='line_1_31' title="bbox 175 2843 1377 2949; baseline -0.004 -34"><span class='ocrx_word' id='word_1_234' title='bbox 175 2851 232 2892; x_wconf 59' lang='lat'>*⁰¹¹²</span> <span class='ocrx_word' id='word_1_235' title='bbox 243 2843 263 2890; x_wconf 87' lang='lat' dir='ltr'><strong>P</strong></span> <span class='ocrx_word' id='word_1_236' title='bbox 265 2859 300 2891; x_wconf 67' lang='lat'>⁰¹·</span> <span class='ocrx_word' id='word_1_237' title='bbox 331 2850 452 2915; x_wconf 89' lang='lat' dir='ltr'>donum</span> <span class='ocrx_word' id='word_1_238' title='bbox 474 2866 573 2925; x_wconf 89' lang='lat' dir='ltr'>erant,</span> <span class='ocrx_word' id='word_1_239' title='bbox 593 2852 650 2915; x_wconf 89' lang='lat' dir='ltr'>sed</span> <span class='ocrx_word' id='word_1_240' title='bbox 670 2850 825 2949; x_wconf 91' lang='lat' dir='ltr'>plerique,</span> <span class='ocrx_word' id='word_1_241' title='bbox 849 2850 1031 2937; x_wconf 82' lang='lat' dir='ltr'>ingentibus</span> <span class='ocrx_word' id='word_1_242' title='bbox 1054 2851 1275 2915; x_wconf 88' lang='lat' dir='ltr'>Romanorum</span> <span class='ocrx_word' id='word_1_243' title='bbox 1298 2848 1377 2913; x_wconf 94' lang='lat' dir='ltr'>obli-</span> 
     </span>
     <span class='ocr_line' id='line_1_32' title="bbox 174 2924 1394 3023; baseline -0.005 -23"><span class='ocrx_word' id='word_1_244' title='bbox 174 2924 223 2957; x_wconf 69' lang='lat'>⁸⁰⁰¹</span> <span class='ocrx_word' id='word_1_245' title='bbox 331 2937 398 3023; x_wconf 79' lang='lat' dir='ltr'>gati</span> <span class='ocrx_word' id='word_1_246' title='bbox 426 2936 597 3013; x_wconf 83' lang='lat' dir='ltr'>beneficiis,</span> <span class='ocrx_word' id='word_1_247' title='bbox 624 2936 754 3022; x_wconf 85' lang='lat' dir='ltr'>qurdam</span> <span class='ocrx_word' id='word_1_248' title='bbox 780 2937 844 3000; x_wconf 88' lang='lat' dir='ltr'>vim</span> <span class='ocrx_word' id='word_1_249' title='bbox 874 2958 912 3000; x_wconf 89' lang='lat' dir='ltr'>su</span> <span class='ocrx_word' id='word_1_250' title='bbox 953 2937 1117 3023; x_wconf 91' lang='lat' dir='ltr'>rbiamque</span> <span class='ocrx_word' id='word_1_251' title='bbox 1141 2936 1277 3023; x_wconf 89' lang='lat' dir='ltr'>experti,</span> <span class='ocrx_word' id='word_1_252' title='bbox 1303 2934 1394 2999; x_wconf 77' lang='lat' dir='ltr'>laetir</span> 
     </span>
    </p>

    <p class='ocr_par' dir='ltr' id='par_1_8' title="bbox 175 3022 1394 3801">
     <span class='ocr_line' id='line_1_33' title="bbox 332 3022 1376 3109; baseline -0.003 -21"><span class='ocrx_word' id='word_1_253' title='bbox 332 3044 402 3088; x_wconf 88' lang='lat' dir='ltr'>earn</span> <span class='ocrx_word' id='word_1_254' title='bbox 423 3022 540 3086; x_wconf 84' lang='lat' dir='ltr'>famam</span> <span class='ocrx_word' id='word_1_255' title='bbox 561 3044 730 3109; x_wconf 83' lang='lat' dir='ltr'>accepere:</span> <span class='ocrx_word' id='word_1_256' title='bbox 756 3045 821 3087; x_wconf 91' lang='lat' dir='ltr'>non</span> <span class='ocrx_word' id='word_1_257' title='bbox 836 3023 877 3087; x_wconf 95' lang='lat' dir='ltr'>ob</span> <span class='ocrx_word' id='word_1_258' title='bbox 893 3023 986 3087; x_wconf 90' lang='lat' dir='ltr'>aiam</span> <span class='ocrx_word' id='word_1_259' title='bbox 1008 3045 1144 3100; x_wconf 86' lang='lat' dir='ltr'>causam,</span> <span class='ocrx_word' id='word_1_260' title='bbox 1182 3044 1257 3086; x_wconf 89' lang='lat' dir='ltr'>uam</span> <span class='ocrx_word' id='word_1_261' title='bbox 1280 3044 1376 3109; x_wconf 85' lang='lat' dir='ltr'>pravo</span> 
     </span>
     <span class='ocr_line' id='line_1_34' title="bbox 331 3108 1375 3194; baseline -0.001 -21"><span class='ocrx_word' id='word_1_262' title='bbox 331 3108 447 3185; x_wconf 83' lang='lat' dir='ltr'>surdio,</span> <span class='ocrx_word' id='word_1_263' title='bbox 468 3130 533 3194; x_wconf 91' lang='lat' dir='ltr'>quo</span> <span class='ocrx_word' id='word_1_264' title='bbox 555 3109 652 3172; x_wconf 89' lang='lat' dir='ltr'>etiam</span> <span class='ocrx_word' id='word_1_265' title='bbox 672 3108 706 3172; x_wconf 91' lang='lat' dir='ltr'>in</span> <span class='ocrx_word' id='word_1_266' title='bbox 729 3109 954 3173; x_wconf 85' lang='lat' dir='ltr'>certaminibus</span> <span class='ocrx_word' id='word_1_267' title='bbox 976 3108 1105 3173; x_wconf 89' lang='lat' dir='ltr'>ludicris</span> <span class='ocrx_word' id='word_1_268' title='bbox 1126 3132 1169 3175; x_wconf 88' lang='lat' dir='ltr'>vu</span> <span class='ocrx_word' id='word_1_269' title='bbox 1266 3109 1375 3183; x_wconf 90' lang='lat' dir='ltr'>utitur,</span> 
     </span>
     <span class='ocr_line' id='line_1_35' title="bbox 176 3195 1394 3283; baseline 0.001 -26"><span class='ocrx_word' id='word_1_270' title='bbox 176 3208 285 3258; x_wconf 74' lang='lat' dir='ltr'>Hauani</span> <span class='ocrx_word' id='word_1_271' title='bbox 333 3195 482 3259; x_wconf 89' lang='lat' dir='ltr'>deteriori</span> <span class='ocrx_word' id='word_1_272' title='bbox 511 3207 606 3280; x_wconf 89' lang='lat' dir='ltr'>atque</span> <span class='ocrx_word' id='word_1_273' title='bbox 636 3195 802 3260; x_wconf 89' lang='lat' dir='ltr'>infirmiori</span> <span class='ocrx_word' id='word_1_274' title='bbox 830 3195 974 3260; x_wconf 84' lang='lat' dir='ltr'>favendo.</span> <span class='ocrx_word' id='word_1_275' title='bbox 1023 3195 1147 3261; x_wconf 88' lang='lat' dir='ltr'>Eodem</span> <span class='ocrx_word' id='word_1_276' title='bbox 1172 3210 1319 3283; x_wconf 88' lang='lat' dir='ltr'>tempore</span> <span class='ocrx_word' id='word_1_277' title='bbox 1344 3196 1394 3257; x_wconf 77' lang='lat' dir='ltr'>in2</span> 
     </span>
     <span class='ocr_line' id='line_1_36' title="bbox 176 3280 1377 3370; baseline -0.003 -21"><span class='ocrx_word' id='word_1_278' title='bbox 176 3288 299 3349; x_wconf 75' lang='lat' dir='ltr'>⁰.PP¹¹⁸⁰⁸·</span> <span class='ocrx_word' id='word_1_279' title='bbox 333 3280 468 3346; x_wconf 89' lang='lat' dir='ltr'>Boeotia</span> <span class='ocrx_word' id='word_1_280' title='bbox 488 3282 658 3345; x_wconf 78' lang='lat' dir='ltr'>summani</span> <span class='ocrx_word' id='word_1_281' title='bbox 673 3280 853 3346; x_wconf 86' lang='lat' dir='ltr'>Haliartum</span> <span class='ocrx_word' id='word_1_282' title='bbox 876 3281 1045 3347; x_wconf 88' lang='lat' dir='ltr'>Lueretius</span> <span class='ocrx_word' id='word_1_283' title='bbox 1066 3298 1190 3369; x_wconf 84' lang='lat' dir='ltr'>praetor</span> <span class='ocrx_word' id='word_1_284' title='bbox 1212 3303 1377 3370; x_wconf 80' lang='lat' dir='ltr'>oppugna·</span> 
     </span>
     <span class='ocr_line' id='line_1_37' title="bbox 175 3343 1375 3459; baseline -0.003 -26"><span class='ocrx_word' id='word_1_285' title='bbox 175 3343 217 3385; x_wconf 74' lang='lat' dir='ltr'>tro.</span> <span class='ocrx_word' id='word_1_286' title='bbox 332 3368 419 3459; x_wconf 54' lang='lat' dir='ltr'>bats</span> <span class='ocrx_word' id='word_1_287' title='bbox 431 3382 473 3445; x_wconf 90' lang='lat' dir='ltr'>et,</span> <span class='ocrx_word' id='word_1_288' title='bbox 489 3389 672 3454; x_wconf 90' lang='lat' dir='ltr'>quanquam</span> <span class='ocrx_word' id='word_1_289' title='bbox 693 3390 754 3432; x_wconf 90' lang='lat' dir='ltr'>nec</span> <span class='ocrx_word' id='word_1_290' title='bbox 777 3368 935 3433; x_wconf 90' lang='lat' dir='ltr'>habebant</span> <span class='ocrx_word' id='word_1_291' title='bbox 957 3382 1088 3433; x_wconf 87' lang='lat' dir='ltr'>externa</span> <span class='ocrx_word' id='word_1_292' title='bbox 1109 3368 1227 3433; x_wconf 87' lang='lat' dir='ltr'>auxilia</span> <span class='ocrx_word' id='word_1_293' title='bbox 1249 3368 1375 3443; x_wconf 84' lang='lat' dir='ltr'>obsessi,</span> 
     </span>
     <span class='ocr_line' id='line_1_38' title="bbox 332 3454 1376 3541; baseline -0.001 -22"><span class='ocrx_word' id='word_1_294' title='bbox 332 3469 458 3541; x_wconf 87' lang='lat' dir='ltr'>praeter</span> <span class='ocrx_word' id='word_1_295' title='bbox 476 3454 713 3519; x_wconf 85' lang='lat' dir='ltr'>Coronaeorum</span> <span class='ocrx_word' id='word_1_296' title='bbox 736 3454 884 3531; x_wconf 90' lang='lat' dir='ltr'>iuniores,</span> <span class='ocrx_word' id='word_1_297' title='bbox 901 3455 956 3540; x_wconf 93' lang='lat' dir='ltr'>qui</span> <span class='ocrx_word' id='word_1_298' title='bbox 977 3456 1080 3541; x_wconf 88' lang='lat' dir='ltr'>prima</span> <span class='ocrx_word' id='word_1_299' title='bbox 1102 3454 1269 3520; x_wconf 90' lang='lat' dir='ltr'>obsidione</span> <span class='ocrx_word' id='word_1_300' title='bbox 1292 3476 1376 3518; x_wconf 91' lang='lat' dir='ltr'>moe·</span> 
     </span>
     <span class='ocr_line' id='line_1_39' title="bbox 332 3540 1375 3629; baseline 0 -24"><span class='ocrx_word' id='word_1_301' title='bbox 332 3543 387 3605; x_wconf 89' lang='lat' dir='ltr'>nia</span> <span class='ocrx_word' id='word_1_302' title='bbox 400 3543 602 3618; x_wconf 83' lang='lat' dir='ltr'>intraverant,</span> <span class='ocrx_word' id='word_1_303' title='bbox 617 3564 724 3627; x_wconf 90' lang='lat' dir='ltr'>neque</span> <span class='ocrx_word' id='word_1_304' title='bbox 740 3542 916 3628; x_wconf 87' lang='lat' dir='ltr'>sperabant,</span> <span class='ocrx_word' id='word_1_305' title='bbox 932 3555 1037 3605; x_wconf 88' lang='lat' dir='ltr'>tamen</span> <span class='ocrx_word' id='word_1_306' title='bbox 1061 3542 1120 3629; x_wconf 90' lang='lat' dir='ltr'>ipsi</span> <span class='ocrx_word' id='word_1_307' title='bbox 1138 3541 1253 3605; x_wconf 88' lang='lat' dir='ltr'>animis</span> <span class='ocrx_word' id='word_1_308' title='bbox 1268 3540 1375 3628; x_wconf 80' lang='lat' dir='ltr'>magis,</span> 
     </span>
     <span class='ocr_line' id='line_1_40' title="bbox 332 3626 1377 3715; baseline -0.002 -23"><span class='ocrx_word' id='word_1_309' title='bbox 332 3650 429 3713; x_wconf 91' lang='lat' dir='ltr'>quam</span> <span class='ocrx_word' id='word_1_310' title='bbox 454 3628 582 3704; x_wconf 84' lang='lat' dir='ltr'>ritibus,</span> <span class='ocrx_word' id='word_1_311' title='bbox 604 3628 799 3693; x_wconf 88' lang='lat' dir='ltr'>resistebant.</span> <span class='ocrx_word' id='word_1_312' title='bbox 845 3626 931 3691; x_wconf 89' lang='lat' dir='ltr'>Nam</span> <span class='ocrx_word' id='word_1_313' title='bbox 957 3640 990 3691; x_wconf 91' lang='lat' dir='ltr'>et</span> <span class='ocrx_word' id='word_1_314' title='bbox 1015 3629 1196 3715; x_wconf 87' lang='lat' dir='ltr'>eruptiones</span> <span class='ocrx_word' id='word_1_315' title='bbox 1222 3628 1257 3693; x_wconf 90' lang='lat' dir='ltr'>iu</span> <span class='ocrx_word' id='word_1_316' title='bbox 1284 3648 1377 3715; x_wconf 88' lang='lat' dir='ltr'>opera</span> 
     </span>
     <span class='ocr_line' id='line_1_41' title="bbox 334 3711 1376 3801; baseline 0 -25"><span class='ocrx_word' id='word_1_317' title='bbox 334 3714 443 3777; x_wconf 91' lang='lat' dir='ltr'>crebro</span> <span class='ocrx_word' id='word_1_318' title='bbox 458 3713 632 3778; x_wconf 87' lang='lat' dir='ltr'>faciebant:</span> <span class='ocrx_word' id='word_1_319' title='bbox 657 3727 689 3777; x_wconf 91' lang='lat' dir='ltr'>et</span> <span class='ocrx_word' id='word_1_320' title='bbox 706 3714 836 3777; x_wconf 88' lang='lat' dir='ltr'>arietem</span> <span class='ocrx_word' id='word_1_321' title='bbox 856 3711 1028 3791; x_wconf 89' lang='lat' dir='ltr'>admotum,</span> <span class='ocrx_word' id='word_1_322' title='bbox 1044 3713 1233 3779; x_wconf 86' lang='lat' dir='ltr'>libramento</span> <span class='ocrx_word' id='word_1_323' title='bbox 1255 3713 1376 3801; x_wconf 90' lang='lat' dir='ltr'>plumbi</span> 
     </span>
    </p>
   </div>
   <div class='ocr_carea' id='block_1_3' title="bbox 288 3904 1377 4411">
    <p class='ocr_par' dir='ltr' id='par_1_9' title="bbox 331 3904 1377 4157">
     <span class='ocr_line' id='line_1_42' title="bbox 367 3904 1375 3966; baseline 0.005 -15"><span class='ocrx_word' id='word_1_324' title='bbox 367 3904 383 3952; x_wconf 89' lang='lat'>8</span> <span class='ocrx_word' id='word_1_325' title='bbox 398 3906 489 3953; x_wconf 81' lang='lat' dir='ltr'>Pacem</span> <span class='ocrx_word' id='word_1_326' title='bbox 502 3906 607 3966; x_wconf 76' lang='lat' dir='ltr'>petiere]</span> <span class='ocrx_word' id='word_1_327' title='bbox 630 3908 728 3954; x_wconf 70' lang='lat' dir='ltr'>Pedere</span> <span class='ocrx_word' id='word_1_328' title='bbox 739 3920 754 3953; x_wconf 86' lang='lat' dir='ltr'>a</span> <span class='ocrx_word' id='word_1_329' title='bbox 765 3920 840 3953; x_wconf 87' lang='lat' dir='ltr'>manu</span> <span class='ocrx_word' id='word_1_330' title='bbox 873 3904 1011 3953; x_wconf 81' lang='lat' dir='ltr'>Gronovius</span> <span class='ocrx_word' id='word_1_331' title='bbox 1025 3905 1147 3955; x_wconf 85' lang='lat' dir='ltr'>existimat</span> <span class='ocrx_word' id='word_1_332' title='bbox 1162 3904 1284 3955; x_wconf 77' lang='lat' dir='ltr'>excidisse</span> <span class='ocrx_word' id='word_1_333' title='bbox 1297 3922 1375 3956; x_wconf 80' lang='lat' dir='ltr'>vocem</span> 
     </span>
     <span class='ocr_line' id='line_1_43' title="bbox 331 3967 1377 4031; baseline 0.001 -13"><span class='ocrx_word' id='word_1_334' title='bbox 331 3967 456 4022; x_wconf 77' lang='lat' dir='ltr'>Perizonii</span> <span class='ocrx_word' id='word_1_335' title='bbox 467 3974 511 4017; x_wconf 79' lang='lat' dir='ltr'>est</span> <span class='ocrx_word' id='word_1_336' title='bbox 537 3970 625 4017; x_wconf 76' lang='lat' dir='ltr'>Petere</span> <span class='ocrx_word' id='word_1_337' title='bbox 636 3968 773 4019; x_wconf 83' lang='lat' dir='ltr'>Crevierius</span> <span class='ocrx_word' id='word_1_338' title='bbox 789 3974 840 4017; x_wconf 89' lang='lat' dir='ltr'>tue·</span> <span class='ocrx_word' id='word_1_339' title='bbox 873 3970 1044 4028; x_wconf 73' lang='lat' dir='ltr'>Macedonum,</span> <span class='ocrx_word' id='word_1_340' title='bbox 1060 3970 1099 4018; x_wconf 87' lang='lat' dir='ltr'>vel</span> <span class='ocrx_word' id='word_1_341' title='bbox 1115 3972 1135 4019; x_wconf 86' lang='lat' dir='ltr'>si</span> <span class='ocrx_word' id='word_1_342' title='bbox 1151 3968 1276 4031; x_wconf 81' lang='lat' dir='ltr'>malueris,</span> <span class='ocrx_word' id='word_1_343' title='bbox 1287 3971 1377 4029; x_wconf 75' lang='lat' dir='ltr'>Persei,</span> 
     </span>
     <span class='ocr_line' id='line_1_44' title="bbox 335 4032 1376 4096; baseline 0.002 -17"><span class='ocrx_word' id='word_1_344' title='bbox 335 4039 383 4090; x_wconf 88' lang='lat' dir='ltr'>tur,</span> <span class='ocrx_word' id='word_1_345' title='bbox 394 4033 435 4093; x_wconf 92' lang='lat' dir='ltr'>qui</span> <span class='ocrx_word' id='word_1_346' title='bbox 451 4038 535 4080; x_wconf 83' lang='lat' dir='ltr'>tamen</span> <span class='ocrx_word' id='word_1_347' title='bbox 546 4046 629 4080; x_wconf 89' lang='lat' dir='ltr'>vocem</span> <span class='ocrx_word' id='word_1_348' title='bbox 643 4034 784 4093; x_wconf 73' lang='lat' dir='ltr'>pollicentes</span> <span class='ocrx_word' id='word_1_349' title='bbox 800 4032 840 4080; x_wconf 88' lang='lat' dir='ltr'>eii-</span> <span class='ocrx_word' id='word_1_350' title='bbox 873 4035 992 4094; x_wconf 71' lang='lat' dir='ltr'>eutropia.</span> <span class='ocrx_word' id='word_1_351' title='bbox 1012 4034 1062 4081; x_wconf 85' lang='lat' dir='ltr'>llic</span> <span class='ocrx_word' id='word_1_352' title='bbox 1070 4034 1133 4083; x_wconf 88' lang='lat' dir='ltr'>euim</span> <span class='ocrx_word' id='word_1_353' title='bbox 1143 4034 1227 4082; x_wconf 84' lang='lat' dir='ltr'>Livius</span> <span class='ocrx_word' id='word_1_354' title='bbox 1234 4034 1343 4096; x_wconf 86' lang='lat' dir='ltr'>loquitur</span> <span class='ocrx_word' id='word_1_355' title='bbox 1349 4035 1376 4081; x_wconf 87' lang='lat' dir='ltr'>de</span> 
     </span>
     <span class='ocr_line' id='line_1_45' title="bbox 336 4095 1376 4157; baseline 0.003 -15"><span class='ocrx_word' id='word_1_356' title='bbox 336 4095 446 4142; x_wconf 82' lang='lat' dir='ltr'>ciendam</span> <span class='ocrx_word' id='word_1_357' title='bbox 459 4101 548 4144; x_wconf 83' lang='lat' dir='ltr'>censet</span> <span class='ocrx_word' id='word_1_358' title='bbox 594 4145 596 4148; x_wconf 69' lang='grc'><strong>,</strong></span> <span class='ocrx_word' id='word_1_359' title='bbox 873 4097 903 4143; x_wconf 87' lang='lat' dir='ltr'>iis</span> <span class='ocrx_word' id='word_1_360' title='bbox 914 4111 974 4157; x_wconf 85' lang='lat' dir='ltr'>quos</span> <span class='ocrx_word' id='word_1_361' title='bbox 990 4097 1079 4146; x_wconf 86' lang='lat' dir='ltr'>Perseo</span> <span class='ocrx_word' id='word_1_362' title='bbox 1096 4098 1182 4146; x_wconf 71' lang='lat' dir='ltr'>meiere</span> <span class='ocrx_word' id='word_1_363' title='bbox 1198 4096 1289 4147; x_wconf 89' lang='lat' dir='ltr'>mirum</span> <span class='ocrx_word' id='word_1_364' title='bbox 1307 4097 1376 4146; x_wconf 83' lang='lat' dir='ltr'>videri</span> 
     </span>
    </p>

    <p class='ocr_par' dir='ltr' id='par_1_10' title="bbox 336 4158 1377 4284">
     <span class='ocr_line' id='line_1_46' title="bbox 367 4158 1377 4221; baseline 0.005 -17"><span class='ocrx_word' id='word_1_365' title='bbox 367 4173 384 4221; x_wconf 87' lang='lat'>9</span> <span class='ocrx_word' id='word_1_366' title='bbox 400 4160 525 4208; x_wconf 74' lang='lat' dir='ltr'>Miramlo</span> <span class='ocrx_word' id='word_1_367' title='bbox 533 4158 639 4221; x_wconf 72' lang='lat' dir='ltr'>lyndrie]</span> <span class='ocrx_word' id='word_1_368' title='bbox 659 4174 692 4206; x_wconf 87' lang='lat' dir='ltr'>sc.</span> <span class='ocrx_word' id='word_1_369' title='bbox 702 4158 841 4207; x_wconf 88' lang='lat' dir='ltr'>Pertinacia</span> <span class='ocrx_word' id='word_1_370' title='bbox 873 4160 968 4207; x_wconf 73' lang='lat' dir='ltr'>debeat.</span> <span class='ocrx_word' id='word_1_371' title='bbox 1001 4160 1057 4209; x_wconf 85' lang='lat' dir='ltr'>Nec</span> <span class='ocrx_word' id='word_1_372' title='bbox 1074 4176 1130 4210; x_wconf 86' lang='lat' dir='ltr'>vero</span> <span class='ocrx_word' id='word_1_373' title='bbox 1148 4162 1192 4211; x_wconf 87' lang='lat' dir='ltr'>illo</span> <span class='ocrx_word' id='word_1_374' title='bbox 1210 4161 1236 4209; x_wconf 89' lang='lat' dir='ltr'>in</span> <span class='ocrx_word' id='word_1_375' title='bbox 1254 4163 1377 4211; x_wconf 68' lang='lat' dir='ltr'>Romam</span> 
     </span>
     <span class='ocr_line' id='line_1_47' title="bbox 336 4222 1340 4284; baseline 0.005 -14"><span class='ocrx_word' id='word_1_376' title='bbox 336 4222 504 4270; x_wconf 84' lang='lat' dir='ltr'>Romanorum</span> <span class='ocrx_word' id='word_1_377' title='bbox 520 4222 638 4270; x_wconf 85' lang='lat' dir='ltr'>miraculo</span> <span class='ocrx_word' id='word_1_378' title='bbox 657 4232 710 4269; x_wconf 87' lang='lat' dir='ltr'>erat</span> <span class='ocrx_word' id='word_1_379' title='bbox 725 4222 840 4271; x_wconf 85' lang='lat' dir='ltr'>Macedo·</span> <span class='ocrx_word' id='word_1_380' title='bbox 873 4228 923 4270; x_wconf 87' lang='lat' dir='ltr'>tam</span> <span class='ocrx_word' id='word_1_381' title='bbox 935 4224 1026 4284; x_wconf 87' lang='lat' dir='ltr'>asperis</span> <span class='ocrx_word' id='word_1_382' title='bbox 1037 4226 1115 4272; x_wconf 85' lang='lat' dir='ltr'>verbis</span> <span class='ocrx_word' id='word_1_383' title='bbox 1125 4230 1241 4274; x_wconf 87' lang='lat' dir='ltr'>uteretur.</span> <span class='ocrx_word' id='word_1_384' title='bbox 1258 4226 1340 4275; x_wconf 69' lang='lat' dir='ltr'>cmv.</span> 
     </span>
    </p>

    <p class='ocr_par' dir='ltr' id='par_1_11' title="bbox 288 4284 1376 4351">
     <span class='ocr_line' id='line_1_48' title="bbox 288 4284 1376 4351; baseline 0.003 -18"><span class='ocrx_word' id='word_1_385' title='bbox 288 4304 291 4315; x_wconf 91' lang='lat'><strong>·</strong></span> <span class='ocrx_word' id='word_1_386' title='bbox 336 4284 416 4340; x_wconf 76' lang='lat' dir='ltr'>nibus,</span> <span class='ocrx_word' id='word_1_387' title='bbox 426 4284 515 4345; x_wconf 73' lang='lat' dir='ltr'>ignaris</span> <span class='ocrx_word' id='word_1_388' title='bbox 525 4285 598 4333; x_wconf 88' lang='lat' dir='ltr'>moris</span> <span class='ocrx_word' id='word_1_389' title='bbox 609 4284 723 4334; x_wconf 82' lang='lat' dir='ltr'>Romani.</span> <span class='ocrx_word' id='word_1_390' title='bbox 906 4300 919 4335; x_wconf 77' lang='lat' dir='ltr'>a</span> <span class='ocrx_word' id='word_1_391' title='bbox 936 4288 1063 4351; x_wconf 78' lang='lat' dir='ltr'>Fanendo]</span> <span class='ocrx_word' id='word_1_392' title='bbox 1085 4290 1195 4339; x_wconf 75' lang='lat' dir='ltr'>Ponendi</span> <span class='ocrx_word' id='word_1_393' title='bbox 1211 4290 1309 4339; x_wconf 73' lang='lat' dir='ltr'>mauult</span> <span class='ocrx_word' id='word_1_394' title='bbox 1320 4289 1376 4339; x_wconf 81' lang='lat' dir='ltr'>(iro-</span> 
     </span>
    </p>

    <p class='ocr_par' dir='ltr' id='par_1_12' title="bbox 366 4346 966 4411">
     <span class='ocr_line' id='line_1_49' title="bbox 366 4346 966 4411; baseline 0.007 -16"><span class='ocrx_word' id='word_1_395' title='bbox 366 4362 376 4395; x_wconf 91' lang='lat'>1</span> <span class='ocrx_word' id='word_1_396' title='bbox 393 4350 444 4396; x_wconf 79' lang='lat' dir='ltr'>Vim</span> <span class='ocrx_word' id='word_1_397' title='bbox 452 4350 636 4411; x_wconf 77' lang='lat' dir='ltr'>superbiamque</span> <span class='ocrx_word' id='word_1_398' title='bbox 643 4346 751 4410; x_wconf 67' lang='lat' dir='ltr'>asperto]</span> <span class='ocrx_word' id='word_1_399' title='bbox 763 4348 841 4399; x_wconf 86' lang='lat' dir='ltr'>Recte</span> <span class='ocrx_word' id='word_1_400' title='bbox 873 4349 966 4399; x_wconf 75' lang='lat' dir='ltr'>novius.</span> 
     </span>
    </p>
   </div>
   <div class='ocr_carea' id='block_1_4' title="bbox 0 0 1475 4800">
    <p class='ocr_par' dir='ltr' id='par_1_13' title="bbox 0 0 1475 4800">
     <span class='ocr_line' id='line_1_50' title="bbox 0 0 1475 4800; baseline 0 0"><span class='ocrx_word' id='word_1_401' title='bbox 0 0 1475 4800; x_wconf 95' lang='lat' dir='ltr'> </span> 
     </span>
    </p>
   </div>
  </div>
 </body>
</html>
