2934 4800
484 639 544 736 T.
589 555 799 736 LlVII
844 636 1237 737 PATAVINI

647 943 904 1028 LIBER
953 943 1072 1026 XLI.
1176 923 1182 936 ⁸

764 1245 960 1304 -0--5
1046 1283 1050 1288 .

187 1522 262 1574 110.
278 1535 333 1588 574·
434 1511 579 1600 AM'per
593 1519 702 1578 omnes
713 1514 797 1579 orbis
811 1527 965 1580 terrarum
978 1529 1083 1602 partes
1093 1512 1234 1579 victricia
1246 1510 1401 1601 populosi

185 1588 216 1639 ³·
233 1589 262 1640 ⁰·
280 1591 333 1652 ¹⁷⁸·
350 1517 429 1675 [I
463 1598 627 1664 Romanus
641 1599 877 1666 circumtulerat
898 1624 994 1679 arma,
1010 1601 1197 1687 dissitasque
1218 1598 1328 1687 procul
1348 1612 1381 1662 et

341 1685 498 1750 seiunctas
512 1707 578 1749 non
593 1707 657 1749 uno
672 1686 752 1750 mari
765 1687 910 1773 regiones
930 1687 1024 1776 longe
1046 1687 1173 1773 lateque
1194 1699 1378 1774 pervaserat
1395 1719 1398 1727 ·

343 1769 408 1836 Sed
425 1769 460 1858 in
482 1784 569 1836 tanta
583 1771 750 1836 fluentium
766 1795 807 1835 ex
821 1784 895 1836 voto
909 1793 1015 1837 rerum
1029 1771 1177 1837 felicitate
1192 1771 1381 1837 moderatio-

340 1857 391 1922 nis
406 1869 512 1921 tamen
529 1857 662 1944 adeptus
681 1857 819 1935 landem,
834 1859 1019 1924 auctoritate
1041 1860 1150 1946 magis,
1166 1881 1263 1946 quam
1281 1858 1381 1944 impe·

340 1944 397 2021 rio,
413 1941 569 2031 pollebat:
594 1955 627 2008 et
640 1943 727 2032 apud
744 1958 868 2009 exteras
889 1959 1000 2032 gentes
1040 1943 1111 2010 lura
1129 1945 1270 2023 consilio,
1285 1966 1382 2032 quam

340 2031 370 2094 vi
392 2044 425 2094 et
446 2043 574 2107 terrore,
595 2051 704 2117 gerere
726 2053 760 2095 se
779 2029 978 2118 gloriabatur.
1018 1968 1064 2096 ln
1087 2030 1226 2096 devictos
1244 2029 1382 2132 populos

340 2137 493 2204 regesque
519 2140 584 2181 non
608 2117 747 2195 acerbus,
773 2117 942 2183 munificus
965 2141 1040 2206 erga
1063 2119 1172 2194 socios,
1195 2117 1255 2183 sibi
1280 2116 1383 2182 solum

340 2204 488 2269 victoriae
502 2201 599 2269 decus
613 2217 775 2292 appetens,
787 2227 875 2269 suam
890 2206 1016 2292 regibus
1030 2205 1234 2283 maiestatem,
1246 2202 1382 2353 populis,

340 2281 389 2356 vil
406 2291 440 2354 in
455 2311 567 2392 aequo,
583 2289 632 2355 vel
647 2289 742 2356 etiarn
757 2291 791 2354 in
806 2291 918 2379 impari
931 2293 1151 2370 foederemus
1166 2305 1271 2356 tamen
1298 2313 1382 2378 eges,

341 2402 398 2443 sua
411 2377 481 2443 iura
492 2371 732 2465 llbe'rtatemque
745 2391 937 2445 servaverat:
960 2393 1055 2481 atque
1068 2379 1147 2445 adeo
1159 2379 1253 2444 armis
1265 2389 1384 2443 utram-

341 2488 404 2553 que
427 2464 521 2529 maris
543 2464 765 2530 mediterranei
787 2488 874 2530 oram
892 2490 912 2531 a
928 2466 1071 2532 Gadibus
1086 2466 1127 2531 ad
1144 2465 1267 2555 Syriam
1281 2487 1383 2552 usqne

341 2552 535 2653 complexus,
559 2565 592 2617 et
614 2574 672 2640 per
694 2552 864 2617 immensos
889 2566 1042 2618 terrarum
1065 2566 1182 2618 tractus
1206 2551 1385 2617 reverentia

340 2639 464 2704 nomini
488 2636 635 2703 Romano
661 2638 836 2717 conciliata,
859 2641 1015 2706 subiectos
1037 2652 1144 2705 tamen
1166 2639 1278 2704 ditioni
1299 2636 1384 2703 solos

341 2724 477 2791 habebat
501 2723 635 2803 Siciliae,
656 2738 689 2789 et
710 2724 982 2791 circumiectarum
1008 2724 1118 2792 Italiae
1142 2726 1325 2803 insularum,
1350 2738 1385 2789 et

342 2812 511 2900 pleraeque
528 2810 574 2876 Hi
613 2812 712 2889 auiae,
727 2810 838 2899 iugum
859 2826 966 2879 tamen
985 2813 1129 2878 nondum
1143 2812 1238 2878 docili
1252 2812 1384 2877 ferentis

342 2900 473 2975 cervice,
496 2834 638 2987 populiis.
690 2899 866 2986 Augendae
896 2900 1104 2965 dominationi
1129 2922 1254 2965 causam
1283 2912 1386 2963 mate·

342 2986 484 3071 riamque
499 2986 643 3073 praebuit
658 2986 763 3073 potius
778 2985 956 3052 inconsulta
972 2988 1111 3052 hostium
1132 3000 1166 3051 et
1187 2985 1387 3050 aemulorum

341 3073 486 3159 pravitas,
502 3094 597 3160 quam
620 3072 718 3160 ipsius
740 3072 879 3138 ambitio.
924 3073 1033 3138 Persei
1047 3074 1081 3138 in
1095 3073 1214 3162 primis,
1231 3070 1387 3137 Macedo-

341 3158 413 3223 niae
436 3180 570 3246 regnum
591 3180 650 3263 per
669 3158 813 3223 fraudem
838 3182 873 3224 ae
896 3160 998 3225 scelus
1019 3160 1136 3248 adepti,
1159 3158 1328 3225 crudelitas
1350 3159 1387 3222 in

341 3245 507 3337 populares
521 3245 668 3310 omntbus
688 3245 797 3323 invisa,
812 3268 928 3311 vesana
942 3247 1026 3312 inter
1038 3248 1207 3311 immensas
1221 3266 1388 3335 opesava-

341 3332 423 3410 ritis,
446 3330 676 3398 inconsiderata
700 3331 736 3397 in
761 3332 923 3419 capiendis
948 3334 1221 3422 exsequendisque
1245 3331 1388 3397 consiliis

341 3418 461 3496 levitas,
477 3434 509 3484 et
529 3418 618 3483 illum
638 3440 764 3507 pessum
779 3418 905 3498 dedere,
920 3434 954 3485 et
968 3443 1176 3509 quaecunque
1197 3432 1300 3484 stante
1321 3416 1388 3483 hoc

365 3506 513 3593 raecipuo
536 3504 699 3571 Romanae
721 3506 883 3593 potentiae
905 3508 992 3573 velut
1011 3508 1102 3573 lieno
1124 3520 1205 3571 stare
1225 3518 1385 3594 poterant.

376 3592 556 3665 edundavit
567 3592 653 3657 enim
673 3594 707 3655 in
724 3592 802 3657 alios
819 3594 888 3658 eius
901 3617 1001 3673 castis,
1015 3617 1076 3659 nec
1089 3593 1296 3658 finitimorum
1312 3606 1389 3656 tan-

244 3714 249 3721 ·
343 3694 422 3755 tum,
442 3677 498 3743 sed
520 3700 630 3745 eorum
652 3680 758 3757 etiam,
778 3680 833 3766 qui
856 3679 979 3769 longius
996 3680 1109 3745 remoti
1134 3696 1235 3757 erant,
1257 3678 1389 3743 ruinam

342 3764 447 3829 traxit.
479 3763 695 3829 Macedonum
707 3766 840 3830 exitium
851 3781 959 3832 secuta
969 3790 1042 3832 oum
1052 3766 1190 3832 Achaeis
1201 3765 1386 3853 Carthago:

342 3865 447 3939 atque,
462 3849 575 3915 horum
590 3850 731 3917 cladibus
746 3852 896 3918 convulso
910 3854 1052 3919 omnium
1074 3866 1166 3931 statu,
1182 3852 1305 3940 reliqna
1318 3852 1389 3916 iam

340 3937 482 4025 imperia,
498 3936 693 4024 aliquamdiu
707 3937 854 4015 obnoxia,
869 3955 941 4027 post
959 3938 1066 4028 paullo
1081 3939 1247 4017 eversa'in
1263 3939 1390 4004 Roma·
1465 4017 1466 4020 Ἴ

340 4048 418 4091 num
443 4024 613 4112 imperium
637 4037 753 4089 cuncta
778 4040 947 4092 cesserunt
993 4028 1104 4114 Atque
1129 4026 1218 4104 haec,
1244 4040 1281 4091 ut
1304 4025 1391 4091 loeis
1465 4025 1466 4046 ¹

376 4268 386 4303 1
404 4256 458 4303 Iam
464 4254 608 4317 1111111111]
624 4252 682 4300 Hoc
689 4252 845 4314 supplemen·
877 4252 1392 4313 etDrakenborohioeonoinnatum,'Doer·

340 4323 403 4378 tum,
413 4318 479 4381 quod
489 4316 558 4365 uncis
571 4316 669 4365 inclusit
683 4315 846 4379 Kreyssigius,
876 4316 956 4382 lugius
965 4332 1063 4379 qnoque
1072 4333 1132 4365 suae
1142 4317 1244 4366 editioni
1260 4319 1394 4381 praefixit,

340 4390 396 4447 port
413 4380 559 4433 Douiatium
576 4386 602 4430 st
614 4380 676 4430 alios
691 4380 846 4431 sonnatio
878 4382 1006 4433 Bekkerm
1016 4386 1100 4432 autem
1110 4382 1198 4432 omisit.
