2934 4800
378 217 472 286 uns.
497 217 589 284 xm
609 163 734 286 'ene
760 225 810 288 27.
1071 219 1114 282 ³5

56 347 213 417 ¹Valerius
228 354 347 418 Antias
360 353 464 428 tradit,
479 377 606 420 consors
627 357 722 421 etiam
745 358 883 422 censoris
897 368 973 421 erat
1022 354 1111 420 Con·
1121 367 1155 418 U.
1166 369 1195 419 c.
1211 370 1265 431 578·

73 439 158 517 sules,
172 440 254 504 rotis
272 441 307 504 in
326 440 486 528 Capitolio
506 444 705 531 nuncupetis,
728 445 762 507 in
782 444 958 530 provincias
977 442 1110 530 profecti
1117 435 1148 482 Α·
1165 434 1196 483 ⁰-
1214 445 1269 494 '⁷⁴‘

51 538 150 589 esunt.
194 525 247 590 Ex
261 527 302 592 iis
319 526 366 592 M.
379 527 520 593 Aemilio
534 545 661 594 senatus
675 531 838 617 negotium
854 529 952 606 dedit,
965 543 1001 592 ut
1014 530 1111 593 Pata-

72 612 210 676 vinorum
232 613 267 677 in
283 613 423 679 Venetis
446 614 633 680 seditionem
655 617 885 704 comprimeret,
907 639 987 702 quos
1008 628 1108 680 certa-

72 697 152 762 mine
172 699 349 764 factionum
370 700 416 776 ad
438 701 623 766 intestinum
645 702 763 766 bellurn
786 703 946 779 exarsisse,
966 703 977 766 i
1035 723 1110 766 rum

71 781 159 871 legati
174 786 357 852 attulerant.
402 787 525 875 Legati,
541 790 595 875 qui
611 790 643 852 in
661 789 819 854 Aetoliam
842 789 883 853 ad
904 725 1108 852 similblsomo-

72 885 118 934 tus
144 875 400 960 comprimendos
427 875 539 950 ierant,
565 876 795 952 renuntiarunt,
821 876 959 940 coerceri
988 875 1106 938 rabiem

71 959 168 1042 gentis
188 981 254 1024 non
278 983 381 1048 posse.
425 961 585 1026 Patavinis
604 961 695 1026 saluti
709 962 770 1026 fuit
784 961 937 1026 adventus
950 961 1105 1026 consulis:

71 1064 170 1129 neque
194 1045 295 1124 allud,
318 1047 406 1134 quod
431 1060 538 1134 ageret
558 1047 592 1110 in
617 1048 788 1135 provincia,
811 1069 909 1135 quum
936 1047 1106 1124 habuisset,

72 1127 200 1194 Roriam
224 1133 332 1198 rediit.
379 1132 534 1198 Censores
555 1133 621 1198 vias
643 1133 827 1199 sternendas
851 1133 938 1200 silice
959 1134 994 1198 in
1017 1135 1105 1210 urbe,
1114 1144 1248 1194 censorum

51 1191 64 1299 l
71 1213 171 1299 glarea
195 1232 287 1284 extra
312 1221 424 1284 urbem
451 1220 673 1286 substruendas
701 1220 983 1307 marginandasque
1012 1221 1196 1307 purnium·

73 1303 206 1367 omnium
230 1305 427 1384 locaverunt,
448 1319 624 1394 pontesque
646 1307 754 1372 multis
775 1307 852 1371 locis
872 1306 1049 1371 faciendos:
1074 1319 1110 1370 et

52 1393 190 1492 gsoenam
213 1392 374 1457 aedilibus
415 1393 651 1492 rectoribusque
669 1392 897 1493 praebendum:
922 1405 956 1457 et
968 1413 1108 1457 carceres

56 1495 107 1568 ⁷111
125 1475 212 1554 circo,
228 1493 263 1544 et
281 1501 343 1544 ova
359 1415 415 1543 etll
422 1492 511 1543 notos
531 1479 695 1543 curriculis
716 1479 928 1555 numerandis,
943 1491 976 1543 et
991 1480 1009 1513 *
1023 1479 1107 1554 dam,

79 1570 109 1621 et
127 1575 217 1628 metes
239 1578 330 1630 trans
349 1566 367 1600 ⁸
384 1582 417 1629 et
438 1587 546 1630 caveas
567 1565 683 1628 ferreas
704 1587 744 1652 pe
760 1566 778 1600 ⁸*
792 1566 1076 1630 intromitterentur
1090 1565 1109 1599 ⁴*

58 1643 177 1712 8lerreis
188 1650 219 1713 in
234 1665 348 1717 monte
363 1650 490 1716 Albano
503 1650 694 1729 consulibus,
710 1667 743 1717 et
756 1652 875 1717 clivum
890 1651 1107 1739 Capitolinum

81 1729 157 1796 silice
176 1738 383 1802 sternendum
398 1751 597 1816 cmnverunt,
613 1752 646 1803 et
658 1740 815 1827 porticum
830 1739 870 1803 ab
884 1737 963 1803 aede
980 1739 1107 1803 Saturni

57 1815 108 1879 sin
123 1817 315 1908 Capitolium
336 1824 377 1889 ad
398 1824 591 1902 senaculum,
607 1847 643 1889 ac
658 1849 753 1912 super
771 1825 805 1890 id
819 1825 947 1890 curiam.
994 1825 1038 1889 Et
1051 1849 1108 1890 ex·

77 2057 297 2110 coturni-'unius
309 2060 429 2120 Nobilior,
437 2061 477 2110 hic
488 2067 570 2110 autem
603 2061 713 2124 proinde,
732 2067 761 2110 ut
780 2063 922 2124 plurimum,
941 2078 986 2124 pro
1006 2067 1108 2124 septeno

77 2116 119 2191 ⁰¹¹:
131 2117 235 2194 Fulvius,
250 2126 278 2174 id
295 2142 326 2174 ex
342 2141 372 2174 eo
388 2125 443 2174 oriri
460 2125 586 2186 Sigonins‘
604 2125 777 2174 curriculomm
799 2141 909 2184 numero,
930 2126 972 2188 qui
993 2125 1108 2174 sollennia

77 2187 198 2246 arnimar,
204 2189 341 2251 quodsM.
348 2189 436 2238 Fulvio
445 2189 572 2238 Nobiliore
603 2189 711 2239 maxime
726 2196 786 2239 erat
820 2190 904 2239 Primo
918 2189 1038 2238 curriculo
1054 2205 1107 2250 per-

77 2244 197 2307 fl‘blffiu!
206 2259 279 2304 suet
313 2253 402 2314 Itaque
416 2255 574 2303 &Fuluius
603 2260 667 2314 acto,
689 2271 765 2304 unum
790 2269 863 2302 orum
890 2270 905 2302 e
932 2253 1012 2302 medic
1036 2254 1107 2302 tolle·

78 2309 170 2362 Fboem
180 2315 287 2377 primum
302 2323 339 2366 est
349 2315 401 2366 eius
410 2333 514 2367 nomen:
532 2319 571 2365 M.
603 2320 683 2376 batur,
697 2319 803 2368 secundo
821 2317 940 2366 curriculo
957 2319 1070 2372 alterum,
1082 2324 1107 2365 et

80 2373 173 2426 Fulor'm
193 2382 306 2431 Nobilior
330 2397 419 2432 nomen
447 2387 483 2431 est
509 2381 571 2430 illud
604 2382 638 2431 sic
661 2383 691 2431 de
713 2382 819 2445 reliquis
853 2382 925 2432 Haec
945 2382 994 2430 lere
1014 2380 1107 2429 Salma-

79 2440 136 2495 ΨΜ
150 2457 166 2490 s
181 2451 251 2506 putre
265 2446 381 2509 adoptivo
391 2446 437 2495 sibi
447 2446 572 2495 asciverat.
604 2448 661 2495 sius
676 2448 758 2497 cnut.

78 2500 150 2554 cm,
639 2509 1017 2571 memorabuntur]
1036 2508 1109 2559 Haec

109 2580 118 2613 t
136 2570 234 2623 Consors
242 2576 316 2623 etium
325 2576 442 2634 cerneris]
462 2574 509 2623 Per
519 2590 573 2623 ocn-
606 2576 690 2637 explet
704 2580 830 2637 utcunque
843 2574 976 2623 Marcellus
986 2574 1110 2630 Donatus,

78 2637 144 2704 'tries
166 2634 319 2700 intelligendi
342 2645 398 2687 sunt
419 2637 573 2697 cohaeredes,
605 2638 711 2700 legitque
721 2641 891 2697 etrbedsm,et
899 2644 973 2686 metas
981 2639 1108 2695 transitus,

79 2706 115 2766 qiu
130 2702 254 2749 numani
271 2708 296 2750 et
313 2703 420 2751 nondum
437 2702 514 2749 diviso
531 2716 573 2763 ps-
606 2702 686 2750 Nobis
706 2704 840 2752 consultius
859 2702 954 2749 ridetur
971 2701 1051 2749 locum
1071 2701 1107 2748 in-

80 2759 183 2811 munnio
195 2765 405 2827 pariterutuutur.
423 2766 510 2815 Danti.
607 2772 700 2815 netum
721 2768 865 2829 relinquere,
886 2780 960 2827 quam
980 2766 1045 2813 male
1067 2781 1109 2815 eu-

80 2880 85 2891 ·
109 2826 386 2889 curtismonte]
406 2830 574 2878 Mendnmest
605 2835 683 2878 ratum
695 2832 816 2879 exhibere.
850 2830 920 2877 Idem
933 2828 993 2876 etin
1005 2829 1034 2876 iis
1045 2845 1108 2891 quae

79 2895 101 2930 ¹¹¹
114 2890 208 2941 nomine
225 2894 337 2942 consulis.
370 2893 430 2942 Non
444 2893 509 2942 enim
526 2893 573 2941 hoc
606 2899 739 2955 sequuntur
755 2894 846 2943 iudicat
862 2893 992 2955 legendum
1009 2908 1069 2951 esse,
1084 2902 1109 2942 et

80 2956 336 3019 ⁸¹¹¹¹⁰tsedsuperiora
345 2957 510 3007 M.Aeu1ilius
518 2972 573 3005 con·
606 2974 692 3006 cossas
708 2959 816 3018 smeor,
835 2973 882 3019 per
905 2972 967 3019 quos
990 2959 1108 3006 intromit-

80 3014 113 3087 591
132 3018 183 3069 fuit.
205 3022 287 3071 Gerr.
330 3022 446 3069 Ceterum
468 3036 513 3084 pro
533 3036 573 3067 ro-
606 3028 716 3070 terentur
730 3022 811 3082 feroc.
855 3023 898 3070 sm
919 3020 1030 3069 feliciter.
1076 3023 1109 3069 In

80 3078 228 3134 ubusess'ts
238 3085 453 3134 Drakenborchius
466 3088 524 3134 erin
538 3100 573 3132 re·
606 3085 760 3134 Circensibus
783 3086 861 3134 enim·
874 3084 936 3133 ludis
958 3100 1006 3133 non
1029 3085 1108 3134 solum

81 3148 211 3200 mumdum
229 3149 335 3206 coniicit,
350 3149 392 3210 qui
408 3148 442 3197 ita
459 3164 516 3198 mox
532 3151 573 3197 od-
606 3164 677 3197 eursn
687 3152 832 3207 certabatur,
842 3150 885 3198 sed
896 3155 921 3197 et
931 3150 1035 3197 ferarum
1046 3149 1112 3197 inter

81 3214 456 3275 mulurprocoosulislegendum
468 3220 557 3262 monet.
606 3228 640 3271 se,
661 3220 705 3262 aut
726 3230 781 3262 eum
802 3214 921 3263 bestiariis
938 3228 1035 3275 pugnae
1053 3215 1109 3261 ede·

109 3277 477 3344 effloreanmbstruendus]
495 3278 797 3328 ltaut'bantur.0n1tr.

82 3334 573 3403 solidiusetfirmiuslapideslnbeererent.
639 3343 706 3391 8121
732 3350 812 3392 monte
833 3345 930 3391 Albano
956 3341 1108 3399 molibus]

110 3402 378 3468 tblcrps'nondarquo]
407 3420 440 3453 sc
459 3404 573 3467 Margini-
607 3406 658 3455 Hic
676 3408 831 3470 perspicuum
851 3414 889 3454 est
906 3405 1000 3467 aliquid
1018 3406 1109 3451 deesse.

83 3460 123 3511 bus
136 3465 238 3529 lapideis
253 3470 405 3525 muniendas,
415 3469 440 3517 id
452 3470 517 3531 quod
530 3470 574 3517 hos
606 3472 687 3520 Cnrr.

84 3531 185 3581 ettttsttles
194 3532 286 3595 primos
295 3533 381 3581 fecisse
392 3533 508 3581 Dukerus
520 3548 574 3581 cen·
638 3550 654 3597 9
671 3538 702 3583 lo
714 3536 861 3597 Capitolium
872 3534 906 3581 od
920 3532 1069 3587 emendum,
1080 3547 1110 3578 oo

84 3596 122 3640 ⁸012
146 3597 175 3646 cl.
198 3595 305 3659 Bergier.
324 3597 356 3645 de
378 3596 450 3646 Publ.
472 3602 497 3645 et
520 3597 574 3646 Mil.
606 3600 834 3660 arepertdeoriom]
853 3597 966 3645 Fortasse
979 3596 1115 3656 legendnm·

84 3652 149 3707 Rom.
161 3660 219 3710 Vlia.
230 3662 256 3711 ii.
268 3674 308 3722 31.
607 3666 635 3711 ἐπ
662 3662 789 3723 capituto.
833 3660 893 3708 Fuit
918 3661 984 3708 euim
1011 3660 1109 3708 Saturni

113 3726 251 3787 5Sorrtosn]
270 3726 429 3788 ebSupml.
442 3737 480 3785 51.
586 3727 680 3775 medes
706 3726 730 3773 in
756 3725 820 3773 cli'ro
841 3724 989 3786 Capitolino.
1022 3725 1112 3785 ltaque

112 3783 127 3832 6
141 3790 192 3839 Oos
208 3792 242 3839 od
259 3797 330 3839 nota
346 3792 476 3839 ctrrrlctslis
493 3805 575 3839 numo·
608 3790 716 3853 porticus
732 3790 775 3838 illa
788 3789 938 3849 intelligetur
953 3795 1063 3850 porrecte
1078 3789 1111 3836 ab

85 3852 172 3914 fonds]
186 3854 257 3903 Prius
265 3855 389 3917 legebatur
395 3856 575 3903 numeroudor:
608 3856 669 3903 aede
684 3854 782 3902 Sutumi
798 3853 823 3900 in
842 3854 906 3901 clivo
922 3853 1062 3915 Capitolino
1078 3855 1111 3901 ad

87 3914 148 3964 male
169 3918 358 3979 Mendosamqu
391 3932 576 3966 ueerserocem
607 3918 882 3981 smooulumotqroead
896 3920 990 3966 curiosi
1000 3922 1110 3979 quaeest

87 3984 147 4026 war
162 3981 254 4031 indicat
273 3982 345 4031 Fulr.
391 3982 478 4040 ninus,
495 3996 525 4029 so
541 3996 576 4030 re-
608 3998 683 4045 supcr
696 3984 723 4029 id
738 3984 886 4031 senaculum.
920 3981 1001 4030 Possis
1014 3986 1040 4028 et
1053 3995 1110 4027 cum

87 4043 147 4097 ponit
176 4045 296 4109 probabili
325 4045 464 4094 coniectrna
494 4052 575 4095 metor.
611 4047 679 4095 Iusto
697 4044 820 4108 Rycquio,
839 4047 901 4094 libro
919 4047 952 4092 de
969 4043 1051 4106 capit.
1071 4057 1109 4104 34.

89 4101 135 4153 Ora
147 4110 210 4158 enirn
225 4109 302 4167 illae
317 4110 383 4185 ligno
396 4110 522 4168 fabricate,
533 4110 577 4157 im·
609 4112 689 4172 legere
707 4117 731 4159 et
749 4113 907 4159 senaculum:
932 4114 960 4156 ut
978 4123 1061 4156 sensus
1079 4107 1110 4154 sit

88 4174 577 4236 tuebantmcolummaaliqusndobinis,
610 4174 730 4236 porticum
749 4175 780 4221 ab
798 4176 860 4222 aede
879 4172 977 4222 Satumi
995 4173 1020 4219 in
1038 4171 1111 4230 Capi·

87 4230 208 4295 abnuendo
224 4238 355 4299 quaternis,
370 4240 402 4287 sd
419 4243 498 4286 metas
512 4238 578 4287 Circi
610 4238 706 4294 tullum,
716 4236 742 4284 id
757 4244 802 4295 est,
813 4238 838 4284 in
852 4237 974 4295 templum
988 4234 1055 4281 loris
1064 4236 1111 4280 Ca-

89 4299 180 4351 mutis
207 4301 257 4349 Tot
267 4302 311 4351 illa
322 4308 391 4351 erant
400 4317 511 4359 numeru,
519 4307 578 4363 quot
610 4300 716 4363 plutini,
731 4306 875 4361 porrectam,
885 4304 911 4344 et
926 4297 1076 4350 musculum,
1086 4299 1111 4338 et

89 4363 197 4413 tunicula
214 4371 283 4413 erant
304 4367 456 4429 peragenda:
478 4370 579 4427 septena
611 4364 711 4423 curiam,
727 4364 807 4411 locata
825 4376 877 4409 esse
893 4374 909 4406 a
924 4357 1062 4405 censoribus
1079 4356 1113 4400 lo-

883 4425 940 4482 nr
