2934 4800
358 217 453 283 LIB.
478 216 587 283 XLII.
618 217 729 288 CAP.
754 223 807 283 49.
1072 220 1114 284 79

18 349 256 435 :probaretur
269 353 354 440 prior
372 353 488 442 legatio
508 354 633 432 Marcii,
649 369 682 419 et
701 351 814 419 eodem
834 375 941 418 rursus
960 354 994 419 in
1011 352 1113 420 Grae·
1123 368 1157 418 U.
1169 369 1199 418 ο.
1215 370 1271 431 581.

38 437 138 500 ciam
165 461 245 504 cum
267 441 548 527 quinqueremibus
567 443 790 518 remitteretur,
811 441 1038 592 iubereturque
1059 434 1153 507 οε-Ᾰ·
1169 434 1200 484 ⁰·
1217 446 1271 494 ¹7¹·

40 535 130 600 tera,
151 526 205 590 nti
225 529 422 614 erepublica
439 530 576 594 maxime
596 528 699 592 risum
718 540 810 605 esset,
824 550 927 616 agere.
1006 551 1112 615 .quo-

38 631 114 710 quc
126 611 276 678 Atilium
285 614 439 680 miserunt
447 615 488 680 ad
497 639 576 680 occu
599 615 714 680 andam
726 614 884 680 Larissam
893 615 927 679 in
937 613 1111 692 Thessalia,

41 711 224 777 timentes,
240 723 292 778 ne,
308 702 334 764 si
352 702 546 767 indutiarum
568 639 637 767 dies
654 703 779 778 exisset,
795 701 940 778 Persem,
978 700 1112 767 raesidio

42 805 87 846 eo
105 785 223 862 misso,
239 803 335 874 caput
350 789 530 854 Thessaliae
545 790 579 853 in
617 800 750 853 otestate
765 787 903 853 haberet.
985 811 1026 852 uo
1041 788 1112 853 mil·

41 869 92 934 lia
117 871 273 958 peditum
296 874 416 940 Atilius
438 876 478 940 ab
502 811 701 941 eudemio
723 875 865 962 accipere
887 873 1021 939 adeam
1042 897 1111 940 rem

42 958 220 1044 agendam
243 961 361 1026 iussus:
393 976 427 1028 et
449 962 485 1027 P.
503 961 651 1039 Lentule,
674 961 794 1048 quiex
817 960 942 1026 Achaia
962 961 1110 1038 redierat,

18 1046 199 1110 atrecenti
210 1046 325 1112 milites
340 1048 441 1114 Italici
455 1049 581 1137 generis
595 1049 671 1126 dati,
684 1065 720 1112 ut
735 1047 857 1112 Thebis
867 1047 957 1112 daret
971 1071 1109 1136 operam,

44 1147 87 1195 ut
103 1133 143 1196 in
159 1145 318 1220 potestate
334 1135 467 1201 Boeotia
480 1149 571 1200 esset.

96 1217 168 1283 His
190 1223 391 1308 praeparatis,
407 1245 590 1310 quanquam
605 1221 646 1287 ad
666 1221 785 1286 bellurn
803 1220 935 1286 consilia
948 1238 1039 1287 eraut
1053 1223 1110 1288 de·
1164 1228 1219 1287 48:
1370 1275 1373 1288 .

45 1303 187 1382 stinata,
210 1322 355 1373 senatum
382 1323 488 1374 tamen
513 1309 656 1397 praeberi
678 1308 790 1395 legatis
812 1307 940 1395 placuit
987 1308 1110 1374 Eadem
1119 1309 1268 1386 148⁸&st

46 1391 134 1470 fere,
144 1415 231 1480 quae
246 1394 280 1457 in
295 1394 454 1482 colloquio
468 1398 508 1461 ab
522 1418 596 1483 rege
609 1396 695 1459 dicta
709 1409 809 1472 eraut,
820 1395 920 1459 relata
933 1396 974 1459 ab
988 1395 1108 1482 legatis.
1118 1388 1153 1421 ⁸⁰¹
1163 1375 1250 1424 ΜΝ·

49 1477 255 1544 Insidiarum
279 1480 418 1546 Eumeni
438 1481 593 1548 factarum
611 1482 742 1558 crimen,
762 1494 796 1544 et
816 1481 956 1545 maxima
974 1503 1059 1559 cura,
1077 1495 1111 1548 et

52 1565 195 1630 minime
207 1581 314 1632 tamen
352 1569 541 1647 robabiliter,
553 1568 734 1656 (manifesta
745 1567 832 1631 enim
842 1589 893 1631 res
907 1567 989 1652 erat)
999 1568 1111 1634 delen·

52 1673 144 1716 sum.
192 1651 309 1720 Cetera
318 1591 499 1743 ‹lbpmcado
513 1670 593 1720 erat:
618 1654 750 1720 sednon
762 1653 800 1718 iis
813 1653 1110 1720 animisaudieban-

54 1751 123 1816 tur,
140 1741 197 1890 qui
216 1754 271 1805 aut
289 1741 406 1820 doceri,
427 1757 482 1807 aut
499 1743 583 1807 flecti
602 1754 740 1829 possent.
785 1740 1032 1819 Denuntiatum,
1052 1755 1258 1832 amaricatae
1286 1765 1294 1778 ⁴

53 1839 183 1913 tempo
212 1829 379 1892 moenibus
403 1828 490 1896 urbis
519 1829 652 1907 Romae,
679 1827 772 1893 Italia
799 1828 883 1892 intra
911 1828 1108 1914 trigesimum
1118 1819 1265 1870 ¹²¹¹⁸¹¹¹⁸¹l

51 1911 148 1977 diem
163 1913 365 1980 excederent.
411 1916 448 1980 P.
462 1914 588 1980 Licinio
602 1913 720 1980 deinde
738 1914 870 1992 consuli,
885 1917 937 1980 cui
955 1913 1108 1983 Macedo·

51 2000 115 2064 nia
140 2001 303 2086 provincia
324 2003 505 2079 obvenerat,
528 2001 761 2079 denuntiamm,
783 2014 821 2066 ut
844 2002 1000 2067 exercitui
1021 2003 1108 2068 diem

52 2086 197 2172 primam
211 2110 372 2175 quamque
386 2088 507 2154 diceret
520 2088 562 2154 ad
575 2088 839 2154 conveniendum.
887 2087 925 2153 C.
940 2087 1108 2155 Lucretius
1117 2097 1246 2172 Lucretius

25 2187 197 2259 apraetor,
218 2175 270 2240 cui
287 2175 397 2240 classis¹
411 2176 574 2264 provincia
595 2189 672 2251 erat,
691 2197 765 2240 cum
787 2174 997 2262 quadraginta
1013 2161 1247 2275 quin·ng

53 2260 265 2346 querentibus
291 2263 331 2326 ab
353 2263 430 2328 urbe
452 2262 628 2351 profectus:
660 2285 734 2327 nam
760 2284 802 2326 ex
824 2261 949 2328 refectis
974 2263 1221 2351 navibuswrggt,

52 2347 136 2413 alias
151 2349 186 2412 in
201 2347 298 2413 alium
310 2371 403 2415 usum
417 2349 548 2415 retineri
559 2347 599 2413 ad
614 2349 723 2415 urbem
739 2347 867 2436 placuit.
912 2347 1108 2415 Praemissus

54 2458 74 2499 a
88 2448 239 2523 praetore
254 2449 303 2501 est
319 2437 415 2503 freter
429 2437 478 2501 Μ
491 2436 661 2502 Lucretius
680 2457 754 2501 cum
774 2437 1005 2523 quinquereme
1025 2459 1106 2501 unat

54 2522 238 2609 iuaeusque,
250 2524 290 2587 ab
304 2524 396 2589 sociis
410 2546 452 2588 ex
462 2524 589 2589 foedere
604 2523 744 2610 acceptis
757 2522 900 2599 navibus,
914 2522 955 2586 ad
969 2520 1109 2610 Cephal-

33 2622 42 2655 ¹
55 2607 178 2673 leniam
193 2608 283 2674 classi
298 2632 470 2677 occanere.
517 2611 570 2675 Ab
591 2608 749 2697 Rheginis
764 2609 885 2673 triremi
898 2630 973 2685 una,
988 2610 1028 2673 ab
1044 2608 1109 2675 Lo-

55 2698 120 2760 cris
140 2695 274 2774 duabus,
290 2698 330 2762 ab
346 2696 492 2763 Uritibus
512 2710 669 2784 quattuor,
684 2710 811 2783 praeter
819 2717 911 2759 oram
931 2694 1041 2760 Italiae
1055 2719 1108 2761 sn-

55 2797 228 2869 perrectus
259 2782 426 2849 Calabriae
459 2796 638 2849 extremum
666 2780 918 2869 promontorium
946 2782 981 2846 in
1016 2780 1108 2847 Ionio

56 2870 149 2947 mari,
168 2869 407 2958 Dyrrhachium
429 2870 552 2936 traiicit.
599 2869 648 2934 Ibi
669 2870 781 2935 decem
802 2868 942 2956 ipsorum
964 2869 1108 2957 Dynha-

55 2956 238 3033 chinorum,
270 2956 440 3023 duodecim
474 2956 661 3034 Issaeorum,
691 2955 924 3043 quinquaginta
958 2970 1109 3043 quattuor

58 3042 176 3108 Gentii
198 3041 283 3131 regis
311 3044 431 3109 lembos
457 3058 577 3120 nactus,
599 3042 751 3107 simulans
772 3064 806 3107 se
829 3041 968 3120 credere,
992 3066 1047 3109 eos
1072 3046 1107 3109 in

56 3152 152 3195 ursum
173 3129 391 3197 Romanorum
412 3146 608 3218 comparatos
625 3152 702 3207 esse,
719 3126 866 3195 omnihus
883 3128 1038 3208 abductis,
1053 3130 1106 3196 die

56 3217 154 3283 tertio
165 3214 349 3306 Corcyram,
361 3218 437 3283 inde
471 3218 593 3283 rotinus
603 3217 638 3281 in
651 3215 893 3304 Cephalleniam
904 3217 1028 3281 traiicit.
1065 3215 1104 3282 C.

57 3302 230 3369 Lucretius
267 3318 370 3370 raetor
383 3307 423 3371 ab
477 3304 580 3392 eapoli
596 3303 766 3391 profectus,
781 3316 929 3390 superato
945 3302 1037 3379 freto,
1052 3303 1106 3367 die

57 3390 174 3477 quinto
188 3392 224 3455 in
237 3327 478 3478 Cephalleniam
493 3391 671 3457 transmisit
716 3390 766 3455 Ibi
782 3390 871 3455 stetit
883 3390 999 3466 classis,
1011 3388 1107 3454 simul

57 3478 239 3565 opperiens,
255 3491 292 3543 ut
306 3491 467 3543 terrestres
480 3478 590 3565 copiae
609 3478 837 3552 traiicerentur,
853 3474 956 3552 simul,
972 3490 1009 3539 ut
1028 3498 1106 3539 one·

57 3564 169 3641 rariae,
181 3587 223 3629 ex
238 3566 365 3652 agmine
378 3586 437 3630 suo
489 3587 510 3629 r
520 3564 620 3630 altum
634 3563 813 3650 dissipatae,
825 3574 1103 3647 consequerentur.

101 3650 166 3716 Per
185 3651 243 3716 hos
262 3650 343 3716 sorte
360 3651 429 3715 dies
472 3651 638 3716 .Lieinius
657 3649 777 3726 consul,
792 3648 875 3712 votis
893 3647 927 3711 in
943 3646 1105 3734 Capitolio
1137 3640 1213 3737 '49-

59 3738 259 3825 nuncupatis,
274 3737 443 3825 paludatus
462 3738 502 3803 ab
518 3738 595 3802 urbe
607 3737 769 3839 profectus
783 3747 840 3799 est.
887 3732 1021 3822 Semper
1034 3722 1223 3821 qui-hm

59 3824 196 3889 demea
220 3847 270 3890 res
293 3846 366 3891 cum
390 3846 505 3913 magna
527 3824 682 3912 dignitate
711 3846 749 3887 ac
777 3822 940 3886 maiestate
965 3787 1254 3910 geriturtcmpmfl'

92 3982 155 4040 71n
166 3978 308 4042 Gratim]
328 3979 382 4028 Has
394 3994 464 4029 voces
474 3994 490 4027 a
500 3978 567 4027 mala
599 3977 783 4040 Supr.xxx.43.
808 3973 909 4023 Etenim
918 3977 1106 4037 provinciaram·

60 4058 133 4091 manu
143 4044 245 4093 additas
251 4060 311 4103 esse,
322 4050 347 4093 et
357 4059 486 4092 numerum
497 4042 566 4105 quin·
598 4040 657 4089 nino
668 4055 712 4103 pro
719 4039 805 4102 quovis
813 4040 930 4088 manduc
938 4038 997 4086 belli
1005 4052 1107 4087 munere

61 4106 210 4168 queremium
229 4109 347 4157 excidisse
365 4107 489 4157 existimat
508 4108 566 4156 Cre·
598 4104 694 4153 dicitur.

63 4172 154 4221 vieriae.
266 4193 270 4201 ·
633 4184 643 4217 1
662 4170 701 4217 At
712 4168 830 4229 Rhepinlr
844 4168 951 4226 triremi]
970 4180 1003 4213 sc.
1015 4164 1106 4228 Rhegi-

92 4238 158 4289 Sue
169 4239 267 4298 taeta]
281 4236 374 4287 Thebis
383 4234 564 4295 manenaThe·
597 4248 684 4282 nonam
703 4231 803 4280 triremi.
836 4230 878 4279 lta
893 4232 925 4277 ab
941 4230 1012 4277 aad&
1030 4245 1106 4279 naver

62 4301 205 4351 murena
222 4304 303 4352 Cass.
597 4304 654 4351 aunt
665 4311 741 4345 naves
751 4296 881 4352 sociorum,
892 4293 947 4341 inst.
959 4290 998 4351 56.

93 4369 170 4427 qud
189 4369 272 4415 eluerit
291 4367 419 4429 marineio
437 4365 504 4423 nat]
534 4362 564 4410 os.
