2934 4800
397 199 493 265 LIB.
522 199 631 266 XLII.
664 198 776 266 CAP.
800 205 852 266 39.
1098 205 1136 268 tl

63 335 226 398 ‘siturum
237 333 279 398 id
295 335 390 412 esse,’
405 334 545 400 Marcius
559 335 739 424 respondit:
765 335 915 424 ‘singulis
925 337 1012 401 enim
1026 335 1137 401 civita-
1147 354 1181 405 U.
1195 356 1225 405 c.
1240 357 1295 417 581.

62 421 174 486 ‘tibus
189 419 235 486 de
253 443 292 485 se
310 421 389 508 ipsis
400 422 586 488 consulendi
601 435 788 510 potestatem
799 423 956 488 factnroa'
999 419 1175 488 tama
1191 421 1222 470 ⁰·
1242 431 1294 482 ¹⁷¹·

62 506 169 571 lorum
193 507 358 572 Larissae
378 507 440 573 fuit
460 508 637 574 concilium.
684 509 734 575 Ibi
757 523 791 574 et
812 509 973 575 Thessalis
994 510 1134 598 benigna

62 593 200 660 materia
215 595 349 684 gratias
363 595 478 682 agendi
499 595 727 684 Romanispro
742 597 894 662 libertatis
908 619 1039 673 munere
1053 597 1131 674 fuit3

63 695 95 744 et
115 679 249 768 legatis,
274 681 380 768 qnod,
397 697 430 746 et
449 681 591 770 Philippi
612 684 700 770 prins
719 697 845 770 etpost
865 683 1017 748 Antiochi
1039 683 1132 762 bello,

63 767 160 832 enixe
173 767 291 832 adiuti
305 791 328 832 a
338 782 433 856 gente
449 769 671 835 Thessalorum
684 785 796 836 essent
844 769 915 835 Hac
926 786 1037 835 mutua
1046 793 1133 836 com-

63 856 315 920 memoratione
352 855 533 921 meritornm
565 856 688 922 accensi
722 857 822 922 animi
851 856 1063 922 multitudinis
1091 857 1134 922 ad

63 941 175 1007 omnia
191 941 420 1019 decernenda,
436 965 517 1029 quse
534 942 673 1014 Romani
687 943 815 1009 vellent

110 1026 317 1094 Secundum
336 1028 397 1093 hoc
412 1028 579 1093 concilium
596 1028 692 1130 legati
707 1053 726 1095 a
743 1030 860 1095 Perseo
877 1053 952 1118 rege
966 1044 1131 1108 venerunt,
1143 1043 1228 1105 Legati
1239 1059 1255 1092 ι

64 1113 183 1262 pqivati
216 1113 415 1180 maximeh
474 1116 522 1180 itii
548 1116 674 1193 fiducia,
699 1115 840 1204 quodsi
865 1134 1032 1205 paternum
1059 1140 1133 1182 cum
1143 1106 1275 1220 mugi

67 1226 82 1262 r
107 1201 196 1265 arcio
229 1216 317 1266 erat.
364 1201 418 1266 Ab
473 1202 543 1267 nius
568 1203 810 1268 necessitudinis
835 1205 1133 1269 commemoratione
1266 1207 1273 1221 '

66 1286 138 1363 orsi,
156 1287 339 1372 petierunt
357 1287 462 1375 legati,
478 1289 512 1354 in
532 1288 727 1376 colloquium
746 1289 896 1354 veniendi
911 1290 979 1376 regi
996 1304 1135 1377 potesta·

69 1385 135 1436 tem
156 1373 297 1440 faceret.
349 1373 498 1452 Marcius,
521 1375 587 1440 ‘Et
607 1398 640 1440 se
662 1376 709 1440 ita
729 1399 749 1440 a
811 1388 858 1440 tre
880 1399 938 1440 sno
958 1376 1135 1475 accepisse,'

69 1457 162 1536 dixit,
174 1461 377 1527 ‘amicitiam
387 1462 623 1548 hospitiumque
632 1484 705 1526 cum
715 1460 778 1525 Phr
792 1461 984 1548 ippoluisse:
1004 1463 1133 1528 minime

73 1545 330 1612 ‘immemorem
341 1547 698 1613 necessitudiniseiusle
741 1548 860 1612 tionem
871 1569 942 1634 eam
953 1549 1133 1635 suscepisse.

76 1628 330 1720 ‘colloquium
346 1634 372 1698 si
392 1635 466 1700 satis
485 1635 686 1700 commodes
716 1647 794 1712 eret,
809 1656 876 1698 non
895 1634 990 1699 fuisse
1007 1658 1040 1700 se
1056 1635 1135 1699 dila-

76 1723 223 1784 ‘tnrumr
259 1744 364 1798 nunc,
388 1721 442 1786 nbi
491 1723 605 1786 rimnm
724 1734 747 1800 t,
771 1721 811 1785 ad
836 1720 980 1786 Peneum
1003 1722 1132 1800 flumen,

77 1810 161 1889 ‘qna
191 1807 354 1872 transitus
379 1809 419 1872 ab
446 1744 597 1872 llbmolio
658 1809 724 1873 ium
748 1821 840 1883 esset,
867 1809 1053 1896 praemissis,
1078 1809 1134 1895 qni

76 1892 292 1958 ‘nuntiarent
307 1895 386 1980 regi,
402 1893 569 1960 venturos'
613 1893 656 1959 Et
676 1909 745 1960 tum
766 1894 896 1981 quidem
911 1895 950 1958 ab
971 1894 1037 1959 Dio
1056 1894 1135 1959 Per·
1191 1901 1244 1962 39.

77 1999 149 2040 sens
171 1978 206 2042 in
231 1980 391 2046 interiora
415 1980 505 2067 regni
526 1980 639 2068 recipit
663 2004 707 2059 se,
730 1979 792 2046 levi
814 2003 891 2046 aura
911 1981 979 2068 spei
1001 1982 1132 2059 obiecta,

79 2063 166 2211 quod
181 2065 335 2132 Marcius
346 2067 443 2154 ipsius
454 2089 546 2132 causa
558 2067 730 2155 suscepisse
746 2090 780 2132 se
791 2066 982 2154 legationem
994 2066 1133 2133 dixisset

110 2163 157 2214 ost
168 2151 240 2218 dies
255 2175 380 2240 pancos
394 2153 435 2218 ad
446 2154 652 2219 constitutum
668 2153 774 2218 locum
785 2167 949 2219 venerunt.
995 2152 1136 2241 Magnus
1143 2165 1226 2240 eollo
1241 2230 1247 2241 ·

80 2237 251 2304 comitatus
262 2240 328 2304 suit
343 2241 457 2326 regins,
470 2262 569 2327 quum
583 2241 766 2318 amicorum,
780 2256 847 2305 tnm
858 2239 1029 2306 satellitum
1044 2241 1228 2342 turbatam
1239 2246 1277 2279 ¹¹¹·

82 2322 228 2409 stipante.
280 2325 360 2391 Non
381 2327 501 2392 minore
523 2327 648 2415 agmine
669 2327 767 2416 legati
785 2342 951 2406 venerunt,
967 2342 1001 2391 et
1017 2329 1057 2391 ab
1072 2309 1274 2422 Lambiffi

82 2408 158 2475 risse
169 2412 284 2480 multis
300 2415 573 2501 prosequentibus,
586 2428 618 2479 'et
632 2415 843 2502 legationibus
856 2415 1041 2492 civitatium,
1053 2434 1136 2501 qnae
1145 2423 1219 2473 Rom.

84 2516 306 2565 convenerant
329 2500 496 2577 Larissam,
519 2515 553 2567 et
575 2502 757 2567 renuntiare
783 2500 914 2566 domurn
936 2516 1031 2578 certa,
1053 2523 1136 2587 qnae

85 2582 259 2665 audiaeent,
275 2587 435 2653 volebant.
481 2587 590 2653 luerat
603 2611 680 2653 cura
693 2588 790 2652 insita
808 2587 992 2652 mortalibus
1006 2586 1137 2652 videndi

86 2672 334 2757 congredientes
348 2674 487 2739 nobilem
503 2697 622 2761 regem,
638 2688 672 2739 et
691 2674 802 2761 populi
816 2673 968 2761 principis
982 2693 1138 2739 terrarum

87 2758 229 2823 omnium
254 2760 385 2847 legatos.
431 2760 604 2849 Postquam
627 2761 660 2825 in
682 2775 854 2847 conspectu
876 2773 1040 2838 steterunt,
1061 2761 1138 2825 diri-

88 2859 193 2910 mente
209 2868 318 2925 amne,
333 2846 505 2935 paullisper
524 2847 787 2913 internuntiando
808 2849 968 2912 cunctatio
987 2848 1057 2925 fnit,
1073 2850 1138 2913 utri

90 2934 394 3017 transgrederentur.
443 2934 577 3021 Aliquid
596 2934 643 2999 illi
663 2935 767 3021 regiae
787 2934 952 3012 maiestati,
967 2934 1088 3021 aliquid
1103 2935 1138 3000 hi

90 3018 197 3164 populi
222 3020 364 3087 Romani
381 3022 513 3098 nomini,
533 3044 632 3107 quum
652 3022 836 3108 praesertim
856 3019 992 3086 Perseus
1008 3022 1139 3108 petisset

92 3102 298 3191 coloquium,
327 3108 549 3173 existimabant
583 3108 701 3172 deberi.
761 3106 837 3172 Ioco
866 3108 962 3172 etiam
997 3106 1138 3173 Marcius

74 3202 279 3259 rcunctantes
291 3194 397 3259 movit
444 3194 592 3271 ‘Minor,'
607 3195 720 3280 inquit,
734 3193 793 3258 ‘ad
808 3194 969 3270 maiorem,
979 3194 1024 3258 et’
1035 3194 1139 3282 (quod

93 3270 243 3365 Philippo
265 3280 326 3368 ipsi
348 3304 525 3368 cognomen
547 3282 629 3368 erat)
652 3274 755 3345 ‘lilius
776 3280 817 3345 ad
840 3295 961 3367 patrem
984 3282 1139 3345 transeat?

96 3356 197 3429 Facile
213 3388 398 3453 persuasum
413 3367 447 3433 id
466 3368 533 3455 regi
548 3380 604 3431 est.
629 3427 634 3439 ,
651 3366 752 3432 Aliud
772 3366 889 3431 deinde
910 3366 1137 3453 ambigebatur,

97 3466 167 3511 cnm
194 3475 293 3539 quam
323 3454 431 3519 multis
460 3454 614 3519 transiret
661 3453 745 3530 Rex,
772 3476 845 3517 cnm
874 3454 962 3517 omni
987 3451 1137 3517 comitatu

99 3536 237 3618 transire,
263 3564 300 3605 ae
324 3563 401 3605 unm
425 3541 589 3606 censebat:
619 3539 716 3627 legati
737 3538 789 3603 vel
810 3560 882 3603 cum
910 3538 1009 3603 tribus
1030 3540 1138 3604 venire

100 3616 257 3706 iubebant,
278 3564 338 3705 vd,
358 3626 385 3691 si
408 3640 529 3693 tanturn
550 3648 662 3714 agmen
687 3625 875 3702 traduceret,
896 3624 1020 3689 obsides
1039 3624 1138 3706 daret,

102 3704 177 3773 nihil
191 3712 311 3779 fiandis
328 3713 395 3780 fore
414 3714 448 3778 in
468 3713 634 3801 colloquio.
656 3733 662 3743 '
681 3711 836 3812 Hippiam
856 3724 889 3775 et
907 3710 1138 3792 Pantauchum,

102 3814 178 3939 Mos
191 3813 225 3864 et
238 3801 358 3903 legatos
372 3799 509 3879 miserat,
524 3800 625 3887 princi
667 3822 682 3864 s
703 3820 886 3876 amicorum,
902 3798 1027 3863 obsides
1040 3800 1138 3865 dedit.

138 3902 172 3945 ec
187 3897 250 3951 tarn
269 3910 303 3952 m
316 3887 432 3988 pignus
445 3886 523 3952 fidei
542 3822 668 3951 obsidii
688 3884 859 3950 desiderati
879 3898 977 3962 erant,
993 3908 1089 3972 quam
1103 3900 1141 3951 ut

106 3984 263 4053 appareret
290 3975 392 4054 socirs,
418 3996 621 4062 nequaquam
646 3995 687 4037 ex
713 3971 868 4059 dignitate
897 3973 965 4060 pari
990 3972 1141 4060 congredi

110 4162 603 4229 rent‘lusatiamcivitates,quaediasenti·
673 4176 686 4226 7
706 4166 776 4223 Quod
795 4166 913 4228 Philippo
939 4165 988 4226 ipsi
1014 4178 1143 4225 mmm

111 4226 359 4281 '‘fllssblsmeniast
371 4232 455 4281 Persai
470 4230 604 4279 fautoribus
635 4232 702 4290 erat]
732 4229 800 4287 Quia
821 4230 917 4279 Marcio
938 4242 1072 4301 cognomen
1091 4232 1143 4276 erat

113 4280 220 4341 <iduatas
236 4311 286 4346 esse
307 4296 333 4345 in
352 4296 421 4344 illam
440 4310 547 4355 eaumm,
565 4310 604 4344 co
638 4294 778 4356 Philippus,
792 4295 858 4355 qnod
874 4292 937 4355 petri
955 4292 1037 4341 rena
1053 4305 1142 4339 nomeu

114 4354 307 4411 “immistam
318 4366 412 4423 partem
423 4359 498 4421 sequi.
636 4359 723 4408 luerat.
740 4359 821 4408 Caav.
