2934 4800
332 218 375 282 to
723 213 998 292 'r1r1i1v11

179 368 212 417 U.
224 370 254 418 c.
271 352 572 440 581.rum,quem,si
587 351 725 439 aliquem
737 366 914 440 respectum
927 352 1084 417 amicitiae
1098 373 1173 416 eum
1184 351 1310 416 habere
1327 373 1401 416 cer·
1446 384 1448 429 ξ

178 433 210 544 ξ·
226 433 256 483 ⁰·
273 444 435 517 ¹.7¹·neret,
448 452 580 517 tentare,
592 439 754 508 autetiam
770 439 812 504 ad
826 439 900 504 belli
915 439 1098 505 societatem
1112 438 1261 526 pellicere
1272 439 1399 502 iussus
1447 432 1449 497 l

179 497 308 610 ρζξζῗῑέζ
336 525 466 592 Lentuli
483 527 516 589 in
530 524 771 613 Cephalleniam
786 525 881 603 missi,
892 537 927 590 ut
942 526 975 589 in
991 524 1248 612 Peloponnesum
1260 526 1401 589 traiice-

179 631 204 700 ei
215 625 241 673 in
253 597 318 690 lily-⁹
336 626 417 690 rent,
444 635 594 700 oramque
625 613 727 689 maiis,
753 612 787 677 in
813 612 1011 678 occidentem
1034 612 1126 690 versi,
1148 625 1222 676 ante
1245 611 1400 676 hiemem

178 703 264 740 neum.
336 699 548 764 circumirent.
595 697 718 764 Marcio
739 712 773 763 et
793 697 895 764 Atilio
918 699 1044 786 Epirus,
1066 697 1202 775 Aetolia,
1224 710 1259 762 et
1281 698 1402 763 Thes·
1454 715 1455 759 i

336 785 413 851 salia
440 785 684 851 circumeundae
714 785 920 872 assignantur.
980 785 1061 850 Inde
1092 785 1259 850 Boeotiam
1290 797 1401 871 atque
1451 783 1453 811 *

338 871 503 938 Euboeam
525 873 665 959 aspicere
687 872 780 948 iussi3
805 887 873 936 tum
895 873 929 936 in
951 870 1206 972 Peloppnnesum
1229 872 1398 936 traiicere.

338 959 387 1024 Ibi
403 981 623 1045 congressuros
637 981 671 1022 se
686 981 758 1024 cum
777 958 924 1024 Lentulis
942 972 1147 1023 constituunt.
1193 957 1400 1045 Priusquam

336 1045 579 1132 digrederentur
607 1068 626 1110 a
651 1043 802 1133 Corcyra,
828 1045 937 1110 literae
963 1067 984 1109 a
1012 1045 1129 1111 Perseo
1158 1043 1270 1110 allatae
1302 1059 1398 1120 sunt,

337 1132 452 1219 quibus
501 1133 659 1209 tiaerebat,
684 1155 766 1218 quae
788 1155 882 1197 causa
904 1131 1058 1196 Romanis
1081 1145 1137 1196 aut
1158 1131 1192 1195 in
1216 1130 1399 1196 Graeciam

338 1155 514 1285 traiiciendi
529 1219 644 1306 copias,
660 1234 715 1283 aut
735 1220 829 1283 urbes
846 1218 1033 1306 occupandi,
1048 1219 1153 1282 esset?
1177 1215 1240 1283 Cui
1255 1217 1398 1282 rescribi
1454 1236 1455 1257 ¹

337 1327 403 1370 non
417 1305 551 1406 placuit3
575 1306 688 1371 nuntio
703 1305 810 1394 ipsius,
823 1306 879 1392 qui
891 1305 995 1370 literas
1009 1305 1166 1382 attulerat,
1178 1304 1252 1381 dici,
1270 1304 1399 1368 ‘Prae-

338 1393 429 1457 ‘sidii
451 1415 545 1458 causa
568 1391 704 1480 ipsarum
731 1392 859 1457 urbium
891 1391 1051 1480 Romanos
1076 1391 1199 1456 facere)
1242 1390 1415 1467 Lentulis

337 1479 568 1545 circumeuntes
598 1479 810 1566 Peloponnesi
833 1478 959 1566 oppida,
982 1500 1082 1565 quum
1108 1479 1176 1542 sine
1201 1477 1396 1542 discrimine

337 1589 447 1632 omnes
462 1566 604 1631 civitates
622 1566 875 1644 adhortarentur,
892 1578 936 1642 ut,
952 1588 1018 1653 quo
1034 1565 1151 1642 animo,
1167 1587 1231 1651 qua
1244 1564 1312 1630 fide
1335 1564 1396 1628 ad·

337 1653 490 1717 iuvissent
525 1652 696 1730 Romanos,
727 1651 867 1738 Philippi
904 1653 1051 1739 primum,
1081 1651 1199 1717 deinde
1229 1650 1394 1717 Antiochi

337 1738 430 1815 bello,
447 1738 559 1803 eodem
575 1739 724 1802 adversus
739 1738 856 1803 Peraea
869 1739 1023 1815 iuvarent,
1032 1738 1193 1803 fremitum
1208 1738 1242 1802 in
1257 1739 1395 1802 concio-

181 1838 290 1886 ichaea-
338 1825 431 1888 uibus
460 1824 651 1889 audiebant:
684 1824 824 1888 Achaeis
847 1825 1095 1912 indignantibus,
1119 1824 1232 1890 eodem
1256 1847 1291 1889 se
1316 1825 1392 1889 loco

180 1917 233 2014 {⁰¹¹¹
245 1918 416 1989 ‘tuere-esse,
432 1911 487 1998 qiii
503 1910 610 1975 omnia
629 1933 648 1974 a
661 1911 825 1999 principiis
845 1910 1048 1976 Macedonici
1068 1911 1143 1976 belli
1156 1910 1393 1998 praestitissent

189 1982 226 2015 ’θ’
340 1997 502 2074 Romani,
514 2009 547 2061 et
562 1996 779 2062 Macedonum
794 1997 936 2085 Philippi
946 1996 1031 2062 bello
1046 1998 1151 2062 hostes
1165 1997 1310 2076 fuissent,
1321 2021 1390 2085 quo
1453 1996 1456 2085 l

340 2083 493 2149 Messenii
508 2097 603 2171 atque
620 2083 693 2162 Elii,
709 2084 766 2172 qui
780 2107 838 2170 pro
850 2085 1016 2149 Antiocho
1031 2085 1120 2154 hoste
1135 2107 1223 2149 arma
1236 2084 1390 2150 adversus

338 2170 492 2258 populum
509 2170 689 2235 Romanum
707 2171 868 2247 tulissent3
892 2194 938 2249 ac,
954 2194 1057 2272 nuper
1071 2171 1104 2234 iii
1115 2170 1293 2235 Achaicum
1309 2193 1390 2236 con·

339 2257 448 2322 tributi
458 2256 638 2335 concilium,
647 2257 736 2322 velut
747 2257 923 2344 praemium
935 2256 1009 2323 belli
1020 2281 1054 2323 se
1063 2258 1234 2322 victoribus
1246 2259 1390 2322 Achaeis

271 2391 279 2409 .
339 2343 431 2419 tradi,
443 2359 659 2433 quererentur.
706 2343 848 2409 Marcius
869 2359 905 2417 et
924 2343 1044 2410 Atilius
1063 2344 1104 2410 ad
1126 2343 1269 2423 Gitanas,
1295 2343 1408 2445 Epiris

1454 1618 1456 1661 i

338 2455 358 2496 ο
381 2431 491 2519 pidum
508 2432 619 2497 decern
638 2430 770 2495 milliaa
790 2433 879 2509 mari,
895 2454 996 2520 quum
1015 2432 1233 2509 escenderent,
1249 2432 1388 2497 conciho

369 2520 540 2607 piratarum
571 2518 689 2594 habito,
713 2540 787 2582 cum
817 2541 933 2605 magno
958 2520 1101 2584 omnium
1131 2540 1259 2583 assensu
1284 2518 1387 2583 auditi

338 2621 429 2670 sunt:
461 2622 494 2670 et
517 2606 767 2754 quadrinpentos
796 2605 968 2669 iuventutis
991 2628 1101 2669 eorum
1125 2606 1159 2669 in
1184 2605 1325 2683 Orestas,
1352 2618 1387 2670 at

338 2692 494 2785 praesidio
520 2706 625 2757 essent
665 2692 791 2756 iberatis
819 2692 860 2756 ab
888 2714 922 2756 se
953 2690 1194 2770 Macedonibus,
1218 2694 1407 2758 miserante

339 2778 419 2843 Iride
436 2780 469 2842 in
485 2778 645 2843 Aetoliam
657 2778 825 2879 progressi,
841 2800 877 2842 ac
892 2801 1009 2865 paucos
1024 2778 1068 2842 ibi
1086 2780 1198 2843 morati
1212 2779 1291 2856 dies,
1306 2779 1386 2844 dum
1454 2809 1456 2812 ·

339 2863 372 2928 in
388 2866 539 2951 praetoris
551 2877 665 2929 mortui
677 2865 780 2929 locum
792 2864 872 2929 alius
883 2865 1087 2943 sufficeretur,
1099 2880 1132 2930 et
1147 2865 1283 2953 Lycisco
1293 2888 1387 2953 prae·

339 2964 406 3015 tore
422 2953 514 3028 facto,
531 2974 626 3037 quem
644 2950 862 3015 Romanorum
874 2950 977 3015 favere
992 2952 1085 3016 rebus
1097 2953 1171 3016 satis
1185 2969 1385 3039 compertum

339 3052 414 3114 crat,
431 3038 621 3103 transierunt
641 3037 674 3101 in
690 3037 895 3102 Thessaliam.
943 3037 992 3102 Eo
1009 3038 1104 3125 legati
1120 3039 1338 3113 Ammonem,
1354 3053 1386 3103 et

339 3122 532 3188 Boeotorum
559 3124 684 3189 exsules
706 3138 872 3189 venerunt.
918 3126 1103 3190 Acarnanes
1128 3126 1275 3189 nuntiare
1298 3125 1405 3201 iussis

340 3209 452 3286 ‘Quae
483 3209 625 3310 Philippi
647 3210 797 3297 primum,
821 3210 973 3275 Antiochi
999 3211 1116 3277 deinde
1141 3210 1233 3290 bello,
1257 3212 1386 3300 decepti

340 3296 640 3385 ‘pollicitationibus
655 3296 759 3381 regiis,
771 3297 919 3361 adversus
930 3298 1083 3385 populum
1100 3298 1282 3363 Romanum
1298 3322 1386 3365 com·

340 3384 527 3462 ‘misissent
558 3406 596 3449 ea
624 3384 802 3470 corrigendi
831 3386 1026 3449 occasionem
1058 3385 1119 3449 illis
1147 3385 1294 3454 oblatam.
1352 3384 1384 3451 Si

340 3472 442 3536 ‘male
468 3470 572 3535 meriti
596 3470 795 3535 clementiam
818 3471 927 3559 populi
955 3470 1093 3536 Romani
1118 3473 1242 3559 experti
1267 3487 1384 3549 essent,

340 3560 439 3624 ‘bene
455 3558 606 3623 merendo
621 3556 839 3624 liberalitatem
851 3558 1091 3645 experirentur!
1128 3558 1258 3624 Boeotis
1268 3582 1385 3647 expro-

338 3646 473 3728 bratum,
489 3645 670 3710 societatem
690 3667 745 3709 eos
764 3668 837 3710 cuin
856 3645 976 3725 Perseo
988 3644 1136 3711 iunxisse.
1185 3644 1295 3721 Quum
1316 3646 1385 3712 cul·

338 3754 410 3818 pam
425 3732 459 3794 in
481 3730 660 3808 Ismeniam,
676 3731 852 3831 principem
875 3731 1004 3796 alterius
1022 3732 1130 3819 partis,
1145 3734 1336 3811 consenant,
1352 3738 1405 3798 et⁶

337 3817 487 3903 quasdam
503 3817 644 3882 civitates
655 3816 876 3884 dissentientes
891 3819 924 3882 in
936 3841 1061 3882 causam
1074 3818 1235 3897 deductas,
1252 3821 1384 3907 ‘Appa-

373 3988 508 4047 iFaaerc]
539 3986 729 4048 Intelligendum
753 3992 790 4034 est
810 3988 844 4046 iii,
876 3996 986 4035 construe
1002 4002 1050 4036 non
1068 3993 1157 4049 potest,
1167 3988 1214 4037 nisi
1230 3994 1326 4039 constet
1340 4006 1383 4039 not

337 4064 370 4100 tc.
382 4051 567 4114 occupationem
579 4050 682 4098 urbium.
701 4052 797 4100 Risoii.
876 4050 958 4098 omnis
969 4051 1030 4099 scire
1041 4052 1136 4101 debere.
1153 4054 1234 4102 cim.

374 4118 447 4176 3As
465 4116 588 4176 Gitanas}
617 4114 715 4163 Nomen
739 4114 844 4175 incogni-
909 4116 979 4174 4Αό
995 4118 1033 4176 se]
1058 4132 1090 4165 sc
1104 4118 1125 4165 A
1139 4117 1380 4180 Romanis'qiiornm

337 4187 399 4229 tum.
434 4181 482 4228 Pro
494 4179 533 4227 his
544 4180 638 4227 duabus
649 4180 749 4228 vocibus
764 4179 844 4241 legen-
876 4178 975 4227 nomine
987 4179 1060 4242 legati
1071 4182 1145 4229 rerba
1154 4180 1254 4230 facium.

337 4246 397 4295 dnm
412 4248 494 4292 censet
508 4245 559 4292 lac.
572 4242 710 4291 Gronovius
720 4245 844 4305 Aepili'pe,
913 4255 926 4303 ,ς
948 4246 1075 4295 Nuntiate
1095 4247 1169 4307 iussi]
1203 4246 1306 4295 Ciribiis
1327 4248 1382 4307 nris,

337 4307 454 4371 oppidum
466 4312 626 4357 memoratum
637 4306 749 4354 Straboni
758 4313 783 4354 et
792 4308 844 4354 Ste-
877 4322 952 4370 quum
964 4309 1064 4357 domum
1076 4308 1200 4358 redissent.

337 4372 420 4435 phano
439 4388 468 4421 er
490 4372 607 4421 llomcro.
641 4371 689 4419 see
706 4372 738 4420 de
755 4371 844 4418 mendo
908 4370 923 4420 6
939 4374 975 4420 Et
991 4375 1106 4435 asinodam
1119 4373 1242 4435 simma]
1263 4390 1298 4425 tc.
1310 4374 1381 4425 Dice·
