2934 4800
353 216 449 282 LIB.
472 214 598 281 XLIV.
633 214 745 281 CAP.
769 223 821 283 35.
1048 225 1108 286 155

32 351 238 418 llissilibus
251 351 363 441 procul
377 351 465 438 regia
477 350 596 415 auxilia
610 351 724 416 melius
737 375 761 438 p
828 353 942 429 abant3
965 354 1110 420 cominus
1122 369 1154 420 υ.
1189 405 1196 419 .
1228 371 1268 430 aa

33 439 200 504 tabilior
221 452 255 505 et
276 439 386 514 tutior,
401 451 457 502 aut
477 459 596 524 parma,
612 451 668 502 aut
687 453 778 503 scuto
823 439 972 526 igustiuo,
989 442 1110 505 Roma·
1120 434 1151 484 A.
1190 469 1196 484 ·
1227 431 1268 485 ⁶⁸*

32 549 94 590 rus
121 538 220 590 erat.
266 524 407 589 Meridie
431 523 497 588 iere
522 524 665 610 receptui
691 525 764 588 caui
788 526 853 589 suis
876 526 987 590 consul
1010 527 1108 592 iussit.
1147 567 1155 582 ι

32 611 85 676 lta
101 634 154 676 eo
172 611 234 676 die
248 610 444 698 diremptum
463 610 618 697 proelium
639 624 697 688 est,
715 610 803 675 haud
822 612 931 698 paucis
949 613 1110 700 utrimque

33 697 244 762 interfectis.
291 697 366 762 Sole
388 709 458 761 orto
479 711 606 783 postero
620 697 684 773 die,
700 698 829 762 irritatis
848 699 1019 763 certamine
1041 701 1110 764 ani-

31 784 111 860 mia,
130 784 243 849 etiam
262 784 366 848 acrius
385 805 573 848 concursum
588 794 653 847 est:
677 782 734 847 sed
751 783 898 861 Romani,
914 807 980 849 non
999 785 1038 850 ab
1061 785 1110 850 his

31 882 288 1021 tantumgbcum
302 869 643 1018 qqibusdcontractuq·
656 883 817 970 certamen
837 885 916 972 erat,
930 871 987 936 sed
1009 872 1110 937 multo

31 959 1111 1129 tffimitmthhlttttm'toethtlttltffinlltt

33 1129 184 1227 bantur.
235 1127 303 1192 Ubi
346 1151 382 1192 ro
404 1127 454 1191 ius
474 1127 576 1214 ripam
597 1125 737 1192 hostium
761 1129 926 1207 subissent,
945 1133 1111 1196 tormentis

37 1237 150 1363 grissa
172 1215 275 1315 etiarn
322 1213 769 1364 ngultimqsnperveniebant¹
792 1213 898 1279 Multo
913 1215 1057 1316 pluribus
1071 1240 1110 1317 eo

40 1323 373 1474 ,bitinia
397 1321 644 1473 rw?
654 1312 901 1472 nihilh
927 1301 1110 1466 luth?

32 1472 157 1549 ¹veluti
173 1496 236 1561 per
245 1472 404 1537 devexum
418 1472 454 1535 in
468 1493 555 1535 mare
566 1471 731 1536 brachium
744 1472 909 1536 transitum
925 1484 1110 1538 tentaturus

30 1558 210 1636 'Perseus
224 1559 313 1647 qnod
326 1559 361 1622 in
376 1558 475 1622 oculis
489 1570 566 1635 erat,
584 1557 635 1644 [id
649 1571 774 1622 tantum
789 1558 941 1642 cogitans,
954 1559 994 1623 ad
1009 1559 1113 1646 repel-

45 1645 197 1710 lendum
218 1668 258 1710 ea
278 1658 367 1732 parte
389 1644 512 1709 hostem
534 1665 662 1708 ornnem
682 1665 792 1708 curam
813 1644 1010 1722 intendebat,
1031 1645 1113 1710 nihil

47 1731 148 1796 aliud
163 1730 328 1796 sollicitus.
360 1730 495 1795 Interim
505 1729 543 1794 P.
555 1729 674 1794 Nasica
687 1753 762 1794 cum
776 1731 927 1797 attributa
940 1731 1000 1796 sibi
1015 1754 1113 1797 manu

50 1841 171 1883 versus
196 1839 282 1882 mare
303 1816 497 1882 Heracleum
520 1817 688 1902 profectus,
705 1829 873 1904 postquam
896 1840 935 1882 eo
956 1819 1111 1905 pervenit,

51 1904 154 1968 iussis
172 1925 307 1990 corpora
323 1925 432 1967 curare
450 1901 613 1978 militibus,
629 1917 756 1968 noctem
777 1903 979 1990 exspectavit.
1026 1905 1112 1968 Turn

53 2013 137 2055 vera
145 1989 288 2054 consulis
298 1989 448 2053 mandata
461 1988 639 2074 praecipuis
652 1987 771 2054 ducum
782 1991 939 2076 exposuit,
951 2013 989 2055 ac
1003 1991 1113 2077 primis

54 2100 92 2142 se
115 2075 363 2141 intendentibus
376 2074 524 2150 tenebris,
539 2075 623 2138 flexo
637 2075 679 2138 ad
693 2087 835 2139 montem
851 2075 974 2154 itinere,
991 2076 1032 2140 ad
1047 2076 1113 2164 Py-

56 2163 180 2239 thium,
197 2175 234 2226 ut
249 2163 439 2248 imperatum
454 2173 532 2237 erat,
547 2160 655 2246 copias
668 2161 795 2225 silentio
809 2161 907 2226 ducit
954 2162 1021 2226 Ubi
1036 2186 1120 2236 veu-⁴

57 2263 133 2314 tum
154 2247 197 2312 ad
218 2269 377 2312 summum
391 2269 544 2310 cacumen
559 2259 616 2324 est,
632 2247 721 2332 qnod
735 2247 846 2311 decem
862 2248 998 2348 amplius
1012 2249 1113 2313 stadia

58 2334 478 2487 ffimffliiemfflgit'
493 2333 631 2483 fatigati·
648 2333 802 2397 militibus
822 2333 943 2485 aliqmd
961 2357 994 2399 re
1018 2335 1112 2436 uictis

62 2530 153 2585 aeus,
168 2470 202 2572 ἐι
215 2443 447 2594 'ruffilli
460 2433 585 2570 hilii
603 2432 795 2570 illibi?
807 2420 950 2593 libila
962 2435 1113 2571 huilli}

64 2594 285 2659 Macedonum
304 2594 508 2658 obtinebantt
533 2590 590 2656 sed
611 2604 701 2656 tauta
721 2590 917 2677 negligentia
938 2591 1032 2677 regiis
1054 2592 1114 2656 du-

65 2682 160 2745 cibus
173 2693 247 2757 erat,
263 2693 300 2743 ut
313 2701 409 2743 nemo
423 2678 592 2743 adventare
615 2678 778 2742 Romanos
799 2677 940 2741 senserit
988 2676 1114 2765 Sopitos

66 2789 231 2867 aggresus
250 2765 368 2867 Nasica
383 2764 430 2864 ‘de
452 2766 527 2864 iugo
549 2762 641 2828 facile
664 2764 791 2863 deiecit,
814 2764 840 2826 si
862 2762 999 2851 Polybio
1024 2764 1111 2865 fides.

70 2853 144 3003 {tt
154 2849 1115 3013 fflrlthttttthtdltttttftttltttlt'

74 3024 204 3101 ‘ditum,
219 3025 264 3088 ita
277 3035 314 3087 ut
326 3023 440 3088 saltum
456 3044 610 3109 occupare
625 3022 714 3087 nullo
730 3024 860 3109 negotio
874 3024 1036 3109 potuisset,
1052 3024 1115 3087 nisi

75 3111 251 3197 ‘transfuga
267 3108 430 3175 Cretensis
443 3131 485 3173 ex
499 3109 547 3185 iis,
563 3130 643 3194 quos
657 3130 766 3173 secum
781 3108 926 3187 ducebat,
942 3109 983 3174 ad
998 3110 1116 3174 Persea

76 3197 287 3274 ‘cucurriaeet
312 3218 451 3281 eumque
478 3193 646 3272 docuisset,
673 3194 752 3282 quid
782 3208 935 3282 ageretur.
990 3195 1114 3282 Regem

79 3284 110 3347 ‘i
165 3282 341 3370 mquidem
356 3281 505 3346 mansisse
527 3282 562 3344 in
584 3281 701 3358 castris,
717 3280 774 3345 sed
790 3281 908 3346 misisse
923 3280 988 3346 duo
1004 3280 1115 3346 Mace·

79 3379 90 3410 ‘
121 3391 222 3446 ouum,
233 3367 344 3433 decem
359 3367 559 3433 auxiliarium
574 3367 683 3445 millia,
699 3366 842 3433 Modone
857 3367 950 3444 duce,
966 3366 1006 3431 ad
1021 3389 1115 3431 occu-

80 3456 232 3544 ‘pandnm
246 3454 369 3519 saltum.
406 3454 493 3519 Cum
506 3453 557 3517 his
571 3454 723 3517 acerrima
736 3476 758 3539 p
826 3476 845 3515 a
855 3453 890 3515 in
901 3472 1024 3515 summo
1040 3453 1115 3537 iugo

81 3552 278 3607 ‘concursum
293 3563 371 3617 esse,
384 3553 479 3627 atque
493 3540 579 3605 inter
591 3538 653 3604 alia
666 3560 735 3602 sese
751 3561 770 3601 a
813 3538 907 3600 hrace
923 3535 1022 3599 milite
1033 3536 1115 3600 ferro

82 3638 120 3693 ‘a
139 3628 278 3715 petitum,
293 3650 390 3713 quern
405 3626 471 3713 ipse
486 3624 598 3689 adacta
612 3646 670 3710 per
682 3636 795 3709 pectus
810 3622 899 3686 hasta
914 3622 1113 3686 transfixerit.

84 3652 204 3779 ‘llictos
222 3712 351 3778 taudem
374 3710 570 3776 Macedonas
587 3709 658 3773 loco
679 3709 817 3783 cessisse,
838 3706 1115 3795 Macedonemque

84 3801 197 3888 ‘ipsum
217 3800 398 3886 turpissima
420 3798 497 3883 fuga
519 3796 649 3860 abiectis
671 3794 767 3859 aruris
790 3792 882 3858 saluti
904 3793 1116 3859 consuluisse?

85 3887 225 3951 Romanis
244 3884 404 3972 fugientes
424 3882 689 3971 persequentibus
708 3879 808 3944 facilis
822 3892 855 3943 et
869 3880 937 3945 siue
953 3880 1018 3946 ullo
1032 3882 1116 3968 peri-

118 4054 127 4087 ι
143 4041 190 4087 Aut
197 4054 295 4100 masaa,
305 4044 350 4085 arat
360 4037 575 4099 scutoLipmtino]
644 4047 658 4081 2
674 4035 727 4081 Per
747 4030 877 4094 mearum]
907 4032 1030 4081 Videntur
1051 4031 1116 4079 enim

89 4104 178 4165 Quippe
189 4102 271 4151 velites
282 4100 390 4150 Romani
401 4116 512 4163 parmam
524 4114 577 4162 por—
611 4103 689 4146 castra
700 4098 815 4145 Romana
830 4097 855 4145 in
869 4096 973 4145 collibus
983 4093 1064 4153 filine,
1075 4096 1116 4157 qui

88 4170 171 4225 tabant,
183 4171 206 4215 et
222 4164 333 4228 Liguras,
348 4180 410 4227 quos
426 4164 452 4212 in
469 4163 579 4212 exercitu
611 4159 740 4224 paullatim
754 4175 834 4209 versus
844 4174 912 4208 mare
922 4159 1108 4207 descendebant.

90 4229 260 4281 hemililluina
273 4229 347 4277 refert
358 4228 514 4287 Plutarchus,
525 4242 577 4275 acn-
643 4238 657 4286 3
674 4225 822 4283 Brachium]
854 4224 914 4271 Non
941 4236 1047 4281 murum,
1074 4222 1117 4269 aad

90 4302 138 4343 turn
150 4295 197 4342 lere
209 4299 235 4343 et
249 4308 282 4343 ex
295 4306 364 4341 more
378 4306 437 4341 suae
451 4292 531 4353 gentis
545 4292 578 4340 ia-
611 4288 719 4337 fluminia
737 4288 827 4350 Enipei
845 4286 971 4335 brachium
989 4286 1029 4335 hic
1046 4284 1117 4332 intel·

92 4358 200 4408 tucamur.
612 4352 655 4415 ligi
666 4350 839 4402 animadvertit
851 4350 967 4411 Doering.
