2934 4800
322 199 386 259 120
703 188 819 257 ΤΙΤΙ
849 186 986 256 LIVII

163 343 200 395 U.
211 344 241 395 (t.
257 343 376 408 maten
392 328 422 392 E
444 327 484 392 iri
497 325 661 392 castellum
682 325 811 392 adortus
825 347 1020 478 oppugpare,
1036 337 1069 390 et
1083 323 1205 390 auxilia
1220 323 1388 388 Athama·

164 411 196 460 Α·
212 410 242 459 ⁰·
259 409 401 481 ¹⁶anum
544 427 761 500 rotarumque,
776 429 902 500 praeter
955 434 1105 477 ornanum
1125 411 1326 487 exercitum,
1346 409 1387 473 ad

322 524 379 567 sex
394 500 494 565 millia
506 499 673 564 hominum
687 522 796 564 secum
807 499 959 564 adduxit:
983 520 1090 585 neque
1109 521 1128 563 o
1169 520 1226 562 rae
1237 497 1388 585 pretium

322 588 408 665 fecit,
422 584 532 664 Cleva,
545 586 603 673 qui
612 585 741 651 relictus
756 609 775 650 a
789 586 906 651 Perseo
921 598 1000 664 erat,
1012 607 1085 651 cum
1096 607 1117 648 v
1149 584 1202 649 'do
1217 582 1389 684 praesidio

166 683 270 733 Passus
282 672 525 760 addefendente.
572 671 616 737 Et
630 672 775 749 Perseus,
792 672 949 736 Elimeam
969 671 1138 759 profectus,
1153 684 1187 735 et
1205 691 1300 735 crrca
1314 691 1406 740 eamr

165 747 275 797 statua
287 755 316 798 η’
325 759 468 825 exercitu
488 759 630 836 lustrato,
653 759 692 822 ad
718 759 870 835 Stratum,
893 758 1078 823 vocantibus
1101 757 1130 821 E
1153 757 1253 834 irotis,
1281 755 1407 836 ducit9

327 846 450 912 Stratus
463 845 655 910 validissima
671 857 742 908 tum
756 845 831 910 urbs
845 843 992 909 Aetoliae
1007 858 1083 908 erat.
1130 779 1198 909 Sita
1212 855 1265 908 est
1287 862 1389 928 snper

326 932 535 999 Ambracium
555 932 671 1009 sinum,
686 953 785 1019 prope
807 953 933 996 amnem
949 930 1114 996 Inachum.
1161 929 1249 994 Cum
1266 928 1406 993 decenn

325 1018 465 1084 millibus
486 1017 632 1106 peditam
654 1040 694 1082 eo
718 1017 877 1104 profectus
899 1029 947 1081 est
968 1029 1002 1082 et
1022 1015 1184 1103 equitibus
1204 1015 1385 1081 trecentis:

303 1103 307 1107 ’
349 1127 407 1170 uos
435 1103 600 1192 pauciores
624 1117 755 1203 propter
779 1103 940 1190 angustias
965 1104 1086 1168 viarum
1116 1117 1150 1166 et
1173 1102 1385 1189 asperitatem

326 1130 428 1256 duxit.
474 1190 586 1255 Tertio
607 1189 660 1254 dre
680 1211 781 1276 quum
842 1189 995 1254 menisset
1016 1189 1059 1253 ad
1077 1187 1199 1254 Citium
1222 1201 1386 1262 montem,

326 1279 382 1343 vix
403 1290 614 1364 transgressus
632 1288 763 1365 propter
784 1276 985 1341 atitudinem
1007 1275 1099 1352 nivis,
1117 1274 1223 1340 locum
1247 1296 1385 1361 quoque

327 1363 436 1429 caruis
453 1385 547 1451 aegre
567 1362 698 1428 invenit.
745 1362 910 1428 Profectus
929 1361 1016 1440 inde,
1031 1361 1130 1462 magis
1150 1361 1226 1447 quia
1247 1382 1386 1425 manere

327 1473 394 1515 non
414 1461 550 1538 poterat,
571 1471 668 1536 quam
688 1449 777 1536 quod
797 1447 967 1513 tolerabilis
986 1463 1042 1513 aut
1062 1471 1114 1512 vra
1130 1459 1186 1512 aut
1206 1460 1385 1534 tempestae

327 1549 420 1615 emet,
435 1558 509 1601 cum
524 1536 647 1622 ingenti
661 1535 841 1611 vexatione,
852 1535 1022 1621 praecipue
1036 1534 1262 1611 iumentorum,
1278 1533 1386 1598 altero

327 1622 381 1686 die
392 1621 435 1686 ad
450 1634 513 1686 tem
536 1621 603 1686 lum
618 1620 713 1697 Iovis,
730 1619 887 1685 Nicaeum
900 1643 997 1707 quem
1012 1632 1135 1698 vocant,
1148 1620 1257 1707 posuit
1266 1633 1382 1684 casua

328 1707 385 1772 Ad
400 1645 601 1772 Arachthum
616 1706 692 1771 inde
707 1706 837 1783 flumen,
849 1705 964 1770 itinere
978 1704 1102 1793 ingenti
1116 1727 1257 1782 emenso,
1272 1719 1386 1770 reten-

328 1806 381 1858 tus
401 1791 570 1857 altitudine
587 1792 698 1869 amnis,
719 1793 843 1856 mansit
892 1791 967 1867 Quo
985 1793 1087 1879 spatio
1106 1791 1260 1892 temporis
1280 1807 1402 1878 pontes

371 1879 480 1956 rfecto,
492 1877 645 1942 traductis
655 1878 755 1965 copiis
766 1877 831 1942 diei
842 1900 1023 1964 progressus
1034 1879 1104 1954 iter,
1116 1878 1245 1942 obvlum
1262 1879 1384 1943 Archi·

328 1901 459 2030 dimum
473 1964 651 2052 principem
673 1963 871 2041 Aetolorum,
886 1987 944 2052 per
958 1987 1055 2051 quem
1075 1964 1105 2028 ei
1129 1964 1253 2029 Stratus
1276 1965 1385 2030 trade-

263 2107 271 2124 .
328 2053 431 2128 batur,
446 2051 567 2116 habuit
613 2049 663 2113 Eo
682 2049 735 2115 die
755 2049 796 2115 ad
817 2051 915 2115 linem
935 2051 1002 2137 agri
1022 2050 1131 2115 Aetoli
1150 2063 1253 2116 castm
1266 2053 1382 2138 posita

330 2136 411 2201 Inde
423 2136 521 2202 altero
532 2137 585 2201 die
597 2136 640 2200 ad
655 2135 796 2201 Stratum
805 2149 1012 2224 perventum:
1037 2137 1101 2214 ubi,
1110 2159 1210 2224 prope
1222 2135 1382 2202 Inachum

330 2245 457 2288 amnem
476 2223 586 2288 castris
605 2223 725 2310 positis,
747 2245 847 2309 quum
867 2235 1076 2310 exspectaret,
1095 2223 1211 2288 effusos
1230 2223 1383 2289 omnibus

328 2310 428 2411 portis
440 2309 573 2374 Aetolos
584 2309 619 2372 in
633 2309 731 2373 fidem
745 2332 834 2374 suam
849 2323 1008 2386 venturos,
1019 2308 1138 2374 clausas
1152 2321 1270 2396 portas,
1283 2324 1382 2398 atque

329 2420 398 2485 rpsa
411 2420 450 2462 ea
463 2410 567 2473 nocte,
579 2420 644 2497 qua
656 2410 796 2473 venerat,
808 2410 971 2484 receptum
988 2396 1170 2462 Romanum
1184 2396 1382 2483 praesidium

329 2507 403 2548 cum
426 2482 617 2571 C.P0pitl10
632 2481 738 2569 legato
758 2483 890 2548 invenit.
935 2483 1110 2571 Principes,
1130 2484 1187 2571 qui
1203 2486 1383 2569 praesentis

330 2570 518 2635 Archidami
533 2570 719 2635 auctoritate
734 2569 889 2655 compulsi
900 2591 1007 2656 regem
1023 2570 1237 2646 arcessierant,
1253 2571 1383 2635 obviam

330 2679 455 2742 egresso
471 2656 666 2721 Archidamo
683 2656 844 2743 segniores
859 2655 943 2733 facti,
959 2656 1065 2721 locum
1085 2656 1234 2721 adversae
1249 2656 1383 2722 factioni

330 2742 485 2806 dederant
501 2741 544 2805 ad
565 2741 738 2829 Popillium
759 2764 833 2805 cum
855 2742 942 2805 mille
964 2742 1126 2891 peditibus
1147 2744 1187 2807 ab
1208 2742 1382 2809 Ambracia

331 2827 562 2892 arcessendum.
600 2826 640 2891 In
649 2826 966 2914 temporaetDinarc
990 2829 1381 2917 us,praefectusequitum

330 2914 436 3000 gentis
460 2912 659 2990 Aetolorum,
685 2936 759 2978 cum
789 2915 948 2979 sexcentis
970 2915 1131 3001 peditibus
1156 2928 1190 2981 et
1218 2918 1382 3003 equitibus

331 3012 462 3064 centum
483 2999 580 3064 venit.
627 2998 709 3064 Satis
728 3001 903 3078 constabat,
924 3022 1008 3079 eum,
1027 3014 1179 3088 tanquam
1199 3001 1241 3067 ad
1263 3002 1382 3067 Persea

331 3085 528 3161 tondentem,
551 3084 690 3150 Stratum
710 3086 853 3151 venisse:
877 3100 999 3152 mutato
1019 3086 1137 3153 deinde
1157 3111 1230 3152 cum
1252 3090 1382 3154 t'ortuna

331 3172 448 3248 animo,
465 3170 620 3235 Romanis
634 3195 678 3249 sc,
693 3172 843 3237 adversus
860 3195 941 3260 quos
955 3186 1094 3251 venerat,
1110 3175 1260 3239 iunxisse.
1309 3175 1381 3240 Nec

331 3257 487 3344 Popillius
508 3258 657 3335 securior,
679 3280 777 3344 quam
799 3258 936 3324 debebat
957 3269 1034 3338 esse,
1057 3262 1228 3326 intortam
1250 3261 1381 3326 mobilia
1443 3254 1444 3313 l

330 3344 461 3431 ingenia
489 3356 564 3408 erat.
612 3343 727 3409 Claves
756 3357 917 3430 portarurn
946 3346 1186 3434 custodiamque
1216 3370 1380 3413 murorum

330 3454 405 3495 suae
416 3442 522 3495 extem
545 3430 752 3517 lopotestatis
766 3430 859 3496 fecit:
884 3431 1084 3498 Dinarchum
1096 3433 1293 3521 Aetolosque
1306 3456 1379 3499 cum
1443 3468 1444 3513 3

329 3517 495 3583 iuventute
537 3518 700 3583 tratiotum
711 3518 746 3581 in
758 3540 862 3583 arcem
874 3540 932 3605 per
942 3518 1090 3605 praesidii
1101 3520 1238 3607 speciem
1251 3521 1377 3587 amovit.
1443 3594 1444 3611 χ

362 3751 521 3812 8Elimeam]
535 3752 630 3801 Urbem
641 3752 667 3801 in
678 3751 776 3814 ragione
785 3750 837 3799 Eli-
870 3767 917 3801 ros.
934 3751 1015 3803 (ἷκεν.

328 3814 438 3862 miotide.
905 3818 1019 3880 rPrcpa
1039 3833 1135 3867 amnem
1153 3820 1288 3879 Inachum]
1320 3822 1376 3868 Iao·
1443 3830 1444 3835 ’

361 3879 834 3943 pddStratam,cocantimepirctia]
868 3882 941 3929 chum
956 3896 1000 3943 pro
1016 3882 1079 3944 vulg.
1091 3884 1223 3933 Acheloum
1238 3882 1376 3931 emendarit
1443 3906 1444 3909 ¹

330 3941 371 3990 Ex
381 3940 411 3990 iis
421 3956 484 4003 quae
495 3948 636 4016 sequuntur,
648 3944 744 3992 videtur
756 3945 836 4006 legen-
869 3944 923 3992 Kre
940 3944 1033 4007 ssigius,
1050 3960 1124 4007 quam
1140 3953 1264 3995 auctorem
1282 3953 1376 3996 secutus

328 4005 388 4053 dum
410 4021 462 4054 esse
482 4011 565 4067 potrus
580 4008 679 4056 Aetolia.
720 4007 836 4069 Namque
868 3959 1025 4059 estdekkar.

328 4068 424 4117 Stratus
444 4070 502 4118 urbs
522 4071 633 4119 Aetolica
654 4076 706 4121 at:
733 4070 837 4119 traditur
901 4076 1042 4134 aMcnsit]
1058 4073 1153 4122 Vooem
1165 4073 1273 4136 aliquam
1285 4075 1374 4123 hicax·
1443 4110 1444 4137 3

327 4148 372 4194 per
390 4133 566 4182 Archidamum
588 4134 723 4196 principem
741 4138 835 4185 Aetolo·
868 4135 954 4185 cidisse
976 4142 1058 4186 censet
1081 4136 1229 4197 Perizonius,
1247 4139 1290 4199 qui
1307 4141 1374 4197 diam,

326 4212 400 4244 ram:
426 4197 532 4259 denique
548 4213 600 4256 rex,
617 4197 660 4245 ubi
676 4199 709 4247 ad
725 4198 835 4247 Stratum
868 4202 976 4260 biduum,
986 4203 1023 4249 vel
1036 4202 1156 4263 talequid
1168 4202 1297 4253 desiderat.
1331 4204 1373 4253 Lo
1443 4260 1444 4263 Ἴ

326 4260 436 4319 accessit,
457 4267 584 4323 exspectat
606 4262 695 4310 effusos
721 4262 835 4311 omnibus
867 4263 1277 4316 cumaateriacisnotaritBeklrer.
1443 4266 1444 4271 ’

326 4324 403 4385 portis
417 4326 514 4374 Aetolos
529 4324 555 4373 in
571 4326 646 4375 fidem
662 4340 731 4375 suam
749 4330 834 4374 ventu-
