2934 4800
303 288 311 299 .
361 201 401 264 se
666 252 670 260 .
743 191 855 261 rrrr
881 193 1017 262 n1v11

250 351 279 464 g.
296 353 351 415 581.
359 345 475 398 tereret
490 345 615 419 tempus
636 332 671 396 in
692 331 857 396 obsidione
879 331 1046 418 praesidii3
1070 331 1260 408 secundum,
1281 353 1328 398 ea
1344 353 1418 417 quo·
1450 293 1451 326 r

298 428 423 508 17¹·que
449 432 570 484 tentata
594 433 768 504 utcunque,
795 441 894 505 quum
920 420 1015 483 sciret
1043 418 1125 486 nihil
1149 419 1280 486 roboris
1311 439 1418 482 secum

359 505 527 657 emam
541 504 651 570 liceret
665 504 795 605 intacto,
810 504 913 604 ebire3
930 505 1050 656 pplipee
1064 505 1203 570 hostium
1218 505 1417 580 adventum,

359 616 378 657 e
474 615 628 666 successu,
644 606 768 667 mansrt,
783 604 824 668 et,
882 615 893 655 1
982 614 1022 656 an
1064 613 1096 656 m
1110 609 1331 668 arcesserent,
1373 613 1417 654 ro-

359 701 435 767 pere
459 679 549 743 misit.
597 677 719 754 Queat
733 614 954 778 seriuaqiqluim
968 615 1224 766 resgpiostulabat,
1241 693 1284 744 et
1301 614 1417 766 rapiiim

360 779 439 842 acta,
455 765 571 830 turbati
585 787 680 831 cursu
693 763 840 830 adversus
862 777 1032 830 anstructos
1046 777 1078 830 et
1116 779 1306 852 raeparatos
1329 781 1416 828 erant

360 852 535 917 adventuri.
583 851 706 915 Consul
728 851 934 916 anteveniens
957 863 1064 916 extem
1086 787 1117 915 ld
1143 850 1315 938 proelium
1344 875 1417 916 con-

360 939 465 1004 seruit
514 937 623 1002 Primo
644 938 787 1002 resistere
809 936 1026 1014 Macedones3
1049 875 1176 1015 liudo,
1199 951 1238 1002 ut
1260 939 1367 1002 nulla
1387 961 1416 1002 re

359 1047 451 1112 parea
475 1038 574 1102 erant,
599 1024 719 1088 amisus
745 1025 894 1090 trecentis
918 1023 1087 1112 peditibus,
1113 1025 1227 1112 viginti
1253 1039 1415 1112 quattuor

359 1111 547 1199 primoribus
572 1134 590 1175 e
614 1112 717 1176 uitum
739 1133 781 1176 ex
806 1111 864 1187 alu,
891 1133 986 1198 quam
1015 1110 1141 1176 Sacram
1166 1126 1302 1189 vocant,
1333 1112 1429 1178 intere

359 1221 439 1286 quos
456 1133 665 1263 Andmaclrua
685 1196 781 1262 etiam
803 1197 980 1285 praefectus
1001 1197 1068 1262 alae
1090 1197 1214 1275 cecidit,
1239 1199 1341 1264 abire
1364 1221 1414 1262 co·

359 1299 483 1350 uantur.
522 1284 675 1350 Ceterum
690 1284 751 1350 iter
765 1307 863 1371 prope
878 1284 947 1370 ipso
961 1283 1081 1370 proelio
1096 1284 1335 1350 tumultuosius
1347 1285 1410 1350 fuit

358 1371 513 1449 Phalanx,
528 1373 584 1436 abs
603 1370 727 1457 trepido
749 1371 862 1436 nuntio
884 1369 993 1448 accita,
1009 1393 1109 1457 quum
1131 1371 1248 1458 raptim
1270 1371 1412 1436 ducere·

358 1471 419 1536 tur,
441 1458 544 1546 primo
565 1458 601 1522 in
621 1457 774 1545 angustiis
795 1457 989 1556 captivorum
1012 1457 1130 1544 agmini
1152 1457 1259 1522 oblata
1273 1457 1411 1523 vehicu-

357 1543 460 1632 lisque
480 1544 639 1609 frumento
661 1544 799 1610 onustis:
823 1544 862 1608 irs
876 1544 982 1620 caesis,
998 1543 1110 1630 ingens
1130 1543 1173 1608 ibi
1188 1545 1327 1610 vexatio
1343 1547 1426 1630 par-f

359 1632 400 1695 tis
418 1632 582 1718 utriusque
599 1629 669 1706 fuit,
684 1629 774 1694 nullo
788 1643 1002 1717 exspectante,
1018 1643 1054 1694 ut
1076 1644 1239 1717 utcunque
1263 1617 1425 1731 explica-l

359 1730 448 1781 retur
461 1739 585 1804 agmen,
595 1715 652 1781 aed
667 1717 794 1780 armatis
808 1715 1049 1782 detrudeutibus
1063 1739 1120 1804 per
1133 1739 1290 1804 praeceps
1306 1741 1410 1804 tmpe-

359 1802 510 1879 dimonte,
526 1803 646 1889 (neque
666 1801 754 1866 enim
772 1802 862 1868 aliter
880 1803 932 1868 via
950 1803 1064 1890 aperiri
1086 1802 1224 1890 poterat)
1240 1804 1407 1878 iumentis,

381 1911 459 1953 uum
473 1888 717 1964 stimularentur,
732 1888 767 1952 in
783 1889 875 1954 turba
888 1889 1106 1954 saevientibus.
1155 1889 1219 1956 Vix
1234 1891 1276 1956 ab
1293 1891 1408 1954 incon·

358 1911 426 2040 dito
454 1975 580 2063 agmine
609 1975 806 2062 captivorum
835 1975 1041 2062 expedierant
1069 1998 1146 2052 sese,
1176 1999 1279 2063 quum
1320 1978 1408 2063 regio

259 2081 265 2092 ·
357 2062 476 2149 agmini
497 2061 712 2148 perculsisque
727 2061 888 2149 equitibus
904 2075 1080 2128 occurrunt.
1126 2061 1269 2136 Ibivero
1284 2063 1408 2128 clamor
1450 2073 1451 2078 ’

357 2148 536 2213 iubentium
554 2148 670 2212 referre
691 2149 783 2234 aigne
803 2148 912 2214 ruinae
928 2171 1056 2248 quoque
1074 2171 1172 2236 prope
1186 2147 1329 2214 similem
1349 2165 1407 2214 tre·

356 2234 553 2321 pidationem
566 2234 659 2299 fecit:
684 2249 730 2311 ut,
746 2235 772 2298 si
786 2235 901 2311 hostes,
917 2235 1047 2300 introire
1062 2235 1221 2322 angustias
1235 2236 1320 2312 ausi,
1340 2237 1406 2300 lon·

356 2321 428 2409 gius
442 2321 575 2386 insecuti
590 2333 704 2397 essent,
719 2343 835 2409 magna
848 2319 952 2386 eludes
967 2321 1069 2410 accipi
1082 2322 1229 2410 potuerit.
1267 2321 1405 2398 Consul,

356 2422 485 2497 recepto
500 2431 541 2474 ex
555 2408 678 2473 tumulo
692 2408 858 2495 praesidio,
870 2422 1038 2473 contentus
1053 2409 1178 2474 modico
1193 2432 1358 2488 successu,
1375 2411 1405 2473 in

356 2508 459 2563 casua
480 2496 586 2583 copias
610 2494 747 2560 reduxit
795 2494 886 2573 Sunt,
911 2496 967 2581 qui
993 2517 1032 2561 eo
1057 2495 1109 2561 die
1136 2518 1252 2583 magno
1280 2496 1405 2583 proelio

380 2595 533 2669 ugnatum
549 2594 694 2647 auctores
709 2581 790 2646 sint:
817 2594 888 2647 octo
907 2580 1007 2647 millia
1028 2582 1167 2647 hostium
1186 2604 1287 2659 caess,
1303 2584 1344 2647 in
1360 2584 1406 2646 his
1449 2596 1450 2663 l

356 2606 530 2756 {opattam
545 2680 580 2733 et
596 2668 804 2755 Antipatrum
826 2668 928 2754 regios
948 2666 1062 2733 duces:
1086 2669 1173 2733 vivos
1187 2682 1297 2756 captos
1312 2668 1405 2735 circi·

358 2768 407 2819 ter
431 2753 496 2819 duo
521 2754 620 2819 millia
648 2755 855 2841 octingentos,
880 2754 971 2840 signa
999 2755 1146 2819 militaria
1170 2768 1264 2842 capta
1288 2755 1405 2842 viginti

357 2854 488 2940 septem.
530 2839 603 2904 Nec
616 2842 813 2905 incruentam
829 2840 993 2905 victoriam
1007 2840 1119 2906 fuisse:
1143 2863 1237 2927 supra
1251 2856 1405 2929 quaturor

357 2925 457 2991 millia
481 2939 515 3012 et
540 2937 697 2991 necantes
717 2927 760 2993 de
785 2926 929 2992 exercitu
953 2926 1091 2992 consulis
1113 2926 1284 2993 cecidisse:
1313 2928 1405 3016 signs

357 3012 500 3077 sinistrae
515 3011 582 3076 alae
597 3012 741 3099 quinque
757 3014 875 3080 amissa
1412 3028 1421 3073 τ

246 3101 300 3168 67.
403 3096 454 3182 ΗίΙ
481 3097 551 3179 dies,
568 3111 602 3162 et
619 3098 771 3164 Romania
792 3099 902 3164 refecit
922 3098 1053 3176 animos,
1069 3114 1102 3165 et
1116 3100 1235 3165 Persea
1255 3101 1403 3189 perculit,
1448 3090 1449 3182 l

202 3188 306 3237 Passus
316 3187 342 3237 in
358 3196 404 3261 ut,
419 3184 488 3250 dies
509 3206 626 3271 paucos
639 3184 682 3249 ad
696 3184 879 3271 Mopselum
897 3199 1044 3263 moratus,
1060 3186 1241 3273 sepulturae
1264 3188 1402 3253 maxime

201 3253 495 3367 fflgdtmffimm
518 3270 702 3335 amissorum
723 3293 808 3347 cura,
831 3270 988 3358 praesidio
1013 3273 1088 3337 satis
1112 3272 1217 3337 valido
1243 3272 1286 3339 ad
1313 3273 1403 3339 Gon-

357 3380 436 3423 num
451 3357 570 3434 relicto,
582 3355 617 3420 in
633 3354 856 3421 Macedoniam
871 3356 1027 3443 reciperet
1041 3358 1155 3445 copiaa
1194 3358 1403 3425 Timotheum
1447 3438 1448 3443 γ

357 3444 519 3531 quendam
540 3466 582 3507 ex
603 3443 697 3529 regiis
718 3443 883 3529 praefectis
898 3466 971 3508 cum
993 3444 1119 3509 modica
1138 3468 1236 3509 manu
1251 3446 1403 3534 relinquit

205 349 239 400 U.

203 415 234 466 Δ.

390 3646 464 3703 32³
483 3646 535 3703 ala,
550 3658 624 3707 qum
641 3644 743 3691 mom
761 3642 860 3701 socom]
894 3641 1018 3691 dationem
1034 3642 1181 3707 Heusingeri
1198 3650 1307 3702 secutus,
1318 3646 1361 3707 qui
1377 3648 1404 3693 tis

358 3706 412 3754 Iam
429 3708 521 3755 mantio
537 3707 603 3755 lacte
618 3712 656 3755 est
669 3706 797 3754 Sacrsnrm
813 3706 862 3754 als·
894 3707 970 3754 euris
982 3706 1056 3757 delet.
1090 3706 1191 3768 Aliquid
1208 3709 1294 3757 mendi
1310 3709 1336 3757 in
1349 3725 1403 3757 rore

357 3783 412 3816 rum
421 3785 487 3832 supr.
498 3772 537 3831 58.
547 3784 676 3831 mnusque
687 3770 730 3817 liet
741 3770 795 3820 infr.
804 3769 862 3818 xlir.
894 3772 970 3818 caeru
980 3770 1057 3819 lutera
1066 3770 1117 3819 lam
1127 3778 1259 3821 monuerat
1266 3773 1375 3822 Crevier.

358 3846 397 3892 4²·
429 3832 585 3895 suspicamur
605 3833 661 3882 illas
679 3833 789 3895 equitum
811 3833 863 3881 slus
926 3835 975 3893 51
1059 3836 1093 3883 lbi
1106 3836 1202 3885 oeaeatio
1216 3839 1301 3899 portia
1315 3841 1401 3887 errsa-
1446 3852 1447 3893 ζ

358 3896 422 3944 eirca
439 3896 519 3959 ipsum
535 3911 616 3959 regem
632 3896 716 3945 solitas
733 3912 786 3945 asae
803 3910 861 3958 pug-
894 3898 953 3958 qua]
972 3850 1053 3947 effi
1074 3898 1212 3961 phalangia,
1230 3905 1286 3949 tum
1306 3902 1401 3951 Creten

358 3974 424 4020 aare,
440 3960 463 4009 ei
481 3960 574 4009 tuendo
595 3961 722 4022 speciatim
744 3961 862 4019 addictas,
894 3958 1399 4027 sium,quideducebantsaptiroaetprse

357 4024 465 4072 undeet
481 4023 541 4086 ipsis
555 4024 655 4072 fortasse
671 4026 805 4073 Sacrorum
819 4038 862 4073 no-
894 4024 959 4073 dsm.
976 4026 1058 4074 Cast.

357 4100 415 4135 men
430 4087 543 4137 inditum.
576 4087 631 4135 Nec
645 4088 721 4136 uliam
733 4104 785 4136 ease
795 4086 861 4137 duci-
925 4086 942 4135 6
961 4090 993 4137 Ut
1004 4092 1321 4163 meunqroesapliccrstur]
1339 4096 1397 4143 Dm
1445 4150 1446 4153 Ἴ

357 4163 413 4197 mus
427 4154 519 4213 reptata
534 4153 608 4207 mom,
618 4157 777 4201 memoratam
792 4150 863 4200 Livio
895 4164 939 4213 pro
949 4158 978 4199 ul
992 4158 1099 4215 reposuit
1111 4152 1219 4205 Belrker.
1231 4162 1335 4207 auctore
1344 4158 1397 4207 Gro

357 4226 423 4274 supr.
434 4214 525 4262 xxxvii
537 4228 576 4274 40.
593 4214 673 4263 Cart.
895 4214 975 4264 novio.

390 4292 406 4335 4
421 4278 553 4327 Frrrmsato
563 4279 668 4337 murth]
686 4278 796 4327 Verbum
807 4279 862 4327 las·
928 4289 941 4337 7
958 4280 1079 4329 Sinistra
1088 4281 1157 4341 alos]
1176 4280 1275 4331 statut
1286 4284 1396 4333 sociamur

356 4341 553 4400 sirpostonmrle
560 4340 863 4390 inssrntsekkersmen-
896 4340 1006 4403 peditum
1017 4342 1130 4403 eorporis
