2934 4800
326 113 387 176 196
727 109 843 176 ΤΙΤΙ
871 109 1009 185 LlVll

170 261 247 378 pto}
263 247 477 390 idi'lmum
490 249 622 314 adversa
640 271 750 400 pupius
771 249 983 400 ctlppregiam
993 249 1227 350 'iuventutem
1244 247 1371 312 amisse
1419 237 1420 304 l

331 347 764 524 ‘inezi’aemd'latsasi‘laxquslyiid
779 349 1158 523 vceuidntierdlliiaiireriurldi
1190 357 1374 486 alilfflaccmdoii

333 509 623 682 {limittit
636 508 1378 682 alliell‘iuie‘lzttsffifflt

266 729 275 746 .
335 685 420 748 ‘cios
447 682 586 748 solerent
614 681 745 746 Rhodii.
792 680 948 759 Praemia,
974 681 1128 769 Philippo
1156 695 1201 746 et
1236 680 1379 744 Antium

334 769 495 847 ‘devictis
515 767 707 856 amplissima
727 767 907 919 accepimus
929 790 949 832 a
968 768 1066 832 vobis
1116 767 1161 845 Si,
1181 790 1282 854 quse
1301 781 1382 831 runa

335 863 441 920 ‘nnnc
464 868 513 920 est
533 857 660 920 fortuna
681 855 778 919 deum
842 854 997 942 nignitate
1019 868 1053 919 et
1074 853 1201 920 virtute
1229 867 1343 929 vestra,
1357 874 1383 914 ca

335 941 463 1007 ‘Persei
476 941 596 1017 finisset,
611 954 645 1005 et
658 940 800 1028 praemia
819 941 955 1027 petitum
977 939 1019 1004 ad
1037 941 1199 1006 victorem
1217 961 1334 1026 regem
1345 962 1383 1000 u·

335 1029 510 1094 ‘nissemus
519 1028 555 1092 in
566 1027 801 1103 Macedoniam,
811 1026 891 1113 quid
905 1026 1035 1092 tandem
1049 1027 1271 1092 diceremus?
1300 1026 1383 1088 Peer-

335 1116 472 1180 ‘ninane
483 1137 503 1179 a
513 1115 605 1180 nobis
616 1113 771 1191 adiutum,
783 1135 825 1178 an
835 1113 1018 1178 frumento?
1036 1113 1164 1178 auxiliis
1176 1112 1383 1185 terrestribta

336 1209 396 1267 ‘an
421 1200 606 1266 navalibus?
658 1200 723 1265 uod
748 1199 939 1287 praesidium
963 1200 1102 1265 teuuuse
1127 1202 1221 1266 nos?
1259 1199 1318 1262 ubi
1340 1220 1384 1282 pa

336 1295 466 1378 ‘gnasse
482 1301 538 1352 aut
551 1288 610 1352 sub
624 1223 709 1350 illius
722 1285 868 1363 ducibus,
883 1298 1010 1386 autper
1024 1287 1212 1373 nosipsos?
1250 1285 1289 1350 Si
1304 1306 1383 1371 quae

336 1382 448 1454 ‘reret
464 1374 518 1440 ubi
534 1373 624 1438 miles
638 1385 755 1449 noster,
770 1372 825 1436 nbi
847 1373 935 1438 navis
957 1373 1231 1522 1ntra1praesidis
1250 1393 1313 1436 sus
1325 1371 1384 1434 fus·

336 1468 422 1539 ‘set3
453 1461 532 1548 quid
555 1458 840 1548 responderemus?
886 1456 1024 1524 Causam
1062 1473 1183 1524 ortasse
1210 1459 1383 1524 diceremus

336 1548 441 1636 ‘apud
461 1548 624 1624 victorem,
642 1544 913 1633 quemadmodum
935 1544 1021 1632 apud
1042 1568 1098 1610 vos
1116 1544 1278 1610 dicimus,
1326 1542 1384 1606 Huc

336 1635 443 1698 ‘enim
457 1632 576 1720 legatos
590 1646 726 1719 utroque
742 1631 783 1696 de
802 1653 880 1718 pace
901 1629 1059 1697 mittendo
1080 1633 1256 1697 consecuti
1278 1651 1381 1702 samm

336 1726 392 1785 ‘ut
405 1742 447 1783 ne
461 1719 502 1784 ab
516 1732 650 1805 utraque
691 1730 758 1782 arte
779 1717 912 1804 matiam
927 1717 1094 1794 iniremus3
1119 1719 1161 1782 ab
1176 1717 1394 1784 attenctius

336 1807 477 1872 ‘crimen
505 1818 539 1870 et
566 1742 745 1892 periodum
774 1817 864 1869 esset
920 1804 1115 1891 Quanquam
1144 1804 1296 1870 Perseus
1322 1823 1380 1866 reu

336 1894 516 1970 ‘obiiceret‚
531 1891 567 1956 id
602 1891 667 1956 uod
682 1913 738 1956 vos
759 1913 825 1956 non
846 1890 987 1976 potestis,
1002 1890 1114 1956 Patres
1128 1891 1321 1978 conscripti,
1334 1909 1378 1952 nce

336 1980 512 2067 ‘principio
534 1915 611 2044 belli
635 1977 756 2042 misisse
780 1976 898 2042 advos
922 1976 1053 2064 legatos,
1076 1977 1132 2063 qui
1156 1977 1379 2064 pollicerentur

336 2065 453 2142 ‘vobis
468 2087 552 2152 quae
571 2065 613 2128 ad
632 2063 751 2129 bellum
775 2084 855 2163 opus
876 2075 998 2139 essent3
1023 2063 1200 2141 navalibus,
1217 2064 1326 2139 aruris,
1340 2061 1391 2126 iul

336 2159 486 2216 ‘ventute
509 2164 625 2227 nostra,
648 2150 731 2214 sicut
755 2149 912 2237 puoribus
937 2148 1037 2226 bellis,
1059 2149 1100 2214 ad
1126 2151 1240 2216 omnia
1265 2160 1376 2238 paratas

337 2237 430 2304 ‘fora
477 2235 530 2302 Ne
547 2245 787 2323 praestaremus,
802 2257 860 2322 per
872 2257 929 2301 vos
950 2235 1047 2313 stetit,
1063 2236 1176 2323 quide
1193 2255 1376 2324 quacunque

337 2332 451 2390 ‘causa
464 2334 533 2388 tum
551 2322 710 2410 aspernati
730 2334 836 2387 nostra
856 2321 975 2388 auxilia
988 2323 1071 2388 estis
1117 2321 1240 2410 Neque
1257 2323 1375 2388 fecimus

336 2412 364 2451 ⁶.
390 2412 397 2427 .
509 2411 516 2425 .
1289 2411 1297 2423 .

336 2421 699 2573 ‹affilltttff
724 2409 1376 2583 tmvlttlttttltbssltltfflt

337 2585 449 2659 ‘Quid
463 2585 583 2672 igitur?
604 2582 727 2647 nihilne
746 2582 864 2647 factum
884 2604 990 2670 neque
1005 2582 1127 2647 dictum
1142 2584 1243 2649 estin
1260 2582 1374 2649 ense

337 2677 468 2748 ‘restra
496 2668 628 2746 Rhodii,
654 2668 742 2756 quod
770 2667 904 2769 nolletis,
932 2691 997 2755 quo
1026 2668 1140 2734 merito
1167 2670 1373 2735 offenderetur

337 2754 694 2923 :talama
709 2752 1373 2930 paratissimae

337 2926 549 3013 ‘privatorum
570 2926 664 3013 culpa
683 2940 913 3028 segregaturus,
960 2926 1061 2993 Nulla
1081 2928 1168 2993 enim
1190 2942 1243 2994 est
1264 2929 1371 2999 civita

337 3021 438 3114 ‘quae
452 3035 517 3078 non
538 3025 572 3077 et
589 3013 750 3102 improbos
763 3036 847 3079 cives
862 3012 1042 3101 aliquando,
1056 3028 1091 3080 et
1105 3016 1291 3105 imperitam
1305 3011 1372 3080 mul

336 3098 526 3165 ‘titudinem
544 3121 670 3187 semper
689 3100 813 3166 habeat.
859 3099 967 3165 Etiam
981 3100 1069 3188 apud
1081 3124 1137 3167 vos
1151 3101 1249 3167 fuisse
1264 3098 1370 3172 audivi,

335 3195 347 3227 ‘
355 3186 412 3274 qni
426 3184 615 3251 assentando
629 3184 828 3252 multitudini
846 3199 1077 3273 grassarenturz
1101 3201 1134 3253 ct
1148 3190 1314 3255 secessisse
1327 3185 1372 3250 ali·

336 3273 484 3361 ‘quando
505 3296 526 3338 a
539 3272 628 3338 vobis
668 3272 782 3351 lebem,
798 3295 858 3338 nec
872 3272 907 3337 in
965 3285 1077 3339 testate
1091 3288 1194 3339 vestra
1208 3271 1371 3363 rempubli-

335 3369 423 3425 ‘cam
437 3360 542 3426 fuisse.
590 3357 624 3424 Si
639 3294 700 3423 doc
715 3359 749 3422 in
770 3359 830 3424 hac
845 3372 908 3425 tam
966 3382 1007 3425 ne
1022 3372 1144 3425 murata
1157 3360 1288 3426 civitate
1304 3358 1371 3427 acci·

335 3446 431 3513 ‘dere
448 3447 563 3533 potuit,
583 3445 690 3511 muari
710 3444 878 3546 quisquam
901 3458 1015 3533 potest,
1035 3446 1158 3533 aliquos
1178 3446 1277 3513 fixisse
1299 3444 1369 3535 apud

334 3542 346 3573 ‘
354 3556 421 3612 nos,
436 3535 503 3620 qui,
517 3532 600 3621 regis
619 3531 791 3596 amicitiam
812 3544 967 3619 petentes,
983 3532 1107 3620 plebem
1123 3546 1266 3599 nostram
1279 3532 1370 3600 consi·

334 3620 403 3683 ‘liis
424 3618 656 3706 depravarent?
679 3617 736 3705 qui
758 3631 864 3682 tamen
884 3618 965 3683 nihil
987 3618 1070 3683 ultra
1090 3618 1270 3697 valuerunt,
1285 3640 1368 3709 quam

333 3714 343 3744 ‘
351 3717 389 3769 ut
402 3706 437 3767 in
452 3705 555 3769 officio
570 3725 770 3771 cessaremus.
818 3702 895 3767 Non
911 3704 1022 3805 utique
1037 3706 1217 3791 praeteribo
1232 3707 1278 3785 id,
1294 3703 1368 3795 quud

332 3789 568 3879 ‘gravissimum
593 3791 700 3855 estin
730 3789 792 3855 hoc
821 3788 905 3855 bello
931 3813 1053 3855 cumen
1079 3791 1216 3857 civitatis
1245 3810 1366 3860 nostrae

362 3946 377 3993 8
397 3946 430 3995 m
447 3960 479 3995 ne
495 3943 526 3992 ab
542 3948 648 4005 atrqu
661 3943 749 4005 parte]
775 3940 837 3991 Gru·
903 3957 919 4006 9
941 3944 1090 4003 Nuuulr'bas,
1115 3944 1205 4006 unna]
1240 3944 1368 3995 Gruuoriur

328 4008 416 4057 novius
428 4016 458 4056 rat
473 4008 504 4056 ab
518 4012 608 4056 newa
618 4013 693 4067 parte
705 4006 837 4068 legendum
870 4008 976 4056 mallan
989 4022 1034 4069 pro
1048 4010 1177 4057 mentibu
1188 4010 1295 4071 reponit,
1304 4022 1366 4073 quem

329 4078 420 4131 censet,
446 4077 475 4119 ut
501 4073 596 4134 legatus
623 4069 737 4118 Rhodius
764 4070 838 4129 dicat,
870 4078 969 4119 secutur
982 4071 1140 4121 estBekker.
1173 4072 1241 4121 Fieri
1256 4078 1366 4137 potestat

329 4137 394 4185 cirea
407 4149 465 4184 suos
478 4150 586 4197 nequas
597 4134 718 4183 Romanis
730 4148 811 4196 neque
822 4150 838 4183 a
869 4136 972 4183 maulia
990 4134 1156 4195 Rhodiorum,
1174 4135 1200 4185 in
1220 4138 1309 4199 quibus
1327 4140 1365 4187 Ru

328 4202 418 4249 Perseo
436 4200 539 4260 gratiam
556 4198 637 4247 inisse.
668 4200 709 4246 Ne
728 4200 759 4245 ab
778 4204 836 4247 utro
868 4212 958 4247 manae
975 4212 1050 4248 naves
1067 4200 1233 4259 reficerentur,
1250 4201 1292 4251 hic
1307 4202 1365 4251 intel·

327 4266 422 4328 qur’dem
431 4268 505 4324 purte
517 4260 624 4307 Bekker.
636 4260 751 4319 reposuit,
870 4260 983 4321 ligantur.
