2934 4800
430 202 525 269 LIB.
550 201 641 268 XLI.
675 203 787 270 CAP.
811 210 862 270 24.
1117 211 1157 271 31

109 347 120 378 ‘
187 354 204 405 t
233 351 370 405 mortem
399 341 496 427 patris
524 340 590 428 egit
618 339 715 417 aliud,
743 362 838 427 quam
868 338 986 404 bellurn
1015 341 1244 427 paranitide.
1260 361 1314 422 578.

110 363 305 492 ‘libistamar
331 427 468 513 primum
494 425 536 490 ad
562 430 712 490 terrorem
739 427 882 490 omnium
905 427 938 490 in
963 421 1198 492 DardaniamAu
1215 423 1245 472 ⁰·
1263 434 1316 484 ¹74

110 515 282 578 ‘immisitr
308 514 364 601 qui
380 513 406 577 si
420 513 527 578 sedem
543 536 613 577 eam
628 513 813 589 tenuissent,
829 513 986 600 graviores
1000 536 1054 578 eos
1067 536 1158 579 acco·

112 600 179 666 ‘las
195 599 334 666 Graecia
355 599 522 676 habuisset,
539 622 635 686 quam
651 600 730 663 Asia
746 598 856 663 Gallos
869 599 993 664 haheat.
1040 599 1089 664 Ea
1101 623 1157 689 spe

114 687 174 752 ‘de
198 687 295 764 ulsus,
318 709 385 750 non
411 699 516 750 tamen
539 685 613 750 belli
637 683 768 750 consilia
793 686 917 750 omisit:
942 687 1016 763 imo,
1036 686 1063 750 si
1084 711 1158 752 vere

113 711 281 838 ‘rolirmus
302 773 418 850 dicere,
439 773 502 837 ianr
523 772 683 837 inchoavit
704 772 832 837 bellum.
878 772 1049 923 Dolopiam
1064 775 1158 837 armis

113 861 270 947 ‘subegit
286 883 346 925 nec
386 873 568 924 invocantes
589 859 630 922 de
652 860 872 924 controversiis
893 860 935 924 ad
979 861 1042 924 isce
1066 861 1158 925 tatio-

111 955 208 1010 ‘nem
230 946 342 1034 populi
415 947 500 1010 mani
522 945 652 1010 audivit.
698 945 789 1024 Inde,
805 961 1014 1033 transgressus
1030 883 1156 1024 (ictam,

112 1041 170 1098 ‘ut
195 1047 328 1120 repente
357 1033 392 1096 in
421 1032 527 1096 medio
555 1032 705 1096 umbilico
733 1032 886 1098 Graeciae
912 1033 1155 1120 conspiceretur,

112 1119 281 1220 ‘Delphos
306 1119 457 1184 escendit.
502 1118 593 1184 Haec
619 1120 779 1207 usurpatio
805 1119 927 1184 itineris
951 1119 1070 1184 insoliti
1091 1143 1157 1207 quo

113 1208 223 1272 ‘robis
248 1221 390 1294 spectare
413 1206 562 1270 ridetur?
605 1203 801 1270 Thessaliam
826 1206 943 1271 deinde
1011 1207 1154 1294 ragravit

112 1293 236 1370 ‘Quod
262 1294 330 1358 siue
356 1293 450 1357 ullius
472 1315 591 1369 eorum,
614 1315 694 1379 quos
717 1292 837 1370 oderat,
859 1315 953 1370 noxa,
969 1229 1036 1357 peoe
1057 1294 1158 1379 magis

111 1380 345 1445 ‘tentationem
370 1391 486 1444 metuo.
532 1378 614 1444 Inde
641 1379 747 1443 literas
772 1378 814 1443 ad
838 1401 898 1442 nos
919 1401 992 1442 cum
1018 1381 1157 1444 muneris

112 1468 240 1556 ‘specie
254 1467 349 1544 misit,
366 1478 399 1530 et
412 1467 549 1553 cogitare
563 1465 661 1542 iubet,
677 1488 742 1552 quo
756 1463 853 1528 modo
867 1465 901 1528 in
916 1465 1074 1552 reliquum
1096 1465 1157 1530 hoc

115 1561 267 1618 ‘munere
289 1576 356 1618 non
377 1575 544 1640 egeamus3
568 1552 629 1615 hoc
648 1564 705 1628 est,
721 1564 759 1615 ut
778 1551 952 1628 decretum,
968 1574 1032 1638 quo
1048 1574 1157 1616 arcen-

118 1649 190 1705 ‘tur
203 1639 423 1727 Peloponneso
438 1637 641 1714 Macedones,
658 1637 821 1714 tollamus3
844 1660 950 1702 mrsus
968 1637 1087 1724 legatos
1107 1661 1157 1702 rc-

115 1734 128 1765 ‘
134 1726 214 1814 glos,
239 1740 272 1791 et
297 1726 434 1813 hospitia
455 1747 529 1790 curn
554 1725 655 1812 princi
680 1725 759 1802 ibus,
782 1740 817 1789 et
840 1747 915 1788 mox
940 1723 1157 1790 Macedonum

115 1821 126 1852 ‘
134 1813 302 1890 exercitus,
317 1813 422 1900 ipsum
437 1834 564 1898 quoque
580 1835 599 1875 a
613 1747 750 1898 Delphis
764 1810 935 1898 (quantum
950 1812 1035 1876 enim
1059 1812 1156 1876 inter·

113 1900 206 1964 ‘fluit
231 1899 348 1964 fretum
359 1899 389 1984 l)
412 1899 619 1963 traiicientem
643 1898 678 1961 in
702 1897 958 1985 Peloponnesum
981 1896 1155 1976 videamus

113 1987 367 2051 ‘immisceamur
389 1984 618 2050 Macedonibus
643 1985 837 2049 armantibus
859 2007 892 2049 se
918 1985 1067 2049 adversus
1090 1985 1156 2050 Ro-

113 2081 253 2138 ‘manos
288 2072 360 2158 Ego
374 2071 454 2136 nihil
467 2071 541 2136 novi
556 2093 669 2136 censeo
680 2069 928 2148 decernendum,
939 2071 1073 2136 serrand
1115 2095 1156 2137 ue

88 2160 243 2230 r‘omnia
263 2159 396 2246 integra,
419 2158 521 2223 donec
545 2156 586 2221 ad
606 2171 728 2222 certum
748 2157 919 2259 redigatur,
939 2095 1156 2222 vanusnemhic

113 2247 231 2311 ‘timor
251 2257 366 2322 noster,
382 2267 423 2310 an
436 2266 529 2309 verus
545 2243 648 2308 fuerit
696 2243 729 2309 Si
821 2243 971 2310 inviolata
986 2245 1070 2309 inter
1084 2244 1157 2309 Ma-

112 2333 272 2399 ‘cedonas
292 2332 517 2419 Romanosque
539 2330 687 2407 manebit,
702 2266 942 2419 noffiqumue
964 2332 1103 2396 amicitia
1123 2349 1157 2396 et

113 2421 361 2486 ‘commercium
379 2420 438 2484 sit:
463 2440 548 2483 nunc
563 2417 603 2482 de
619 2440 657 2483 eo
671 2418 810 2505 cogitare
823 2419 1035 2505 periculosum
1050 2432 1084 2483 ct
1096 2418 1157 2481 irn-

114 2519 295 2572 ‘maturum
309 2505 452 2571 videtur!

158 2594 238 2658 Post
259 2594 345 2657 hunc
368 2592 487 2670 Archo,
509 2591 605 2655 frater
622 2589 785 2656 Xenarchi
808 2591 971 2679 praetoris,
994 2592 1038 2656 ita
1059 2591 1157 2656 disse·
1211 2594 1264 2654 24.

113 2681 201 2745 ruit:
226 2679 415 2745 ‘Difficilem
433 2678 606 2743 orationem
624 2677 818 2755 Callicrates,
839 2690 872 2743 et
893 2678 982 2756 mihi,
1003 2690 1035 2742 et
1054 2677 1230 2753 omui-*⁴¹⁰9
1237 2678 1315 2729 (ΜΗ-

114 2768 204 2844 ‘bus‚
221 2767 278 2853 qui
292 2767 386 2831 abeo
400 2764 612 2841 dissentimus,
627 2763 720 2829 fecit:
746 2764 871 2851 agendo
890 2766 977 2829 enim
993 2764 1156 2831 Romanae
1165 2748 1277 2869 5323,

114 2853 294 2919 ‘societatis
315 2874 440 2917 causam
460 2852 537 2939 ipse,
557 2850 733 2936 tentariquc
757 2864 790 2915 et
811 2852 988 2939 oppugnari
1008 2852 1155 2931 dicendo,

115 2950 126 2981 ‘
158 2963 233 3005 uam
247 2962 343 3004 nemo
357 2960 462 3026 neque
477 2951 588 3015 tentat,
603 2959 708 3024 neque
723 2954 896 3025 oppugnat,
912 2939 1027 3016 effecit,
1042 2951 1088 3017 ut,
1100 2940 1157 3027 qui

116 2963 175 3093 ‘di
189 3050 223 3092 se
238 3026 428 3103 dissentiret,
439 3023 587 3088 adversus
602 3025 767 3089 Romanos
780 3024 886 3090 dicere
901 3024 1071 3090 videretur.
1106 3026 1157 3090 Ac

113 3114 274 3202 ‘primum
288 3112 441 3189 omnium,
457 3126 510 3175 tan
534 3132 606 3174 uam
625 3132 691 3175 non
711 3109 763 3175 hic
782 3112 946 3176 nobiscum
965 3111 1084 3190 finisset,
1100 3112 1158 3177 sed

114 3211 191 3265 ‘aut
211 3222 253 3265 ex
275 3199 363 3264 curia
382 3196 493 3287 populi
547 3196 654 3262 omani
673 3197 805 3274 reniret,
828 3211 883 3262 aut
903 3220 1015 3285 regum
1036 3198 1159 3263 arcanis

115 3298 126 3327 ‘
135 3288 311 3364 interesset,
326 3286 434 3351 omnia
454 3284 513 3349 scit
534 3297 567 3348 et
587 3283 723 3362 nuntiat,
739 3305 821 3371 quae
836 3284 959 3349 occulte
973 3284 1057 3349 facta
1072 3298 1155 3349 sunt

89 3373 271 3441 4‘Diriuat
287 3372 392 3450 etiam,
409 3393 490 3459 quae
512 3370 618 3434 futura
638 3370 772 3448 fircrant,
788 3371 814 3435 si
828 3370 996 3458 Philippus
1010 3371 1155 3434 vixisset:

114 3460 215 3549 ‘quid
230 3460 276 3525 ita
288 3458 422 3523 Perseus
440 3456 531 3545 regni
551 3455 643 3521 heres
664 3458 714 3537 sit,
730 3457 810 3545 quid
823 3470 937 3544 parent
952 3455 1156 3532 Macedones,

114 3545 216 3635 ‘quid
239 3545 380 3633 cogitent
403 3542 551 3609 Romani.
596 3541 666 3608 Nos
688 3556 806 3620 autem,
828 3542 895 3629 qui,
916 3563 977 3606 nec
997 3542 1038 3605 ob
1061 3563 1157 3627 quam

114 3646 272 3710 ‘causam
290 3654 350 3697 nec
388 3629 632 3696 uemadmodum
654 3630 783 3716 perierit
805 3627 999 3705 Demetrius,
1021 3628 1156 3707 scimus3

114 3731 195 3786 ‘nec
213 3718 293 3807 quid
313 3719 340 3783 P
364 3718 489 3806 “ppus,
509 3716 535 3781 si
557 3716 694 3795 vixisset,
716 3715 856 3780 facturus
878 3713 982 3792 fuerit,
1004 3714 1046 3780 ad
1067 3715 1156 3795 haec,

115 3818 218 3895 ‘quae
240 3805 344 3895 palam
365 3818 530 3893 geruntur,
545 3802 675 3867 consilia
692 3816 800 3867 nostra
814 3802 1050 3868 accommodare
1065 3826 1159 3891 opor·
1208 3843 1211 3848 ·

148 4056 163 4103 3
174 4044 259 4092 Donec
267 4044 300 4091 od
309 4050 401 4093 certam
412 4040 552 4104 rediretur]
570 4038 620 4087 Do
654 4038 799 4087 Gronovius
816 4038 896 4088 (ἔην.

114 4122 162 4154 nec
177 4114 271 4154 certum
286 4106 338 4165 liat,
352 4108 429 4155 donec
445 4112 510 4154 certo
525 4103 620 4153 sciatur.
686 4119 702 4162 4
718 4104 788 4161 Quae
795 4104 890 4162 saturo
898 4101 1019 4161 swani]
1040 4097 1071 4147 cf.
1086 4100 1158 4161 Supr.

116 4170 167 4221 sic.
182 4170 243 4219 xliv.
261 4182 297 4231 15.
314 4173 357 4229 Et,
371 4173 393 4219 ri
409 4172 436 4219 ld
449 4177 506 4220 aare
520 4170 621 4217 dubiam
654 4167 704 4215 xxi.
724 4178 763 4228 47.
788 4166 922 4214 Ruhnken,
945 4165 1037 4225 opusc.
1060 4178 1084 4223 p.
1104 4178 1159 4223 402.

109 4238 212 4296 sulem,
228 4236 361 4296 teramum
435 4237 508 4285 verba
524 4234 557 4282 ad
571 4247 621 4281 ccc
653 4233 760 4280 Fuerint
786 4228 926 4277 emendarit
948 4226 1095 4285 Gronovius,
1116 4228 1160 4274 red

116 4307 170 4347 tum
196 4300 321 4359 redeylrac.
353 4300 469 4347 Ceterum
497 4297 622 4357 legebatur
655 4294 844 4355 nihilopusest.

117 4362 159 4410 hic
181 4364 214 4409 ad
233 4370 324 4412 certum
346 4363 476 4424 diriyatar.
509 4358 622 4411 Correxit
652 4406 655 4422 ,
