2934 4800
462 237 785 310 KREYSSIGIL
1090 247 1152 310 371

47 415 94 458 se
135 395 355 462 conveniant
383 419 422 464 ac
451 398 652 486 discrepent,
679 401 862 484 scripturae
884 399 1152 468 diversitatem

47 495 152 562 Nic.
168 495 368 566 Carbachio
382 521 425 566 ex
439 499 553 566 codice
568 501 769 588 Mogontino
782 511 947 568 enotatam
961 503 1040 570 huic
1054 527 1151 591 prae·

47 597 207 664 sationi
220 599 268 664 ita
285 600 420 680 subieci,
437 611 484 681 ut,
499 603 635 668 resectis
656 601 708 680 iis,
724 623 809 687 quae
831 602 874 667 ad
896 625 966 668 rem
986 626 1052 671 non
1072 629 1150 692 per·

47 699 194 766 tinere
232 701 433 780 viderentur,
470 703 593 769 codicis
634 701 720 768 illius
756 701 951 770 lectionibus
987 704 1146 774 lectiones

48 801 246 866 editionis
262 801 487 869 Ascensianae
501 825 531 868 a.
551 804 644 868 1513.
661 803 876 890 praefigerem
895 816 930 870 et
949 804 1145 874 lectionibus

48 901 91 964 in
117 902 258 968 codice
276 903 515 990 Bambergensi
528 925 662 990 quoquc
682 905 835 989 repertis,
849 926 987 989 quarum
1004 909 1143 974 maxime

49 1005 317 1070 memorabiles
354 1007 503 1072 asterisci
538 1007 631 1091 signo
663 1006 785 1080 notavi,
815 1004 943 1073 literam
970 1009 1014 1075 B.
1044 1011 1144 1076 ascri-

50 1104 213 1182 berem,
230 1105 402 1192 simulque,
417 1127 520 1192 quum
534 1105 846 1173 Drakenborcbium
862 1107 974 1174 bacin
988 1131 1025 1174 re
1040 1109 1143 1196 negli-

53 1208 221 1290 gentius
239 1221 404 1273 versatum
424 1229 497 1274 csse
516 1208 758 1284 intellexissem,
773 1231 793 1274 a
807 1210 1003 1294 quibusnam
1017 1213 1142 1278 codicis

53 1306 280 1394 Moguntini
293 1307 449 1376 lectiones
461 1311 601 1395 primum
611 1309 644 1376 in
654 1310 812 1376 orationis
822 1321 1012 1377 contextum
1021 1312 1141 1378 luerint

55 1419 255 1495 receptae,
270 1407 514 1497 diligentissime
529 1411 715 1478 indicarem.

107 1509 246 1597 Atque
259 1510 343 1578 baec
353 1513 487 1599 quidem
501 1513 544 1580 de
558 1513 682 1580 codicis
695 1512 949 1599 Bambergensis
963 1513 1139 1580 virtutibus

57 1621 98 1676 et
114 1613 222 1679 vitiis
236 1614 360 1680 dixisse
375 1615 524 1682 sufficiat.
568 1615 677 1683 Venio
695 1637 784 1682 nunc
802 1617 845 1680 ad
863 1637 959 1680 usum
972 1616 1071 1682 huius
1084 1637 1139 1684 co·

58 1713 178 1793 dicis,
204 1714 274 1799 qui,
300 1735 401 1802 quum
430 1715 463 1780 in
491 1714 690 1784 bibliotheca
714 1715 954 1802 Bambergensi
976 1716 1034 1782 diu
1058 1716 1137 1784 deli·

59 1817 214 1895 tuisset,
237 1817 386 1903 adeoque
411 1841 431 1883 a
454 1817 729 1884 Drakenborcbio
751 1819 903 1902 usurpari
925 1818 1137 1904 nequivisset,

59 1929 199 1986 nostra
223 1919 354 1986 demum
377 1931 495 2000 aetate,
519 1921 553 1988 id
577 1921 668 2008 quod
691 1941 890 2008 magnopere
909 1919 1078 2002 laetamur,
1093 1944 1136 1989 ex

63 2021 231 2088 tenebris
253 2021 287 2086 in
307 2021 412 2088 lucem
434 2032 486 2088 est
508 2020 667 2108 prolatus.
712 2022 896 2087 Maximum
916 2022 987 2088 eiua
1007 2023 1137 2090 deside·

63 2123 178 2202 rium,
194 2133 235 2188 ut
253 2123 368 2189 ordine
385 2145 454 2189 rem
473 2147 664 2212 persequar,
680 2125 805 2211 primus
823 2124 966 2190 omnium
980 2125 1136 2192 excitavit

64 2225 187 2311 magis
204 2245 302 2312 quam
320 2223 465 2311 explerit
484 2226 601 2293 Franc.
619 2224 844 2305 Bartholinua,
859 2225 927 2310 qui,
942 2247 1043 2310 quum
1059 2225 1136 2292 libri

67 2325 238 2392 tricesimi
255 2327 343 2392 tertii
358 2347 434 2413 para
449 2327 551 2394 maior
565 2349 607 2396 ex
623 2328 737 2394 codice
751 2327 975 2415 antiquissimo
989 2327 1135 2413 Mogon-

68 2428 146 2494 tiae
170 2430 317 2495 alors.
340 2430 479 2514 primum
501 2430 591 2497 edita
611 2440 710 2518 atque
732 2440 809 2516 post
823 2428 904 2494 Aldi
925 2438 960 2495 et
979 2428 1135 2495 Frobenii

72 2550 180 2597 curas
195 2553 215 2596 a
233 2529 362 2616 Sigism.
379 2528 521 2597 Gelenio
535 2530 685 2598 Basileae
704 2554 734 2597 a.
754 2532 847 2596 1535.
863 2530 907 2595 sd
921 2528 1044 2595 codicis
1058 2528 1135 2595 Mo-

70 2632 222 2717 guntini,
231 2652 330 2717 quem
339 2644 455 2717 postea
465 2654 625 2717 nusquam
635 2630 825 2717 investigari
836 2630 983 2716 potuisse
993 2638 1134 2708 constat,

73 2730 184 2798 fidem
206 2732 375 2818 recognita
406 2736 536 2813 essetfl,
561 2732 726 2800 sexdecim
750 2730 860 2817 priora
890 2729 1038 2796 eiusdem
1058 2728 1134 2795 libri

74 2836 192 2921 capita
213 2856 287 2901 cum
309 2834 438 2921 septimi
459 2835 577 2901 decimi
598 2833 758 2921 particula
778 2855 822 2899 ex
843 2832 956 2899 codice
974 2831 1134 2899 Bumber·

76 2938 176 3021 gensi
193 2936 469 3023 negligentissime
483 2936 649 3022 descripte
662 2959 691 3001 a
706 2936 800 3001 1615.
816 2934 953 3001 Romam
967 2934 1133 3001 transtulit

75 3040 194 3127 ibique
219 3064 304 3107 anno
325 3039 521 3126 insequenti,
548 3038 614 3105 suis
640 3048 674 3103 et
698 3034 779 3102 Ant.
795 3037 1000 3123 Quaercngii
1022 3060 1131 3105 emen·

78 3142 271 3208 dationibus
293 3142 326 3207 in
348 3138 450 3207 libelli
469 3138 615 3225 margine
637 3138 785 3215 adiectis,
799 3137 848 3202 ita
866 3138 1010 3218 (15151111,
1025 3148 1064 3205 nt
1080 3160 1132 3205 re·

114 3356 142 3391 ιι
163 3340 186 3391 P
317 3337 384 3390 enim
404 3338 535 3389 (loellcrus
555 3338 588 3387 ud
619 3336 684 3389 curis
715 3332 864 3386 recenmit.”
911 3333 1030 3386 Similiter
1057 3334 1130 3387 Wal-

78 3402 134 3456 Liv.
151 3402 210 3454 XX
241 3403 296 3454 111.
308 3418 346 3455 sc
362 3419 387 3468 p.
405 3417 457 3454 ιοο.
472 3404 504 3452 de
514 3402 588 3451 serbo
620 3402 703 3451 chium
714 3415 813 3475 quoque
823 3398 966 3475 dmcndmt.
975 3398 1030 3449 Lis.
1039 3412 1064 3461 p.
1074 3411 1129 3462 ²45·

77 3476 210 3531 asperam
227 3467 254 3517 in
273 3468 346 3517 Frob.
368 3482 389 3517 1.
408 3472 474 3516 recte
492 3466 588 3515 adiecto
620 3478 828 3527 sq.errssse,1am
842 3478 869 3515 m
884 3463 963 3528 Epist.
974 3462 1129 3514 adGosllcr.

82 3531 144 3581 haec
165 3531 307 3581 mactarit:
330 3530 456 3593 “Nempe
475 3530 517 3591 qui
535 3528 588 3577 uni·
621 3544 646 3591 p.
659 3539 714 3591 477.
725 3527 821 3578 monui.

80 3610 137 3645 cum
155 3594 266 3645 codicem
279 3594 336 3645 118.
347 3598 528 3653 retractarent,
539 3592 588 3643 Ge·
656 3606 684 3641 ιι
702 3590 787 3645 Editio
805 3588 922 3653 princeps
937 3588 989 3639 sire
1004 3589 1129 3650 Romus,

79 3658 170 3718 lenius,
180 3660 281 3707 verbum
296 3674 313 3707 a
328 3656 482 3723 Mogontinis
497 3662 590 3706 temera
621 3654 661 3705 cui
672 3652 1066 3767 ‚cmlffffiffluffilmssffluff
1082 3658 1128 3713 cst,

80 3721 130 3772 sire
142 3722 237 3771 incerta
251 3723 367 3771 omissum
381 3721 516 3783 reponsit.”
525 3726 551 3769 et
561 3735 587 3783 p.
619 3724 655 3769 rta
670 3734 743 3769 maon
759 3724 824 3768 surr:
843 3718 873 3768 Τ.
885 3717 950 3766 Inru
961 3716 1127 3766 Hsstonarum

81 3790 135 3849 358.
169 3786 330 3845 “Quoniam
355 3784 444 3847 iuquit,
468 3783 510 3846 qui
537 3783 588 3833 edi-
619 3784 651 3833 ab
663 3782 697 3833 U.
709 3784 740 3834 G.
751 3782 826 3831 labor
837 3780 980 3856 mul.
995 3780 1129 3841 praecipua

80 3850 174 3901 tionem
188 3849 325 3912 principem
336 3848 508 3912 Moguntinam
519 3862 587 3897 curs·
619 3852 698 3911 parte,
717 3861 780 3908 quae
801 3844 994 3903 deuderabatur,
1013 3844 1129 3907 expletam

82 3918 177 3973 rmunt,
186 3913 267 3963 multa
282 3920 375 3962 temcm
389 3918 415 3961 et
430 3928 475 3975 pro
487 3910 586 3961 arbitrio
618 3926 650 3960 ex
662 3910 747 3959 codice
756 3907 932 3970 manuscripto.
943 3906 1050 3967 Romae,
1059 3908 1127 3969 apud

80 3982 216 4037 mutansnt,
242 3976 375 4026 editionem
406 3976 586 4026 Fmbenianam
619 3974 705 4024 Barth·
738 3973 898 4023 Zannettm
934 3968 1005 4023 1616.
1054 3971 1128 4019 Haec

80 4042 138 4090 unni
159 4052 227 4104 1531.
245 4040 415 4089 conferendam
435 4054 487 4089 esse
505 4038 586 4088 existi·
618 4038 693 4087 editio
703 4034 958 4107 venetiisctParisiis
966 4035 1053 4109 eodem
1061 4048 1129 4109 auno

81 4103 155 4163 mari,
164 4104 204 4153 cui
214 4104 322 4166 praefuit
330 4103 457 4163 Gelenius,
466 4102 502 4151 vir
512 4102 538 4151 iu
548 4102 589 4151 his
619 4102 724 4164 repetita
734 4106 780 4152 est.
812 4098 871 4149 viu
882 4099 990 4149 Fabncu
1006 4096 1127 4147 Bsblroth.

82 4169 152 4217 rebsu
167 4182 265 4219 samma
280 4182 338 4217 cum
355 4167 483 4229 diligentia
499 4164 588 4215 versari
620 4165 675 4215 Lat
692 4164 736 4214 lib.
752 4164 774 4215 I.
788 4178 844 4226 cap.
863 4176 900 4213 ιι.
917 4166 978 4213 tom.
993 4162 1017 4212 1.
1035 4177 1060 4224 p,
1071 4160 1126 4223 285.

81 4232 173 4293 solitus,
190 4232 233 4293 qui
251 4232 304 4281 cod.
322 4230 422 4280 unicum
441 4230 506 4289 Mn,
522 4230 588 4279 unde
620 4230 659 4279 ed.
671 4228 768 4279 amec

83 4294 155 4344 editio
166 4295 315 4358 Moguntins
325 4296 465 4358 poscatur,
476 4292 588 4344 secundis
