2934 4800
450 255 777 326 KREYSSIGII.
1078 265 1142 328 389

52 441 142 507 cap.
173 423 229 484 11.
250 419 461 484 Panhormum
483 440 543 506 pro
560 420 759 496 Panamara,
781 439 850 505 oap
871 420 924 482 to.
938 420 1058 502 frotn't
1078 423 1143 485 etur

56 525 236 609 Africani
249 541 307 609 pro
324 526 388 586 einr
395 524 516 607 ftatn’r
529 521 686 606 Africani,
706 542 775 608 oop.
792 524 844 586 63.
855 523 974 606 sutura
993 533 1066 587 runt
1082 543 1142 610 pro

49 629 195 712 futura
210 629 282 703 rint,
297 624 375 691 ibid.
396 627 505 690 tellum
519 627 664 690 adverm
682 647 734 690 vot
750 628 905 711 perorarem
924 648 983 713 pro
996 628 1143 692 advertor

61 753 128 794 voa
157 731 272 794 bellum
294 731 458 814 prouisam,
483 728 569 815 'cap
596 729 648 795 57.
679 729 790 814 Tappo
812 750 871 816 pro
900 730 1038 814 Toppua,
1062 727 1139 794 ibid

65 835 241 917 obhyarar
260 854 319 919 pro
342 833 535 918 οόἰίραιιενιιι,
559 831 632 896 Lib.
656 831 860 897 XXXVIII.
884 837 914 896 3.
938 835 1143 898 detractarent

68 958 138 1022 pro
163 937 377 1012 detrectarent,
401 947 435 999 et
453 956 522 1021 cap.
539 939 590 998 21.
612 936 752 1019 deprensi
773 956 831 1020 pro
854 937 1028 1020 depretiem·
1048 957 1143 1023 repo·

71 1038 155 1104 suit.
207 1035 278 1102 Hae
301 1037 388 1102 enim
408 1037 600 1102 lectionesa
620 1033 772 1100 Goellero
792 1036 925 1124 eiusque
947 1037 1032 1102 rocio
1050 1059 1143 1125 prue-

72 1139 256 1218 termissus,
281 1162 417 1228 quarum
446 1138 625 1216 nonnullas,
655 1137 690 1202 id
719 1138 808 1226 quod
840 1139 980 1205 asterisci
1005 1140 1142 1228 appositi

74 1242 279 1330 significant,
295 1264 353 1307 noa
371 1264 510 1329 quoque,
528 1241 713 1329 priusquam
733 1241 769 1305 in
788 1241 898 1307 codice
913 1241 1143 1330 Bambergenai

76 1346 313 1423 inveniremus,
329 1344 464 1432 vulgatis
479 1344 708 1422 substituimus,
723 1368 744 1409 a
758 1343 915 1423 Belrkero,
931 1345 984 1410 oui
998 1343 1141 1411 Iocorum

80 1449 160 1514 Lir.
180 1447 315 1514 XXXI.
332 1449 362 1513 7.
378 1459 412 1512 et
430 1451 478 1512 15.
494 1445 681 1534 scripturam
697 1447 824 1511 anobis
843 1447 878 1510 in
897 1447 1012 1512 eodem
1032 1447 1142 1514 codiee

80 1563 248 1638 repertam
271 1573 363 1615 casua
385 1550 511 1628 obtulit,
536 1551 670 1616 aliorum
693 1550 841 1614 codicum
865 1550 1085 1615 auctoritatem
1109 1563 1143 1616 et

82 1652 345 1720 coniecturarum
360 1653 615 1742 probabilitatem
629 1665 740 1720 secuto
754 1667 897 1741 receptae
910 1675 989 1731 esse,
1004 1677 1070 1719 non
1084 1667 1142 1732 eet,

84 1756 214 1844 opinor,
230 1755 318 1844 quod
332 1757 525 1822 dubitemus.
1075 1753 1079 1760 ’

134 1859 231 1934 Quae
253 1882 355 1946 quum
376 1860 421 1925 ita
441 1860 515 1938 sint,
536 1861 591 1926 vir
613 1881 692 1947 opus
713 1871 772 1938 eet,
795 1870 840 1937 ut,
859 1871 940 1946 quot
960 1872 994 1924 et
1015 1859 1143 1946 quantit

85 1961 175 2028 vitiis
199 1960 402 2028 Bekkeriana
422 1963 507 2030 Livii
527 1961 626 2038 editio
646 1961 808 2038 laborem,
828 1962 990 2048 operosius
1009 1961 1143 2026 demon-

87 2080 210 2144 strem3
243 2067 430 2156 praesertim
459 2089 559 2154 quum
588 2063 767 2142 Bekkerus,
795 2063 1000 2130 Goelleriana
1024 2064 1144 2131 codicia

89 2170 336 2256 Bambergensia
355 2170 524 2236 collatione
544 2169 695 2234 inchoata
713 2168 814 2254 magis
829 2190 924 2254 quam
944 2169 1094 2255 perfecta,
1109 2189 1144 2232 ee

90 2287 206 2352 totum,
222 2272 256 2339 id
270 2273 358 2361 quod
378 2275 592 2350 constituerat,
609 2271 650 2336 ud
671 2271 767 2336 buiua
786 2271 905 2336 codicis
924 2273 1143 2337 auctoritatem

91 2377 289 2444 oonformare
313 2401 379 2442 non
403 2377 552 2465 potuerit,
569 2376 701 2465 aliisque
726 2398 840 2441 novam
862 2375 947 2442 Livii
970 2376 1143 2441 editionem

92 2482 249 2571 paraturis
272 2495 305 2546 et
329 2480 562 2547 Beklrerianam
585 2480 620 2545 in
645 2478 838 2545 oblivionem
864 2478 1048 2543 adducturia
1073 2500 1146 2566 per-

93 2586 195 2651 multa
230 2584 431 2651 emendanda
471 2598 567 2673 atque
609 2582 802 2650 absolvenda
836 2580 1010 2668 reliquerit
1081 2578 1146 2645 Cui

94 2688 226 2777 quidem
241 2688 350 2767 labori,
366 2690 427 2753 uiri
442 2689 514 2776 quis
529 2688 695 2754 consilium
716 2709 824 2751 meum
845 2684 1059 2774 praeverterit,
1076 2696 1146 2747 tum

95 2792 223 2857 fortasse
244 2805 363 2857 memet
382 2793 448 2879 ipae
464 2791 637 2879 accingam,
654 2813 755 2877 quum
770 2788 953 2853 varietatem
972 2786 1147 2853 lectionum

97 2894 299 2983 aKopitario
314 2918 356 2959 ex
371 2894 481 2960 codice
501 2894 577 2959 olim
595 2892 862 2971 Laurishamensi,
878 2913 965 2957 nuno
980 2889 1147 2971 Vindobo-

98 2998 188 3065 nensi
216 3010 387 3076 enotatam,
414 3022 479 3085 qua
508 2996 674 3062 Beklrerus
702 2996 748 3060 ita
776 3018 850 3060 unua
883 3009 940 3073 est,
970 3008 1008 3059 ut
1040 2994 1147 3081 pIuree

99 3099 229 3189 quidem
249 3100 335 3165 Livii
356 3101 452 3179 locos,
467 3099 567 3165 veluti
588 3098 659 3164 Lib.
677 3096 786 3163 XLII.
804 3102 854 3161 28.
872 3097 938 3177 ubi,
954 3097 1097 3183 quamvis
1113 3096 1148 3160 in

100 3203 207 3269 oodico
228 3226 295 3267 non
316 3206 469 3268 imminere
488 3206 651 3289 repulsum,
666 3214 703 3264 ut
724 3200 760 3264 in
781 3198 986 3263 annotatione
1007 3198 1150 3263 subiecta

100 3304 253 3393 perhibet,
268 3303 325 3369 sed
344 3310 510 3371 Immineret
529 3306 680 3391 repulsum
697 3302 831 3390 legatur,
847 3304 899 3365 oui
911 3304 1014 3385 primo
1033 3322 1149 3385 quoque

103 3421 227 3495 tempore
244 3412 443 3495 moqirtrotur
461 3411 569 3485 meari,
585 3430 653 3471 eum
676 3416 794 3470 tautum
815 3405 923 3468 bellum
944 3404 1150 3477 imminerent

104 3536 134 3577 re
150 3512 274 3597 publiea
296 3515 394 3575 visum
414 3516 519 3589 eratffl,
535 3510 655 3597 optime
678 3508 828 3585 restituit,
848 3521 934 3572 reete
954 3504 1148 3582 emendaret,

137 3758 167 3792 ro
182 3742 255 3795 Loci·
277 3742 341 3792 Livii
362 3760 378 3791 a
397 3742 512 3791 Bekkero
534 3742 610 3804 negli·
642 3742 767 3791 tundente
782 3745 867 3789 tamen
879 3737 1151 3803 Baumgerten-Crurio,

108 3815 187 3871 genter
211 3808 323 3855 tractatis
352 3808 415 3855 addo
447 3807 521 3855 etiam
555 3806 610 3855 Lib.
642 3805 677 3855 ita
688 3805 876 3855 constitueram:
891 3804 955 3852 “cui
966 3804 1045 3865 primo
1054 3818 1151 3865 quoque

111 3871 610 3935 xxvr.21.uuip0stcreviemmpro
642 3874 754 3933 ternpore
781 3869 936 3931 magistratus
964 3866 1048 3926 creari,
1074 3881 1151 3929 quum

110 3938 148 3984 Ad
176 3952 213 3985 eor
241 3938 425 3997 Murpuntinoe
457 3937 611 3985 desciverunt
642 3939 739 3982 tantum
759 3934 852 3981 bellum
872 3931 1010 3979 immineret
1022 3930 1057 3979 rei
1072 3930 1152 3993 publi·

111 4008 185 4050 term
194 4014 223 4048 ex
236 3999 355 4048 Gronovii
370 3998 510 4047 oonieetura
526 4000 611 4047 adeor
644 4013 695 4055 cae,
711 3998 790 4044 virum
808 4000 887 4044 erat.”
919 3996 970 4045 Sub
987 3995 1096 4043 eiusdem
1113 4008 1152 4043 oa·

111 4066 264 4126 Morpunttm'
275 4066 396 4113 demirare
407 4063 482 4111 tacite
495 4062 611 4125 reposuit,
645 4062 701 4123 pitin
713 4062 796 4119 finem,
807 4066 835 4107 ut
847 4058 924 4108 obiter
934 4060 981 4107 hoc
992 4060 1091 4118 addam,
1100 4059 1152 4107 vul-

112 4142 184 4191 neqne
200 4133 282 4177 tamen
300 4144 395 4189 eorum,
412 4128 478 4191 quod
494 4128 611 4189 requitur,
643 4130 699 4187 gato
712 4132 768 4187 port
784 4140 912 4174 uenturam
928 4125 1009 4172 minue
1025 4130 1154 4185 compotem

113 4192 223 4243 incorum
233 4192 346 4241 mutarit.
637 4191 855 4250 samosatenum
866 4187 1011 4250 Kopituriur
1018 4195 1154 4251 wmpetm,

143 4270 169 4304 ιι
187 4256 263 4305 Hune
279 4257 370 4316 iorum,
382 4256 412 4305 de
429 4253 499 4305 errius
514 4254 610 4319 integri·
644 4255 732 4303 0miueo
748 4256 838 4313 minus,
852 4267 891 4302 ex.
907 4252 961 4302 cod.
974 4251 1080 4301 Vindob.
1095 4266 1151 4300 eno

114 4324 160 4369 tate
171 4320 313 4369 Writherua
323 4321 356 4370 ud
367 4320 447 4369 Tacit.
459 4320 550 4369 Annei.
562 4318 611 4369 IV.
643 4322 726 4378 torret,
739 4325 794 4380 port
811 4332 940 4367 remoram
959 4333 1008 4365 non
1025 4323 1153 4380 omnpote-

117 4396 151 4446 γι.
164 4399 209 4433 non
223 4384 443 4444 dubraviuminus
459 4390 533 4443 reete,
544 4384 610 4432 obre·
637 4384 719 4443 futare
735 4384 784 4441 rut,
799 4388 874 4442 oerta,
888 4386 917 4430 ut
933 4381 1060 4443 opinabar,
1070 4394 1151 4427 emen-
