2934 4800
359 200 569 269 LIBROS.
594 198 819 267 DEPERD.
1049 206 1111 269 2³1

77 340 215 417 facerent,
238 338 430 427 indignitate
452 338 500 403 rei
523 336 565 403 ad
589 334 809 406 rebellandum
832 334 862 403 C
975 336 984 353 ‘
1010 337 1019 353 ‘

75 448 138 491 com
273 440 296 491 t.
345 424 681 513 Obsideriuppugnar‘
706 436 934 575 uescssuest
980 422 1113 512 arthagn

75 514 110 577 ab
181 511 319 590 Marcio,
343 510 399 577 Μ’.
412 508 549 580 Manilio
566 509 688 576 consuli
711 532 757 576 ua.
857 532 927 597 qua
947 532 1012 598 opp

76 600 332 686 tionequnmu
371 594 1112 685 lectosabuuapartemurosduotriuni

75 698 181 750 temere
206 706 282 749 cum
308 708 349 751 co
391 684 492 749 rtibus
516 682 581 749 etia
605 682 801 770 impluent,
824 694 859 749 et
879 682 921 747 ab
944 682 1112 783 oppidania

74 770 198 857 granter
217 770 439 847 caederentur,
461 792 482 834 a
503 768 652 857 Scipione
676 768 829 835 Ali-icanu
849 767 993 857 expliciti
1013 780 1109 833 suutr

108 878 229 943 rqucm
248 871 283 923 ct
303 855 469 921 catullum
485 854 712 933 Romanorum,
728 854 817 941 quod
835 867 930 920 nocte
946 876 1112 943 expugna·

75 879 149 1021 Kar,
171 943 282 1031 paucis
305 942 469 1030 equitibus
492 940 682 1019 iuvantibus,
704 940 873 1007 liberatum
894 953 962 1007 eata
994 954 1111 1006 caeno·

75 1050 204 1129 umque,
231 1052 319 1131 quae
347 1027 377 1094 O
491 1027 498 1043 '
524 1027 636 1127 ienses,
662 1026 810 1127 omnibus
831 1026 938 1129 ‘copiis
965 1026 1012 1127 ab·
1031 1026 1110 1093 urbe

102 1288 266 1374 arthaginis
288 1286 403 1354 conssul
424 1286 519 1373 (alter
539 1306 626 1351 curm
645 1284 783 1351 Romam
805 1283 847 1350 ad
867 1285 996 1349 comitia
1016 1284 1111 1369 ierat)

77 1374 236 1439 exercitum
256 1374 393 1439 duceret
411 1371 559 1437 adversus
580 1370 824 1450 Hasdrubalem,
843 1370 900 1458 qui
920 1392 994 1435 cum
1013 1369 1112 1435 altera

77 1478 159 1524 nanu
178 1460 331 1548 iniquum
353 1459 467 1525 saltum
488 1457 657 1535 insederat,
675 1458 774 1522 arrasit
791 1456 898 1557 primo
918 1453 1051 1531 consuli,
1068 1476 1111 1521 ue

79 1558 131 1609 tam
151 1546 261 1633 iniquo
284 1547 358 1611 loco
379 1545 571 1633 confligeret
617 1542 731 1609 Victus
747 1541 866 1609 demde
888 1540 1110 1630 complurium,

77 1631 124 1729 pul
139 1632 381 1783 epnprndcntiae
400 1630 470 1697 eius
490 1642 524 1695 et
544 1630 654 1695 virtuti
676 1628 872 1729 invidebant,
887 1626 1062 1729 muntiis
1077 1640 1111 1693 et

78 1713 1111 1901 ttfflfflsstmttlttqtttittffiffi

80 1888 111 1952 ab
131 1889 216 1955 hoste
245 1889 480 1967 obsiderentur,
506 1911 580 1953 cum
609 1888 732 1975 exiguis
760 1887 906 1976 equitum
935 1900 1047 1952 turmra
1074 1887 1111 1951 in

80 1974 176 2039 ultum
189 1998 346 2053 reversus,
357 1975 503 2041 liberavit
516 1997 579 2051 eas,
591 1986 625 2039 et
639 1973 814 2039 incolumes
827 1973 965 2039 reduxit
1002 1971 1110 2049 Quam

79 2060 210 2127 virtutem
233 2064 307 2127 eius
330 2074 363 2127 et
388 2059 481 2139 Cato,
505 2060 555 2127 vir
576 2059 778 2148 promptioris
800 2058 842 2125 ad
864 2060 933 2125 vitu
973 2058 1110 2123 randum

81 2143 199 2245 linguae,
214 2149 250 2213 in
270 2160 386 2214 senatu
402 2147 448 2213 sic
466 2158 651 2236 prosecutus
671 2158 728 2223 est,
744 2158 782 2211 ut
795 2144 926 2223 diceret,
934 2082 1109 2233 pileliquos,

80 2234 178 2317 quin
199 2234 314 2301 Africa
335 2232 516 2311 militarent,
539 2233 666 2297 umbras
688 2230 834 2309 militare,
860 2230 1042 2319 Scipionem
1063 2230 1112 2295 vi·

82 2338 161 2404 gere:
196 2333 229 2387 et
260 2318 401 2410 populus
435 2318 600 2384 Romanus
632 2338 672 2382 eo
703 2316 809 2383 favore
846 2316 1041 2405 complexus,
1075 2328 1111 2381 ut

82 2407 198 2472 comitiis
219 2409 378 2496 plurimae
401 2427 476 2472 eum
500 2405 600 2470 tribus
622 2403 784 2469 consulem
807 2403 991 2482 scriberent,
1009 2425 1110 2490 quum

82 2487 132 2555 hcc
151 2515 206 2580 per
229 2505 368 2560 aetatem
394 2514 461 2558 nou
486 2491 604 2556 liceret.
652 2488 764 2566 Quum
788 2489 827 2559 1..
846 2489 1031 2555 Scribonius
1054 2489 1112 2552 tri·

82 2575 170 2643 buuus
184 2579 287 2667 plebis
306 2578 501 2666 rogationem
540 2599 608 2642 rom
732 2588 807 2652 tut
820 2573 979 2651 Ltuitaui,
994 2571 1061 2659 qui,
1076 2574 1111 2638 in

83 2659 164 2760 fidem
182 2665 456 2768 populi'Romani
472 2664 513 2730 de
539 2663 584 2741 ti,
603 2685 623 2727 a
687 2683 712 2726 r.
727 2659 833 2726 Galba
853 2661 888 2724 in
903 2657 1112 2760 Galliam-re·

83 2765 193 2932 tt?
215 2744 932 2904 tdltffltttffltdlmitt
958 2767 1111 2908 'litt

84 2941 140 2985 uus
152 2921 308 3002 Nobilior,
323 2935 357 2988 et
370 2945 464 3011 saepe
478 2921 519 2987 ab
533 2943 572 2986 eo
589 2921 624 2986 in
641 2934 755 2986 senatu
767 2917 931 2998 laceratus,
945 2917 1112 3020 respondit

84 3025 130 3090 pro
144 3007 250 3076 Galba
298 3009 371 3098 Ipse
386 3031 515 3110 quoque
532 3005 645 3084 Galba,
657 3028 758 3096 quum
773 3029 806 3072 ae
821 3004 964 3072 damnari
978 3003 1110 3083 videret,

85 3093 248 3180 complexus
262 3096 345 3162 duos
358 3095 442 3160 lihoa
457 3105 678 3182 praetextatos,
693 3105 728 3157 et
747 3090 880 3180 Sulpicii
896 3090 983 3158 Galli
997 3089 1109 3169 lilium,

85 3178 165 3280 cuius·
179 3195 270 3285 tutor·
288 3195 365 3260 crat,
389 3183 434 3248 ita
458 3178 677 3246 miserabiliter
700 3199 761 3265 pro
785 3201 818 3278 ae
843 3177 969 3278 locutus
992 3189 1051 3256 est,
1074 3191 1112 3242 ut

85 3279 281 3421 Silium&
297 3265 1003 3438 ffltilttlttff‘sttttttttlt
1028 3261 1111 3427 ‘itt

86 3431 192 3504 habitae
205 3441 247 3506 de
262 3441 442 3506 Lusitanis:
459 3463 525 3506 uua
538 3450 649 3504 contre
663 3435 701 3502 L
715 3435 902 3502 Cornelium
918 3434 1111 3521 Cethegum,

87 3518 195 3610 inque
223 3526 396 3592 Iarsitauus
430 3537 561 3616 propter
590 3545 657 3588 sese
688 3533 791 3588 castra
819 3519 973 3586 habentes
1005 3541 1113 3585 caesos

86 3603 192 3690 butu,
206 3612 295 3700 qmrd
309 3625 507 3700 compertum
521 3609 678 3686 habuerit,
688 3631 779 3762 1{puo
795 3620 892 3693 atquc
909 3605 1040 3670 homine
1054 3615 1112 3670 arab

87 3691 137 3787 litu
155 3695 330 3778 immolatis,
344 3721 403 3788 per
423 3697 561 3785 speciem
578 3695 669 3796 pacis
730 3693 806 3758 oriri
824 3691 1001 3758 exercitum
1019 3713 1112 3756 suum

87 3797 114 3842 111
139 3784 239 3851 auimo
271 3785 426 3851 habmsue.
483 3781 660 3848 Andriscus
688 3779 830 3866 quidam,
858 3777 989 3843 ultimae
1021 3777 1114 3844 sortis

87 3859 177 3960 bomo,
189 3870 298 3938 Persei
312 3871 396 3959 regis
413 3893 446 3936 sc
460 3869 563 3935 lilium
576 3868 690 3943 ferens,
706 3878 741 3930 ct
754 3877 877 3929 mutato
890 3864 1019 3929 nomine
1034 3863 1114 3930 Phi·

88 3945 176 4038 hppus
188 3971 325 4036 vocatus,
340 3979 442 4045 quum
463 3956 503 4021 ab
523 3955 602 4020 urbe
623 3953 861 4038 Romanaque
881 3949 972 4017 illum
992 3951 1115 4016 Deme-

90 4035 162 4117 ἰήιε,
178 4041 284 4132 Syriae
298 4066 367 4121 rex,
382 4043 423 4108 ob
445 4041 508 4108 hoc
528 4042 633 4128 ipsum
655 4036 859 4103 mendacium
879 4038 1016 4114 miserat,
1031 4035 1113 4101 clam

90 4124 267 4214 profugisset,
282 4129 393 4194 multis
411 4127 454 4194 ad
466 4127 575 4192 falsam
591 4127 659 4192 eius
672 4123 822 4200 fabulam,
838 4121 982 4188 velutad
997 4143 1113 4201 veram,

90 4214 264 4297 centibus,
279 4228 443 4282 connecto
461 4213 614 4290 exercitu,
630 4222 728 4277 totam
744 4207 969 4276 Macedoniam
989 4222 1046 4275 aut
1058 4233 1115 4276 vo·

92 4288 195 4367 lutare
206 4302 423 4380 incolentium,
439 4314 494 4368 aut
511 4299 605 4366 armis
620 4297 796 4386 occuparit.
841 4295 993 4364 Fabulam
1007 4309 1115 4362 antem
