2934 4800
350 251 391 312 58
737 241 852 311 ΤΙΤΙ
881 240 1018 310 LIVII

197 398 229 450 U.
240 401 271 450 ο.
287 390 422 464 5so.‘tur
441 404 515 448 cum
537 383 629 447 sociis
648 381 760 470 populi
780 381 919 448 Romani
942 380 1062 448 bellum
1080 404 1200 470 gerere.
1247 381 1315 448 Sed
1331 381 1399 448 iam

193 466 224 515 A.
240 466 271 516 C·
289 468 453 535 ¹7²·‘ult1a
476 470 656 557 superbiam
679 468 898 534 crudelitatem
922 491 963 534 ue
988 483 1022 534 et
1046 469 1209 535 avaritiam
1233 470 1304 534 eius
1326 493 1399 534 non

352 557 436 645 ‘pati
456 579 547 644 posse
565 555 853 643 Carthaginienses.
940 556 947 570 '
1030 578 1107 635 esse,
1123 556 1180 658 qui
1201 570 1330 621 orarent
1348 580 1420 638 sse-9

351 652 362 682 ‘
369 656 490 722 natum,
506 656 542 708 ut
557 643 653 708 trium
672 643 785 707 harum
799 665 904 707 rerum
919 665 1016 707 unam
1029 643 1070 707 ab
1084 665 1119 708 se
1132 643 1297 730 impetrari
1309 643 1399 708 sine·

351 737 459 796 ‘rentz
484 743 520 796 ut
533 729 584 795 vel
598 753 639 794 ex
656 751 760 817 aequo
774 729 859 817 apud
873 729 994 795 socium
1014 729 1178 817 populum,
1216 729 1273 794 uid
1288 731 1400 794 cuius·

351 824 361 854 ‘
370 840 432 905 que
448 829 539 895 esset,
554 816 767 904 disceptarent
777 841 792 892 ι,
808 815 859 880 vel
879 817 1101 904 permitterent
1120 815 1150 882 C
1222 816 1398 903 aginiensi-

351 904 437 982 ‘bus,
453 917 490 969 ut
506 903 653 969 adversus
672 903 789 968 iniusta
807 925 894 967 arma
913 903 968 991 pio
987 903 1134 990 iustoque
1157 925 1189 967 se
1213 916 1399 982 tutarentur

351 989 469 1056 ‘bellot
493 989 544 1055 vel
558 989 599 1054 ad
614 1003 802 1067 extremum,
813 990 840 1054 si
854 990 955 1077 gratia
968 989 1049 1076 plus,
1061 1011 1158 1076 quam
1167 990 1294 1066 veritas,
1306 1011 1325 1053 a
1350 990 1398 1054 ud

350 1084 361 1116 ‘
368 1100 422 1144 eos
435 1077 563 1154 valeret,
578 1076 675 1142 semel
689 1089 873 1154 statuerent,
885 1076 965 1164 quid
978 1076 1131 1142 donatum
1145 1099 1187 1140 ex
1201 1075 1308 1141 alieno
1319 1013 1398 1141 lte

349 1164 495 1230 ‘sinissae
510 1162 637 1229 vellent.
683 1162 864 1229 Modestius
877 1176 962 1228 certe
977 1162 1105 1228 daturos
1118 1185 1183 1240 eos,
1198 1176 1233 1227 et
1246 1163 1396 1240 scituros,

350 1251 448 1338 ‘quid
458 1250 638 1316 dedissent:
662 1251 767 1338 ipsum
780 1249 915 1327 nullum,
924 1263 1032 1338 praete
1071 1273 1146 1315 uam
1159 1271 1234 1314 suae
1249 1248 1397 1314 libidinis

349 1344 360 1375 ‘
367 1338 504 1416 arbitrio,
520 1339 617 1403 finem
636 1337 802 1402 fectmunu
847 1335 974 1401 Horum
988 1337 1016 1401 si
1054 1338 1061 1351 '
1088 1337 1111 1401 il
1124 1337 1342 1424 impetrarent,
1360 1350 1397 1402 et

349 1424 497 1512 ‘aliquod
515 1447 607 1490 suum
626 1437 699 1512 post
720 1424 826 1488 datam
846 1421 916 1489 aP.
931 1422 1079 1525 Scipione
1102 1445 1214 1512 pacem
1235 1422 1395 1488 delictum

349 1519 458 1589 ‘esset
473 1513 533 1600 ipsi
550 1510 656 1600 potius
670 1510 958 1576 animadverterent
978 1533 1013 1574 ιιι
1034 1532 1076 1575 se.
1122 1509 1243 1576 Tuum
1256 1510 1395 1574 servim-

260 1664 263 1670 ,
349 1607 432 1663 ‘tem
447 1621 480 1663 se
496 1599 554 1663 sub
569 1598 705 1663 dominis
720 1597 884 1675 Romanis,
899 1619 996 1684 quam
1016 1596 1195 1662 libertatem
1212 1597 1394 1685 expositam

237 2032 288 2093 24.

189 2115 298 2165 Gulussa

189 2181 300 2229 defendit

188 2250 290 2306 patrem.

186 3083 291 3134 Senatm

349 1692 359 1722 ‘
366 1683 407 1748 ad
422 1685 551 1750 iniurias
564 1683 761 1762 Masinissae,
776 1683 880 1748 malle.
925 1683 1034 1748 Perire
1046 1705 1186 1771 namque
1200 1683 1300 1749 semel
1315 1684 1395 1771 ipsis

349 1771 463 1836 ‘satius
483 1793 559 1848 esse,
575 1793 671 1857 quarn
691 1771 750 1836 sub
772 1770 962 1836 acerbissimi
982 1770 1138 1836 carnificis
1154 1769 1283 1836 arbitrio
1297 1770 1395 1858 spiri-

348 1865 434 1921 ‘tum
449 1857 585 1922 ducere!
629 1855 696 1921 Sub
714 1857 793 1921 haec
806 1857 894 1922 dicta
913 1855 1111 1922 lacrimantes
1131 1857 1391 1944 procubuerunt3

347 1943 499 2031 stratique
517 1943 616 2020 humi,
632 1966 697 2008 non
711 1943 772 2008 sibi
786 1944 885 2044 magis
899 1943 1154 2022 misericordiam,
1169 1965 1266 2031 quam
1280 1944 1351 2031 regi
1362 1943 1411 2009 ’.ι

347 2027 537 2119 interrogari
555 2029 725 2095 Gulussam
747 2030 876 2118 placuit,
891 2029 970 2117 quid
984 2030 1025 2096 ad
1039 2053 1078 2094 ea
1090 2030 1309 2118 responderet,
1324 2043 1391 2107 aut,
1447 2094 1451 2103 ,

346 2117 372 2181 si
388 2117 475 2204 prius
493 2115 610 2195 mallet,
625 2131 834 2205 expromeret,
850 2140 945 2204 super
958 2139 1023 2218 qua
1037 2139 1071 2182 re
1087 2116 1225 2181 Romam
1238 2117 1390 2181 venisset.

349 2201 496 2282 Gulussa,
509 2202 646 2291 ‘Neque
660 2204 720 2268 sibi
734 2204 826 2269 facilc
842 2204 929 2281 esse,’
943 2203 1034 2280 dixit,
1048 2211 1058 2242 ‘
1066 2202 1107 2268 de
1122 2204 1162 2268 iis
1174 2204 1269 2269 rebus
1283 2225 1391 2290 agere,

347 2290 408 2356 ‘de
424 2291 538 2378 quibus
551 2291 633 2355 nihil
646 2291 789 2355 mandati
808 2313 830 2354 a
891 2303 938 2356 tre
954 2290 1100 2355 baberet:
1123 2312 1230 2376 neque
1244 2291 1328 2377 patri
1343 2291 1392 2354 fn-

346 2377 426 2443 ‘cile
440 2377 534 2443 fuisse
550 2377 709 2457 mandare,
722 2399 822 2467 quum
868 2377 1127 2464 arthaginienses,
1142 2399 1203 2442 nec
1218 2375 1259 2441 de
1273 2399 1341 2465 qua
1353 2401 1391 2443 re

346 2466 467 2530 ‘acturi
488 2478 602 2544 essent,
618 2488 678 2531 nec
693 2466 824 2531 omnino
838 2466 937 2529 ituros
953 2487 987 2529 se
1003 2464 1150 2542 Romam,
1165 2464 1389 2529 indicaverint.

345 2551 406 2617 ‘In
428 2552 506 2618 aede
525 2552 707 2640 Aesculapii
730 2551 962 2617 clandestinum
981 2574 1036 2616 eos
1056 2573 1115 2637 per
1134 2551 1257 2638 aliquot
1278 2564 1390 2617 noctes

346 2639 532 2705 ‘consilium
554 2640 733 2790 principum
751 2638 907 2715 habuisse,
923 2638 1009 2702 unde
1023 2651 1187 2726 praeterea
1199 2637 1321 2724 legatos
1335 2660 1411 2703 oc·s

346 2725 459 2791 ‘cultis
481 2749 554 2792 curn
576 2749 651 2792 man
675 2726 732 2790 atis
748 2724 888 2789 Romam'
903 2724 996 2789 mitti.
1042 2722 1124 2789 Eam
1143 2746 1271 2790 causam
1290 2724 1388 2790 fuisse

345 2812 447 2900 ‘patri
469 2812 616 2877 mittendi
638 2834 671 2877 se
693 2812 840 2889 Romam,
856 2811 913 2899 qui
926 2810 1151 2898 deprecaretur
1171 2824 1329 2890 senatum,
1345 2834 1388 2875 ne

345 2898 444 2985 ‘quid
469 2899 689 2963 communibus
717 2898 854 2963 inimicis
881 2898 1121 2963 criminantibus
1146 2920 1180 2963 se
1208 2898 1388 2975 crederent,

345 2993 461 3071 ‘quem
483 2986 524 3050 ob
546 2984 666 3049 nullam
689 2983 782 3048 sliam
801 3006 937 3063 causam,
955 2985 1018 3049 nisi
1037 3006 1096 3072 pro
1120 2997 1169 3049 ter
1189 2998 1389 3049 constantem

344 3070 462 3135 ‘fidem
477 3094 552 3159 erga
565 3070 719 3159 populum
735 3070 927 3149 Romanum,
943 3071 1092 3136 odissem.
1148 3070 1211 3137 His
1223 3071 1388 3159 utrimque

186 3162 335 3213 namneum.
342 3157 467 3236 auditis,
486 3173 621 3235 senatus,
637 3157 677 3223 de
700 3158 865 3246 postulatis
880 3156 1190 3246 Carthaginiensium
1211 3156 1387 3235 consultus,

342 3243 532 3369 pespoudere
553 3244 599 3309 ita
611 3245 717 3346 iussit:
743 3242 934 3345 ‘Gulussam
948 3244 1073 3345 placere
1087 3243 1248 3346 extemplo
1262 3244 1298 3308 in
1314 3244 1387 3345 .N¹¹'
1395 3276 1409 3324 3

343 3330 1253 3570 «ιιιιιιιιιιιιιιιιιιιιι
1267 3332 1388 3482 ιι.

342 3516 473 3571 ‘natum
488 3506 610 3581 mittat;
633 3505 865 3593 denuntietque
910 3504 1205 3592 arthaginiensibus,
1217 3518 1254 3569 ut
1268 3504 1309 3569 ud
1320 3504 1388 3569 dis·

342 3700 845 3825 mttttttttt'fflattttt
877 3700 1388 3829 tttttffittffi‘ftsslt

376 3840 386 3873 ι
405 3828 484 3884 Quium
494 3828 613 3887 regi...]
637 3826 844 3888 Expleverissen-
877 3827 984 3876 Romam
1006 3828 1080 3877 mitti.
1113 3830 1197 3878 Verba
1217 3829 1313 3892 assequi
1333 3846 1386 3879 non

340 3888 569 3951 mm‚siexSigonii
580 3896 662 3938 mente
672 3890 772 3939 adiicias
781 3892 844 3940 inui-
876 3906 1006 3953 pommus
1031 3892 1084 3941 sine
1111 3893 1184 3943 libris.
1212 3894 1293 3944 Cass.
1337 3894 1386 3943 Vir

341 3957 406 4003 diurn
420 3956 717 4013 commutatatum
732 3963 791 4003 ants
806 3957 843 4003 iu·
876 3956 976 4017 quidam
991 3958 1078 4005 doctm
1091 3959 1124 4006 ad
1139 3957 1273 4020 marginem
1284 3959 1322 4007 ed.
1333 3959 1385 4009 Ou-

341 4020 461 4081 terropart
480 4032 590 4080 reponas.
623 4018 740 4067 Ceterum
761 4034 845 4069 sensus
876 4020 1045 4070 rionissocsm
1058 4024 1156 4084 ptemtr
1171 4028 1227 4085 post
1242 4026 1306 4071 mitti
1321 4023 1384 4072 inse·

341 4082 468 4142 constabit,
478 4088 507 4131 ut
523 4082 845 4145 Drakenborchiusmouet,
876 4086 976 4134 rendam
998 4086 1115 4148 assmpsit.
1150 4087 1280 4137 Beklrerm
1300 4088 1383 4136 locum

341 4146 698 4197 sivoculadst'ndeomittstur.
877 4150 948 4197 obelo
958 4150 1060 4199 noant.

374 4225 387 4258 ι
408 4212 478 4260 Unde
485 4212 625 4273 ριαοιονσα]
644 4210 725 4259 Locus
734 4225 845 4270 mancus,
910 4214 1279 4275 3Bcspcadsreitaiuuit1sc.
1292 4214 1385 4277 Magis

340 4290 356 4323 a
365 4276 417 4323 solo
427 4280 510 4323 tamen
521 4275 617 4325 Clerico
629 4276 775 4324 observatus
806 4274 845 4323 Ea
877 4280 978 4335 tratum,
987 4292 1004 4324 a
1014 4292 1064 4340 quo
1074 4280 1200 4329 consultus
1210 4286 1272 4340 erut,
1281 4280 1386 4329 furtum

341 4339 435 4388 videtur
451 4354 520 4388 mens
535 4338 607 4388 lirinis
624 4338 696 4397 Livii,
710 4344 739 4388 ut
754 4338 845 4387 Gulus-
877 4345 1022 4411 praetorem.

340 4418 391 4453 sam
410 4404 500 4453 sacerd
519 4403 650 4465 dicentem,
668 4402 730 4455 nihil
750 4408 845 4467 putrem
