2934 4800
348 205 445 272 LIB.
468 205 593 272 XLIV.
627 206 739 274 cAP.
764 213 815 274 28.
1045 213 1105 274 145

27 341 1104 516 ?ffi.t¹t‘t‘5tt‘⁰.t.¹}¹.t⁰tttltihhtttt,tituta
1111 358 1148 517 l·
1159 359 1191 474 ἓ
1207 360 1261 474 b.

27 513 198 599 quinque
220 513 357 577 millium
380 513 525 600 equitum
547 535 644 600 opera
665 529 789 579 tantum
813 515 860 579 uti
882 537 1006 600 regem:
1035 539 1102 580 non
1161 539 1164 544 ’

27 612 164 663 tenere
189 598 430 663 multitudinem
452 598 554 664 aliam.
603 599 700 674 Quod
722 600 778 664 ubi
800 601 949 666 audivere
966 601 1100 679 barbari,

27 697 233 749 ceterorum
275 685 385 748 uidem
408 684 553 749 fremitus
574 685 644 764 suit,
666 684 902 772 indignantium
927 709 961 752 se
986 687 1102 752 frustra

27 771 175 836 excitos
194 770 263 835 sedi
285 793 324 834 us
345 770 427 835 suis:
455 769 631 835 Clondicus
652 794 759 836 rursus
782 773 964 858 interrogat,
983 773 1100 860 ecquid

27 856 282 1005 ffqningpe
293 856 756 1007 millibua,.quodconpenimet‚
767 859 1100 1010 numeraretihiplupapr

28 957 1100 1129 elffii,hi2i⁰iiffiisshiffissh⁰hiilhisiaa

29 1113 88 1178 ad
109 1112 244 1191 Istrum,
265 1113 466 1201 perpopulan
484 1113 664 1192 Thraciam,
680 1138 744 1202 qua
757 1116 861 1181 vicina
874 1129 942 1180 erat
956 1117 1035 1194 viae,
1051 1139 1099 1181 re-

30 1199 192 1264 dierunt.
239 1197 334 1274 Quae
351 1222 473 1277 manus,
488 1200 598 1286 quieto
618 1201 749 1266 sedente
771 1224 846 1288 rege
866 1200 907 1265 ad
928 1200 1099 1289 Enipeum,

34 1285 204 1350 adversus
219 1285 383 1352 Romanos
397 1284 606 1351 Perrhaebiae
627 1287 742 1352 saltum
764 1287 800 1351 in
820 1287 1016 1352 Thessaliam
1039 1301 1102 1352 tra·

33 1371 161 1449 ducta,
175 1393 243 1436 non
257 1393 350 1472 agros
364 1384 486 1436 tantum
500 1371 623 1438 nudare
636 1372 821 1460 populando
878 1373 949 1452 tuit,
964 1396 1007 1437 ne
1021 1396 1102 1460 quos

35 1456 127 1522 inde
157 1456 297 1523 Romam
322 1471 517 1522 commeatus
538 1471 769 1546 exspectarent,
792 1395 953 1545 sedipsas
978 1460 1103 1524 exscin-

36 1543 128 1608 dere
145 1544 249 1620 urbes,
265 1555 395 1608 tenente
418 1543 459 1608 ad
482 1543 642 1632 Enipeum
662 1544 781 1609 Perseo
801 1543 973 1622 Romanos,
989 1567 1030 1610 ne
1048 1568 1103 1610 ur·

35 1630 148 1694 bibus
167 1629 261 1694 sociis
282 1629 430 1716 opitulari
452 1645 589 1716 possent.
635 1629 717 1718 Ipsis
736 1652 865 1718 quoque
886 1630 1039 1697 Romanis
1060 1631 1102 1696 de

38 1738 82 1780 se
94 1714 306 1802 cogitandum
315 1715 441 1780 fuisset:
484 1717 590 1781 uando
604 1739 709 1805 neque
724 1738 863 1794 manere,
875 1717 988 1782 amima
999 1718 1103 1783 Thes·

40 1802 141 1879 salia,
156 1802 244 1867 unde
266 1801 426 1866 exercitus
477 1802 597 1879 ebatur,
656 1803 798 1881 tuissent,
814 1825 919 1891 neque
941 1804 1100 1892 progredi,

27 1911 157 1975 equum
177 1911 220 1953 ex
240 1888 372 1952 adverso
393 1900 495 1953 castra
516 1825 733 1952 Mecedbnum
754 1889 772 1924 ¹
788 1889 805 1924 ¹
821 1889 847 1954 ⁴.
896 1890 963 1965 Qui
985 1913 1024 1955 ea
1044 1913 1101 1977 pe-

42 1975 234 2062 penderant
255 1997 321 2061 spe,
336 1973 424 2038 haud
445 1973 646 2039 mediocriter
660 1974 844 2041 debilitavit.
891 1975 1013 2040 Eadem
1028 1997 1101 2040 ava-
1109 1981 1229 2032 Gentium
1235 1983 1262 2032 in

44 2061 128 2125 ritia
144 2059 301 2124 Gentium
317 2082 426 2146 regem
447 2061 507 2125 sibi
528 2059 686 2126 alienavit.
732 2059 767 2124 N
768 2083 828 2139 am,
845 2084 945 2148 quum
959 2075 1102 2128 trecenta
1109 2047 1224 2160 psuafip

46 2146 177 2212 talenta
190 2145 298 2210 Pellae
312 2146 414 2210 missis
428 2169 447 2210 a
462 2145 585 2211 Gentio
603 2160 808 2224 numerasset,
823 2149 947 2236 signare
970 2171 1023 2213 eos
1045 2172 1103 2237 pe·
1109 2125 1177 2174 rmpe
1197 2125 1205 2158 ¹

48 2233 185 2298 cuniam
198 2254 316 2318 passus.
349 2230 432 2297 Inde
446 2231 557 2296 decem
572 2232 692 2298 talenta
705 2234 747 2298 ad
762 2233 983 2300 Pantauchum
998 2234 1101 2313 missa,

48 2340 160 2406 eaque
187 2319 367 2406 praesentia
394 2318 463 2382 dari
491 2319 557 2407 regi
588 2319 697 2384 iussit:
736 2320 891 2422 reliquam
921 2321 1102 2411 pecuniam,

49 2406 212 2493 signatam
227 2403 409 2492 lllyriorum
430 2405 531 2491 signo,
549 2407 748 2492 portantibus
768 2430 832 2471 suis
853 2408 1016 2495 praecipit,
1031 2430 1104 2495 par-

50 2492 103 2556 vis
122 2490 290 2557 itineribus
309 2490 478 2556 veherent:
500 2490 586 2569 dein,
601 2515 702 2579 quum
719 2493 761 2558 ad
779 2494 876 2558 finem
893 2492 1103 2558 Macedoniae

51 2592 190 2644 ventum
204 2591 297 2655 esset,
312 2578 519 2643 subsisterent
531 2578 586 2655 ibi,
602 2602 639 2643 ac
653 2579 784 2643 nuntios
805 2580 845 2643 ab
867 2602 900 2643 se
921 2578 1104 2679 opperiren-

28 2679 119 2731 8tur.
167 2664 315 2741 Gentius,
330 2686 372 2729 ex
467 2677 557 2751 parte
578 2665 733 2751 pecuniae
755 2688 828 2729 acce
841 2679 894 2742 ta,
910 2686 1010 2751 quum
1029 2688 1104 2729 asst-

54 2752 122 2815 due
134 2750 320 2817 Pantaucho
333 2749 377 2814 ad
507 2749 588 2814 udos
603 2750 710 2815 hostili
723 2751 808 2815 facto
820 2688 982 2815 Pomanus
992 2751 1105 2817 stimu-

55 2838 187 2913 laretur,
213 2836 262 2901 M.
278 2836 472 2923 Perpernam
495 2850 529 2901 et
554 2835 592 2900 L.
609 2836 772 2901 Petillium
796 2836 925 2923 legatos,
948 2838 1005 2923 qui
1035 2850 1104 2901 tum

55 2924 139 2989 sorte
154 2922 197 2987 ad
209 2944 284 2987 eum
298 2936 460 3000 venerant,
472 2923 508 2986 in
521 2922 696 2987 custodiam
712 2923 856 2989 coniecit.
896 2922 969 2987 Hoc
984 2922 1103 3001 audito,

57 3008 205 3085 Perseus,
220 3008 412 3073 contraxisse
434 3032 509 3073 eum
530 3009 732 3075 necessitates
751 3022 841 3074 ratus
852 3007 893 3073 ad
907 3008 1026 3074 bellum
1041 3010 1105 3074 uti-

59 3118 125 3182 que
139 3116 213 3159 cum
228 3093 393 3173 Romanis,
404 3095 447 3160 ad
460 3095 683 3173 revocandum,
695 3094 752 3183 qui
766 3096 936 3183 pecuniam
949 3096 1104 3182 portabat,

58 3180 163 3245 misit:
191 3179 280 3246 velut
297 3180 380 3244 nihil
401 3181 488 3246 aliud
509 3204 616 3269 agens,
639 3202 737 3269 quam
762 3194 807 3260 ut,
827 3195 946 3269 quanta
967 3181 1106 3245 maxima

153 3278 176 3343 t,
198 3266 316 3353 praeda
336 3289 378 3331 ex
399 3289 433 3331 se
453 3267 537 3332 victo
560 3266 714 3332 Romanis
736 3281 954 3332 reservaretur.
1001 3266 1045 3331 Et
1065 3268 1105 3332 ab

59 3288 208 3417 mne
224 3351 411 3439 Herophon,
426 3352 553 3438 gnotis,
569 3375 651 3439 quae
666 3353 789 3417 occulte
807 3368 878 3417 acta
897 3364 996 3429 erant,
1012 3350 1103 3416 redit.

63 3438 117 3503 De
138 3438 269 3525 eaptivis
289 3450 396 3503 actum
418 3460 485 3503 esse
507 3450 541 3503 et
562 3439 623 3538 ipsi
645 3438 877 3525 evulgaverunt,
893 3451 926 3502 et
944 3436 1106 3501 Eumenes

64 3523 235 3601 consulem,
250 3524 398 3589 vitandae
413 3524 598 3611 suspicionis
613 3546 715 3601 causa,
731 3523 898 3587 certiorem
912 3521 995 3587 fecit.

41 3632 58 3681 9
107 3609 250 3687 Perseus,
269 3622 343 3697 post
360 3609 499 3675 reditum
520 3610 561 3675 ab
576 3610 722 3675 Eumene
739 3607 956 3696 Herophontis
975 3630 1030 3697 spe
1050 3607 1107 3674 de·
1206 3642 1214 3659 ·

99 3818 568 3878 6thaehiaeea1tum..tradueta]
601 3818 668 3867 vocis
693 3819 859 3868 Macedonum
885 3816 983 3866 librario
1010 3834 1109 3867 cainam

69 3883 125 3931 Vox
150 3884 239 3932 ultum
259 3898 276 3930 a
297 3881 485 3944 praepositione,
506 3896 570 3942 quae
601 3882 676 3930 fuisse
698 3882 782 3930 omnia
798 3881 880 3929 media
898 3882 1027 3931 omittendi
1047 3882 1109 3931 exis-

69 3948 139 3995 verbo
164 3946 280 3994 adiuncta
303 3951 349 4004 eet,
369 3944 478 4007 regitur3
504 3946 570 3993 uude
602 3944 700 4005 timent,
711 3950 737 3993 et
748 3946 862 3993 lacunam
874 3946 936 3995 alter
946 3947 1024 3995 altero
1034 3946 1109 3993 modo

71 4010 130 4059 nihil
145 4024 206 4071 apua
223 4016 261 4057 est
277 4024 334 4058 cnm
352 4008 459 4057 Grutero
475 4010 571 4070 legatur
602 4008 730 4070 integrant.

69 4090 114 4136 per
131 4074 304 4123 Perrhaebiae.
332 4072 363 4122 ef.
385 4087 452 4135 supr.
473 4073 507 4121 ix.
530 4086 569 4135 39.
634 4072 772 4121 fluidus
788 4073 947 4131 Pantaucho]
971 4072 1077 4120 Auidus
1092 4087 1109 4119 a

71 4136 127 4186 xxii
138 4148 175 4198 45.
602 4136 750 4185 Pantaucho
768 4136 866 4198 Sigania
884 4140 984 4183 auctore
1001 4134 1110 4197 reposuit

103 4213 117 4262 7
131 4201 218 4250 Ouala-a
232 4200 410 4260 Macedoniarn]
429 4200 511 4247 Voces
526 4198 570 4247 ali·
606 4197 713 4248 Beller.

73 4279 129 4326 quae
152 4264 200 4313 hoe
226 4265 281 4313 loeo
307 4263 458 4313 intercidisse
485 4263 572 4322 bquet.
636 4259 846 4325 9Herephaatia]
865 4258 1030 4323 athupha.

74 4327 178 4392 sputus
196 4333 223 4377 et
243 4327 381 4379 Crevierius
401 4325 573 4391 repetitionem
