<?xml version="1.0" encoding="UTF-8"?>
<!DOCTYPE html PUBLIC "-//W3C//DTD XHTML 1.0 Transitional//EN"
    "http://www.w3.org/TR/xhtml1/DTD/xhtml1-transitional.dtd">
<html xmlns="http://www.w3.org/1999/xhtml" xml:lang="en" lang="en">
 <head>
  <title>
</title>
<meta http-equiv="Content-Type" content="text/html;charset=utf-8" />
  <meta name='ocr-system' content='tesseract 3.04.00' />
  <meta name='ocr-capabilities' content='ocr_page ocr_carea ocr_par ocr_line ocrx_word'/>
</head>
<body>
  <div class='ocr_page' id='page_1' title='image "./tliviipatavinih01kreygoog/tliviipatavinih01kreygoog_0023.png"; bbox 0 0 2934 4800; ppageno 0'>
   <div class='ocr_carea' id='block_1_1' title="bbox 458 221 1189 294">
    <p class='ocr_par' dir='ltr' id='par_1_1' title="bbox 458 221 1189 294">
     <span class='ocr_line' id='line_1_1' title="bbox 458 221 1189 294; baseline 0.001 -1"><span class='ocrx_word' id='word_1_1' title='bbox 458 227 554 294; x_wconf 87' lang='lat' dir='ltr'><strong>LIB.</strong></span> <span class='ocrx_word' id='word_1_2' title='bbox 579 227 670 294; x_wconf 86' lang='lat' dir='ltr'>XLL</span> <span class='ocrx_word' id='word_1_3' title='bbox 702 221 815 294; x_wconf 83' lang='lat' dir='ltr'>cA&#39;P.</span> <span class='ocrx_word' id='word_1_4' title='bbox 839 235 870 294; x_wconf 86' lang='lat'>8.</span> <span class='ocrx_word' id='word_1_5' title='bbox 1150 235 1189 294; x_wconf 80' lang='lat'>13</span> 
     </span>
    </p>
   </div>
   <div class='ocr_carea' id='block_1_2' title="bbox 112 363 1352 2459">
    <p class='ocr_par' dir='ltr' id='par_1_2' title="bbox 114 363 1350 636">
     <span class='ocr_line' id='line_1_2' title="bbox 114 363 1348 454; baseline 0.001 -24"><span class='ocrx_word' id='word_1_6' title='bbox 114 379 204 452; x_wconf 76' lang='lat' dir='ltr'>tque</span> <span class='ocrx_word' id='word_1_7' title='bbox 219 375 253 429; x_wconf 92' lang='lat' dir='ltr'>et</span> <span class='ocrx_word' id='word_1_8' title='bbox 267 363 432 452; x_wconf 88' lang='lat' dir='ltr'>utriusque</span> <span class='ocrx_word' id='word_1_9' title='bbox 452 363 595 430; x_wconf 80' lang='lat' dir='ltr'>hostibus</span> <span class='ocrx_word' id='word_1_10' title='bbox 607 365 679 442; x_wconf 84' lang='lat' dir='ltr'>fuit,</span> <span class='ocrx_word' id='word_1_11' title='bbox 695 366 749 452; x_wconf 91' lang='lat' dir='ltr'>qui</span> <span class='ocrx_word' id='word_1_12' title='bbox 766 366 801 430; x_wconf 93' lang='lat' dir='ltr'>in</span> <span class='ocrx_word' id='word_1_13' title='bbox 820 365 871 430; x_wconf 87' lang='lat' dir='ltr'>his</span> <span class='ocrx_word' id='word_1_14' title='bbox 884 365 1056 454; x_wconf 81' lang='lat' dir='ltr'>provinciis</span> <span class='ocrx_word' id='word_1_15' title='bbox 1069 363 1190 431; x_wconf 90' lang='lat' dir='ltr'>bellum</span> <span class='ocrx_word' id='word_1_16' title='bbox 1200 379 1235 430; x_wconf 86' lang='lat' dir='ltr'>U.</span> <span class='ocrx_word' id='word_1_17' title='bbox 1246 380 1276 430; x_wconf 86' lang='lat' dir='ltr'>c.</span> <span class='ocrx_word' id='word_1_18' title='bbox 1292 391 1348 443; x_wconf 76' lang='lat'><strong>575·</strong></span> 
     </span>
     <span class='ocr_line' id='line_1_3' title="bbox 137 445 1350 540; baseline 0.003 -24"><span class='ocrx_word' id='word_1_19' title='bbox 137 451 359 517; x_wconf 81' lang='lat' dir='ltr'>concivissent</span> <span class='ocrx_word' id='word_1_20' title='bbox 405 450 537 517; x_wconf 84' lang='lat' dir='ltr'>Postero</span> <span class='ocrx_word' id='word_1_21' title='bbox 558 452 610 517; x_wconf 90' lang='lat' dir='ltr'>die</span> <span class='ocrx_word' id='word_1_22' title='bbox 629 451 726 540; x_wconf 79' lang='lat' dir='ltr'>legati</span> <span class='ocrx_word' id='word_1_23' title='bbox 748 451 928 530; x_wconf 86' lang='lat' dir='ltr'>Sardorum,</span> <span class='ocrx_word' id='word_1_24' title='bbox 972 453 1007 516; x_wconf 93' lang='lat' dir='ltr'>ui</span> <span class='ocrx_word' id='word_1_25' title='bbox 1028 451 1070 518; x_wconf 93' lang='lat' dir='ltr'>ad</span> <span class='ocrx_word' id='word_1_26' title='bbox 1091 475 1190 518; x_wconf 92' lang='lat' dir='ltr'>novos</span> <span class='ocrx_word' id='word_1_27' title='bbox 1198 447 1229 494; x_wconf 61' lang='grc' dir='ltr'>Α·</span> <span class='ocrx_word' id='word_1_28' title='bbox 1247 445 1277 494; x_wconf 76' lang='lat'>⁰·</span> <span class='ocrx_word' id='word_1_29' title='bbox 1295 457 1350 520; x_wconf 83' lang='lat'>¹7.⁷·</span> 
     </span>
     <span class='ocr_line' id='line_1_4' title="bbox 139 509 1350 636; baseline 0.001 -34"><span class='ocrx_word' id='word_1_30' title='bbox 139 538 341 624; x_wconf 73' lang='lat' dir='ltr'>magistratus</span> <span class='ocrx_word' id='word_1_31' title='bbox 374 537 464 604; x_wconf 87' lang='lat' dir='ltr'>dilati</span> <span class='ocrx_word' id='word_1_32' title='bbox 493 551 591 616; x_wconf 88' lang='lat' dir='ltr'>erant,</span> <span class='ocrx_word' id='word_1_33' title='bbox 621 552 654 604; x_wconf 89' lang='lat' dir='ltr'>et</span> <span class='ocrx_word' id='word_1_34' title='bbox 683 538 722 603; x_wconf 91' lang='lat' dir='ltr'>L.</span> <span class='ocrx_word' id='word_1_35' title='bbox 739 539 904 604; x_wconf 91' lang='lat' dir='ltr'>Minucius</span> <span class='ocrx_word' id='word_1_36' title='bbox 987 561 1102 616; x_wconf 79' lang='lat' dir='ltr'>ermes,</span> <span class='ocrx_word' id='word_1_37' title='bbox 1132 539 1189 626; x_wconf 94' lang='lat' dir='ltr'>qui</span> <span class='ocrx_word' id='word_1_38' title='bbox 1197 509 1350 636; x_wconf 51' lang='grc' dir='ltr'>ξ’ξὲέιὲζὲ</span> 
     </span>
    </p>

    <p class='ocr_par' dir='ltr' id='par_1_3' title="bbox 112 623 1318 862">
     <span class='ocr_line' id='line_1_5' title="bbox 112 623 1318 776; baseline 0.001 -88"><span class='ocrx_word' id='word_1_39' title='bbox 112 623 263 776; x_wconf 55' lang='grc' dir='ltr'>θίιῖιιίιιιι</span> <span class='ocrx_word' id='word_1_40' title='bbox 283 623 400 690; x_wconf 90' lang='lat' dir='ltr'>Manlii</span> <span class='ocrx_word' id='word_1_41' title='bbox 419 625 555 691; x_wconf 89' lang='lat' dir='ltr'>consulis</span> <span class='ocrx_word' id='word_1_42' title='bbox 574 625 609 690; x_wconf 93' lang='lat' dir='ltr'>in</span> <span class='ocrx_word' id='word_1_43' title='bbox 629 624 723 690; x_wconf 89' lang='lat' dir='ltr'>Istria</span> <span class='ocrx_word' id='word_1_44' title='bbox 740 625 855 702; x_wconf 72' lang='lat' dir='ltr'>fiterat&#39;</span> <span class='ocrx_word' id='word_1_45' title='bbox 871 626 905 690; x_wconf 93' lang='lat' dir='ltr'>in</span> <span class='ocrx_word' id='word_1_46' title='bbox 925 639 1071 690; x_wconf 86' lang='lat' dir='ltr'>senatum</span> <span class='ocrx_word' id='word_1_47' title='bbox 1091 625 1318 691; x_wconf 75' lang='lat' dir='ltr'>venitniocoss</span> 
     </span>
     <span class='ocr_line' id='line_1_6' title="bbox 137 711 1188 862; baseline 0.001 -86"><span class='ocrx_word' id='word_1_48' title='bbox 137 711 265 862; x_wconf 45' lang='lat' dir='ltr'>{babebis</span> <span class='ocrx_word' id='word_1_49' title='bbox 285 711 417 777; x_wconf 91' lang='lat' dir='ltr'>edoctus</span> <span class='ocrx_word' id='word_1_50' title='bbox 437 725 485 777; x_wconf 92' lang='lat' dir='ltr'>est</span> <span class='ocrx_word' id='word_1_51' title='bbox 504 726 641 790; x_wconf 87' lang='lat' dir='ltr'>senatus,</span> <span class='ocrx_word' id='word_1_52' title='bbox 662 726 820 800; x_wconf 90' lang='lat' dir='ltr'>quantum</span> <span class='ocrx_word' id='word_1_53' title='bbox 838 711 988 778; x_wconf 87' lang='lat' dir='ltr'>bellicae</span> <span class='ocrx_word' id='word_1_54' title='bbox 1007 713 1188 800; x_wconf 90' lang='lat' dir='ltr'>provinciae</span> 
     </span>
    </p>

    <p class='ocr_par' dir='ltr' id='par_1_4' title="bbox 112 812 1352 1319">
     <span class='ocr_line' id='line_1_7' title="bbox 224 812 885 863; baseline 0.003 -1"><span class='ocrx_word' id='word_1_55' title='bbox 224 812 304 863; x_wconf 83' lang='lat' dir='ltr'>rent</span> <span class='ocrx_word' id='word_1_56' title='bbox 882 848 885 853; x_wconf 49' lang='lat'>&lt;</span> 
     </span>
     <span class='ocr_line' id='line_1_8' title="bbox 185 883 1352 974; baseline 0.003 -26"><span class='ocrx_word' id='word_1_57' title='bbox 185 883 360 950; x_wconf 85' lang='lat' dir='ltr'>Moverunt</span> <span class='ocrx_word' id='word_1_58' title='bbox 374 899 518 951; x_wconf 89' lang='lat' dir='ltr'>senatum</span> <span class='ocrx_word' id='word_1_59' title='bbox 536 898 569 951; x_wconf 91' lang='lat' dir='ltr'>et</span> <span class='ocrx_word' id='word_1_60' title='bbox 587 885 761 974; x_wconf 74' lang='lat' dir='ltr'>legationes</span> <span class='ocrx_word' id='word_1_61' title='bbox 774 886 895 952; x_wconf 91' lang='lat' dir='ltr'>socium</span> <span class='ocrx_word' id='word_1_62' title='bbox 913 886 1051 950; x_wconf 88' lang='lat' dir='ltr'>nominis</span> <span class='ocrx_word' id='word_1_63' title='bbox 1068 885 1186 964; x_wconf 89' lang='lat' dir='ltr'>Latini,</span> <span class='ocrx_word' id='word_1_64' title='bbox 1198 902 1352 965; x_wconf 69' lang='lat' dir='ltr'>munorum</span> 
     </span>
     <span class='ocr_line' id='line_1_9' title="bbox 112 969 1316 1060; baseline -0.001 -23"><span class='ocrx_word' id='word_1_65' title='bbox 112 992 226 1058; x_wconf 76' lang='lat' dir='ltr'>aquae</span> <span class='ocrx_word' id='word_1_66' title='bbox 244 985 278 1037; x_wconf 90' lang='lat' dir='ltr'>et</span> <span class='ocrx_word' id='word_1_67' title='bbox 296 994 441 1037; x_wconf 82' lang='lat' dir='ltr'>censores</span> <span class='ocrx_word' id='word_1_68' title='bbox 462 985 495 1037; x_wconf 92' lang='lat' dir='ltr'>et</span> <span class='ocrx_word' id='word_1_69' title='bbox 516 972 635 1060; x_wconf 85' lang='lat' dir='ltr'>priores</span> <span class='ocrx_word' id='word_1_70' title='bbox 654 973 799 1039; x_wconf 87' lang='lat' dir='ltr'>consules</span> <span class='ocrx_word' id='word_1_71' title='bbox 817 973 1038 1059; x_wconf 78' lang='lat' dir='ltr'>fatigaverunt,</span> <span class='ocrx_word' id='word_1_72' title='bbox 1057 969 1316 1038; x_wconf 60' lang='lat' dir='ltr'>tandemsuerslss</span> 
     </span>
     <span class='ocr_line' id='line_1_10' title="bbox 138 1057 1188 1146; baseline 0.002 -24"><span class='ocrx_word' id='word_1_73' title='bbox 138 1058 176 1122; x_wconf 90' lang='lat' dir='ltr'>in</span> <span class='ocrx_word' id='word_1_74' title='bbox 191 1071 336 1124; x_wconf 89' lang='lat' dir='ltr'>senatum</span> <span class='ocrx_word' id='word_1_75' title='bbox 356 1058 564 1124; x_wconf 85' lang='lat' dir='ltr'>introductae.</span> <span class='ocrx_word' id='word_1_76' title='bbox 612 1057 744 1124; x_wconf 87' lang='lat' dir='ltr'>Summa</span> <span class='ocrx_word' id='word_1_77' title='bbox 761 1059 961 1146; x_wconf 79' lang='lat' dir='ltr'>querelarum</span> <span class='ocrx_word' id='word_1_78' title='bbox 975 1074 1053 1136; x_wconf 83' lang='lat' dir='ltr'>erat,</span> <span class='ocrx_word' id='word_1_79' title='bbox 1070 1059 1188 1126; x_wconf 87' lang='lat' dir='ltr'>‘Cives</span> 
     </span>
     <span class='ocr_line' id='line_1_11' title="bbox 139 1143 1186 1246; baseline 0.002 -37"><span class='ocrx_word' id='word_1_80' title='bbox 139 1153 235 1209; x_wconf 88' lang='lat' dir='ltr'>‘suos</span> <span class='ocrx_word' id='word_1_81' title='bbox 269 1143 392 1210; x_wconf 86' lang='lat' dir='ltr'>Romae</span> <span class='ocrx_word' id='word_1_82' title='bbox 429 1167 540 1210; x_wconf 87' lang='lat' dir='ltr'>censos</span> <span class='ocrx_word' id='word_1_83' title='bbox 575 1144 742 1246; x_wconf 89' lang='lat' dir='ltr'>plerosque</span> <span class='ocrx_word' id='word_1_84' title='bbox 780 1147 917 1211; x_wconf 87' lang='lat' dir='ltr'>Romam</span> <span class='ocrx_word' id='word_1_85' title='bbox 954 1147 1068 1210; x_wconf 92' lang='lat' dir='ltr'>comm&#39;</span> <span class='ocrx_word' id='word_1_86' title='bbox 1176 1195 1186 1211; x_wconf 90' lang='lat'><strong>.</strong></span> 
     </span>
     <span class='ocr_line' id='line_1_12' title="bbox 140 1230 1269 1319; baseline 0.003 -24"><span class='ocrx_word' id='word_1_87' title='bbox 140 1230 306 1306; x_wconf 80' lang='lat' dir='ltr'>‘Quodsi</span> <span class='ocrx_word' id='word_1_88' title='bbox 363 1232 531 1309; x_wconf 80' lang='lat' dir='ltr'>mittatur,</span> <span class='ocrx_word' id='word_1_89' title='bbox 547 1255 712 1319; x_wconf 77' lang='lat' dir='ltr'>perpaucis</span> <span class='ocrx_word' id='word_1_90' title='bbox 727 1232 832 1298; x_wconf 89' lang='lat' dir='ltr'>lustris</span> <span class='ocrx_word' id='word_1_91' title='bbox 845 1233 998 1310; x_wconf 86' lang='lat' dir='ltr'>futurum,</span> <span class='ocrx_word' id='word_1_92' title='bbox 1014 1245 1051 1298; x_wconf 91' lang='lat' dir='ltr'>ut</span> <span class='ocrx_word' id='word_1_93' title='bbox 1087 1246 1189 1302; x_wconf 82' lang='lat' dir='ltr'>eserta</span> <span class='ocrx_word' id='word_1_94' title='bbox 1255 1244 1269 1311; x_wconf 64' lang='lat' dir='ltr'><em>j</em></span> 
     </span>
    </p>

    <p class='ocr_par' dir='ltr' id='par_1_5' title="bbox 140 1317 1260 1406">
     <span class='ocr_line' id='line_1_13' title="bbox 140 1317 1260 1406; baseline 0.002 -24"><span class='ocrx_word' id='word_1_95' title='bbox 140 1327 182 1382; x_wconf 89' lang='lat' dir='ltr'>‘o</span> <span class='ocrx_word' id='word_1_96' title='bbox 204 1317 290 1404; x_wconf 81' lang='lat' dir='ltr'>pide,</span> <span class='ocrx_word' id='word_1_97' title='bbox 329 1319 423 1383; x_wconf 89' lang='lat' dir='ltr'>eserti</span> <span class='ocrx_word' id='word_1_98' title='bbox 442 1319 518 1404; x_wconf 80' lang='lat' dir='ltr'>agri,</span> <span class='ocrx_word' id='word_1_99' title='bbox 533 1317 657 1383; x_wconf 91' lang='lat' dir='ltr'>nullum</span> <span class='ocrx_word' id='word_1_100' title='bbox 677 1319 812 1385; x_wconf 91' lang='lat' dir='ltr'>militem</span> <span class='ocrx_word' id='word_1_101' title='bbox 827 1319 902 1384; x_wconf 89' lang='lat' dir='ltr'>dare</span> <span class='ocrx_word' id='word_1_102' title='bbox 921 1319 1070 1406; x_wconf 65' lang='lat' dir='ltr'>possent!</span> <span class='ocrx_word' id='word_1_103' title='bbox 1113 1319 1189 1384; x_wconf 90' lang='lat' dir='ltr'>Fre·</span> <span class='ocrx_word' id='word_1_104' title='bbox 1255 1335 1260 1344; x_wconf 88' lang='lat'>&#39;</span> 
     </span>
    </p>

    <p class='ocr_par' dir='ltr' id='par_1_6' title="bbox 137 1340 1191 1644">
     <span class='ocr_line' id='line_1_14' title="bbox 137 1340 1188 1492; baseline 0.003 -24"><span class='ocrx_word' id='word_1_105' title='bbox 137 1340 241 1489; x_wconf 64' lang='lat' dir='ltr'>pellas</span> <span class='ocrx_word' id='word_1_106' title='bbox 262 1426 305 1491; x_wconf 92' lang='lat' dir='ltr'>qu</span> <span class='ocrx_word' id='word_1_107' title='bbox 350 1427 391 1470; x_wconf 91' lang='lat' dir='ltr'>ue</span> <span class='ocrx_word' id='word_1_108' title='bbox 413 1403 512 1470; x_wconf 91' lang='lat' dir='ltr'>millia</span> <span class='ocrx_word' id='word_1_109' title='bbox 533 1416 683 1492; x_wconf 89' lang='lat' dir='ltr'>quattuor</span> <span class='ocrx_word' id='word_1_110' title='bbox 704 1405 892 1470; x_wconf 84' lang='lat' dir='ltr'>familiarum</span> <span class='ocrx_word' id='word_1_111' title='bbox 915 1406 1061 1470; x_wconf 64' lang='lat' dir='ltr'>uacasse</span> <span class='ocrx_word' id='word_1_112' title='bbox 1082 1406 1122 1470; x_wconf 89' lang='lat' dir='ltr'>ab</span> <span class='ocrx_word' id='word_1_113' title='bbox 1144 1429 1188 1484; x_wconf 88' lang='lat' dir='ltr'>se,</span> 
     </span>
     <span class='ocr_line' id='line_1_15' title="bbox 142 1486 1191 1579; baseline 0 -23"><span class='ocrx_word' id='word_1_114' title='bbox 142 1486 303 1556; x_wconf 87' lang='lat' dir='ltr'>Samnites</span> <span class='ocrx_word' id='word_1_115' title='bbox 355 1490 453 1579; x_wconf 79' lang='lat' dir='ltr'>eligui</span> <span class='ocrx_word' id='word_1_116' title='bbox 476 1515 515 1556; x_wconf 91' lang='lat' dir='ltr'>ue</span> <span class='ocrx_word' id='word_1_117' title='bbox 542 1493 774 1579; x_wconf 87' lang='lat' dir='ltr'>querebantur:</span> <span class='ocrx_word' id='word_1_118' title='bbox 805 1514 911 1557; x_wconf 90' lang='lat' dir='ltr'>neue</span> <span class='ocrx_word' id='word_1_119' title='bbox 940 1514 979 1556; x_wconf 95' lang='lat' dir='ltr'>eo</span> <span class='ocrx_word' id='word_1_120' title='bbox 1009 1492 1114 1556; x_wconf 90' lang='lat' dir='ltr'>minus</span> <span class='ocrx_word' id='word_1_121' title='bbox 1135 1505 1191 1557; x_wconf 89' lang='lat' dir='ltr'>aut</span> 
     </span>
     <span class='ocr_line' id='line_1_16' title="bbox 140 1515 1190 1644; baseline 0 -2"><span class='ocrx_word' id='word_1_122' title='bbox 140 1577 201 1642; x_wconf 89' lang='lat' dir='ltr'>hos</span> <span class='ocrx_word' id='word_1_123' title='bbox 216 1592 273 1642; x_wconf 91' lang='lat' dir='ltr'>aut</span> <span class='ocrx_word' id='word_1_124' title='bbox 286 1577 357 1642; x_wconf 94' lang='lat' dir='ltr'>illos</span> <span class='ocrx_word' id='word_1_125' title='bbox 371 1578 406 1644; x_wconf 93' lang='lat' dir='ltr'>in</span> <span class='ocrx_word' id='word_1_126' title='bbox 420 1515 546 1644; x_wconf 79' lang='lat' dir='ltr'>delectu</span> <span class='ocrx_word' id='word_1_127' title='bbox 561 1578 698 1644; x_wconf 91' lang='lat' dir='ltr'>militum</span> <span class='ocrx_word' id='word_1_128' title='bbox 709 1578 794 1643; x_wconf 88' lang='lat' dir='ltr'>dare.</span> <span class='ocrx_word' id='word_1_129' title='bbox 842 1515 971 1643; x_wconf 57' lang='lat' dir='ltr'>genera</span> <span class='ocrx_word' id='word_1_130' title='bbox 985 1590 1092 1643; x_wconf 91' lang='lat' dir='ltr'>autem</span> <span class='ocrx_word' id='word_1_131' title='bbox 1105 1578 1190 1643; x_wconf 87' lang='lat' dir='ltr'>frau-</span> 
     </span>
    </p>

    <p class='ocr_par' dir='ltr' id='par_1_7' title="bbox 120 1663 1190 2177">
     <span class='ocr_line' id='line_1_17' title="bbox 120 1663 1190 1730; baseline 0.001 -2"><span class='ocrx_word' id='word_1_132' title='bbox 120 1663 193 1729; x_wconf 85' lang='lat' dir='ltr'>1dis</span> <span class='ocrx_word' id='word_1_133' title='bbox 222 1665 287 1730; x_wconf 92' lang='lat' dir='ltr'>duo</span> <span class='ocrx_word' id='word_1_134' title='bbox 316 1665 487 1730; x_wconf 83' lang='lat' dir='ltr'>mutandae</span> <span class='ocrx_word' id='word_1_135' title='bbox 516 1666 634 1730; x_wconf 92' lang='lat' dir='ltr'>viritim</span> <span class='ocrx_word' id='word_1_136' title='bbox 659 1665 794 1730; x_wconf 90' lang='lat' dir='ltr'>civitatis</span> <span class='ocrx_word' id='word_1_137' title='bbox 818 1664 950 1730; x_wconf 87' lang='lat' dir='ltr'>inducta</span> <span class='ocrx_word' id='word_1_138' title='bbox 974 1678 1072 1729; x_wconf 90' lang='lat' dir='ltr'>erant</span> <span class='ocrx_word' id='word_1_139' title='bbox 1118 1663 1190 1730; x_wconf 85' lang='lat' dir='ltr'>Lex</span> 
     </span>
     <span class='ocr_line' id='line_1_18' title="bbox 140 1750 1190 1840; baseline 0 -24"><span class='ocrx_word' id='word_1_140' title='bbox 140 1751 236 1816; x_wconf 89' lang='lat' dir='ltr'>sociis</span> <span class='ocrx_word' id='word_1_141' title='bbox 248 1775 286 1818; x_wconf 89' lang='lat' dir='ltr'>ac</span> <span class='ocrx_word' id='word_1_142' title='bbox 297 1753 436 1816; x_wconf 90' lang='lat' dir='ltr'>nominis</span> <span class='ocrx_word' id='word_1_143' title='bbox 450 1752 568 1831; x_wconf 86' lang='lat' dir='ltr'>Latini,</span> <span class='ocrx_word' id='word_1_144' title='bbox 581 1753 638 1839; x_wconf 92' lang='lat' dir='ltr'>qui</span> <span class='ocrx_word' id='word_1_145' title='bbox 649 1753 780 1840; x_wconf 85' lang='lat' dir='ltr'>stirpem</span> <span class='ocrx_word' id='word_1_146' title='bbox 794 1774 836 1817; x_wconf 82' lang='lat' dir='ltr'>ex</span> <span class='ocrx_word' id='word_1_147' title='bbox 849 1775 916 1817; x_wconf 90' lang='lat' dir='ltr'>sese</span> <span class='ocrx_word' id='word_1_148' title='bbox 931 1750 1018 1817; x_wconf 91' lang='lat' dir='ltr'>domi</span> <span class='ocrx_word' id='word_1_149' title='bbox 1029 1751 1190 1838; x_wconf 90' lang='lat' dir='ltr'>relinque·</span> 
     </span>
     <span class='ocr_line' id='line_1_19' title="bbox 140 1838 1188 1926; baseline 0.001 -24"><span class='ocrx_word' id='word_1_150' title='bbox 140 1851 225 1916; x_wconf 89' lang='lat' dir='ltr'>rent,</span> <span class='ocrx_word' id='word_1_151' title='bbox 240 1838 345 1916; x_wconf 87' lang='lat' dir='ltr'>dabat,</span> <span class='ocrx_word' id='word_1_152' title='bbox 358 1852 395 1904; x_wconf 89' lang='lat' dir='ltr'>ut</span> <span class='ocrx_word' id='word_1_153' title='bbox 405 1839 490 1904; x_wconf 89' lang='lat' dir='ltr'>cives</span> <span class='ocrx_word' id='word_1_154' title='bbox 506 1838 644 1904; x_wconf 89' lang='lat' dir='ltr'>Romani</span> <span class='ocrx_word' id='word_1_155' title='bbox 656 1840 778 1904; x_wconf 84' lang='lat' dir='ltr'>fierent.</span> <span class='ocrx_word' id='word_1_156' title='bbox 826 1838 875 1904; x_wconf 85' lang='lat' dir='ltr'>Ea</span> <span class='ocrx_word' id='word_1_157' title='bbox 884 1839 955 1926; x_wconf 80' lang='lat' dir='ltr'>lege</span> <span class='ocrx_word' id='word_1_158' title='bbox 964 1838 1046 1903; x_wconf 90' lang='lat' dir='ltr'>male</span> <span class='ocrx_word' id='word_1_159' title='bbox 1058 1839 1188 1916; x_wconf 89' lang='lat' dir='ltr'>utendo,</span> 
     </span>
     <span class='ocr_line' id='line_1_20' title="bbox 139 1923 1189 2013; baseline 0 -23"><span class='ocrx_word' id='word_1_160' title='bbox 139 1923 198 1990; x_wconf 90' lang='lat' dir='ltr'>alii</span> <span class='ocrx_word' id='word_1_161' title='bbox 219 1926 319 2002; x_wconf 90' lang='lat' dir='ltr'>sociis,</span> <span class='ocrx_word' id='word_1_162' title='bbox 337 1925 392 1990; x_wconf 87' lang='lat' dir='ltr'>alii</span> <span class='ocrx_word' id='word_1_163' title='bbox 453 1925 530 2013; x_wconf 90' lang='lat' dir='ltr'>pulo</span> <span class='ocrx_word' id='word_1_164' title='bbox 553 1925 699 1991; x_wconf 91' lang='lat' dir='ltr'>Romano</span> <span class='ocrx_word' id='word_1_165' title='bbox 721 1926 870 1991; x_wconf 89' lang='lat' dir='ltr'>iniuriam</span> <span class='ocrx_word' id='word_1_166' title='bbox 890 1926 1056 1990; x_wconf 80' lang='lat' dir='ltr'>faciebant.</span> <span class='ocrx_word' id='word_1_167' title='bbox 1103 1924 1189 1991; x_wconf 89' lang='lat' dir='ltr'>Nam</span> 
     </span>
     <span class='ocr_line' id='line_1_21' title="bbox 140 2012 1190 2112; baseline 0.002 -36"><span class='ocrx_word' id='word_1_168' title='bbox 140 2025 187 2088; x_wconf 90' lang='lat' dir='ltr'>ct,</span> <span class='ocrx_word' id='word_1_169' title='bbox 203 2035 244 2076; x_wconf 89' lang='lat' dir='ltr'>ne</span> <span class='ocrx_word' id='word_1_170' title='bbox 259 2012 388 2112; x_wconf 86' lang='lat' dir='ltr'>stirpem</span> <span class='ocrx_word' id='word_1_171' title='bbox 426 2013 490 2077; x_wconf 88' lang='lat' dir='ltr'>omi</span> <span class='ocrx_word' id='word_1_172' title='bbox 505 2012 730 2100; x_wconf 89' lang='lat' dir='ltr'>relinquerent,</span> <span class='ocrx_word' id='word_1_173' title='bbox 744 2012 859 2078; x_wconf 88' lang='lat' dir='ltr'>liberos</span> <span class='ocrx_word' id='word_1_174' title='bbox 872 2035 945 2077; x_wconf 91' lang='lat' dir='ltr'>suos</span> <span class='ocrx_word' id='word_1_175' title='bbox 959 2013 1190 2100; x_wconf 85' lang='lat' dir='ltr'>quibusquibus</span> 
     </span>
     <span class='ocr_line' id='line_1_22' title="bbox 142 2098 1190 2177; baseline 0.001 -14"><span class='ocrx_word' id='word_1_176' title='bbox 142 2098 300 2164; x_wconf 89' lang='lat' dir='ltr'>Romanis</span> <span class='ocrx_word' id='word_1_177' title='bbox 322 2121 356 2163; x_wconf 89' lang='grc' dir='ltr'>ιιι</span> <span class='ocrx_word' id='word_1_178' title='bbox 378 2122 448 2164; x_wconf 90' lang='lat' dir='ltr'>eam</span> <span class='ocrx_word' id='word_1_179' title='bbox 470 2098 696 2177; x_wconf 90' lang='lat' dir='ltr'>conditionem,</span> <span class='ocrx_word' id='word_1_180' title='bbox 714 2113 753 2164; x_wconf 91' lang='lat' dir='ltr'>ut</span> <span class='ocrx_word' id='word_1_181' title='bbox 774 2099 1081 2177; x_wconf 84' lang='lat' dir='ltr'>manumitterentur,</span> <span class='ocrx_word' id='word_1_182' title='bbox 1100 2122 1190 2164; x_wconf 86' lang='lat' dir='ltr'>man·</span> 
     </span>
    </p>

    <p class='ocr_par' dir='ltr' id='par_1_8' title="bbox 115 2185 1190 2273">
     <span class='ocr_line' id='line_1_23' title="bbox 115 2185 1190 2273; baseline 0 -25"><span class='ocrx_word' id='word_1_183' title='bbox 115 2185 229 2272; x_wconf 72' lang='lat' dir='ltr'>scipio</span> <span class='ocrx_word' id='word_1_184' title='bbox 249 2185 377 2262; x_wconf 86' lang='lat' dir='ltr'>dabant,</span> <span class='ocrx_word' id='word_1_185' title='bbox 400 2185 603 2273; x_wconf 89' lang='lat' dir='ltr'>libertinique</span> <span class='ocrx_word' id='word_1_186' title='bbox 626 2186 855 2251; x_wconf 51' lang='lat' dir='ltr'>civestessent:</span> <span class='ocrx_word' id='word_1_187' title='bbox 885 2197 919 2250; x_wconf 90' lang='lat' dir='ltr'>et</span> <span class='ocrx_word' id='word_1_188' title='bbox 940 2185 1056 2272; x_wconf 89' lang='lat' dir='ltr'>quibus</span> <span class='ocrx_word' id='word_1_189' title='bbox 1076 2185 1190 2273; x_wconf 82' lang='lat' dir='ltr'>stirpes</span> 
     </span>
    </p>

    <p class='ocr_par' dir='ltr' id='par_1_9' title="bbox 115 2271 1190 2459">
     <span class='ocr_line' id='line_1_24' title="bbox 115 2271 1190 2360; baseline 0.005 -27"><span class='ocrx_word' id='word_1_190' title='bbox 115 2271 277 2349; x_wconf 67' lang='lat' dir='ltr'>adesset,</span> <span class='ocrx_word' id='word_1_191' title='bbox 288 2294 385 2358; x_wconf 89' lang='lat' dir='ltr'>quam</span> <span class='ocrx_word' id='word_1_192' title='bbox 396 2271 623 2360; x_wconf 78' lang='lat' dir='ltr'>relinquerent,</span> <span class='ocrx_word' id='word_1_193' title='bbox 635 2285 670 2337; x_wconf 92' lang='lat' dir='ltr'>ut</span> <span class='ocrx_word' id='word_1_194' title='bbox 680 2273 765 2338; x_wconf 89' lang='lat' dir='ltr'>cives</span> <span class='ocrx_word' id='word_1_195' title='bbox 775 2271 913 2336; x_wconf 91' lang='lat' dir='ltr'>Romani</span> <span class='ocrx_word' id='word_1_196' title='bbox 924 2271 1051 2336; x_wconf 88' lang='lat' dir='ltr'>fiebant</span> <span class='ocrx_word' id='word_1_197' title='bbox 1096 2272 1190 2338; x_wconf 90' lang='lat' dir='ltr'>Post·</span> 
     </span>
     <span class='ocr_line' id='line_1_25' title="bbox 142 2357 1188 2459; baseline 0 -36"><span class='ocrx_word' id='word_1_198' title='bbox 142 2381 193 2435; x_wconf 90' lang='lat' dir='ltr'>ea,</span> <span class='ocrx_word' id='word_1_199' title='bbox 216 2358 267 2459; x_wconf 77' lang='lat' dir='ltr'>his</span> <span class='ocrx_word' id='word_1_200' title='bbox 294 2381 421 2446; x_wconf 87' lang='lat' dir='ltr'>quoque</span> <span class='ocrx_word' id='word_1_201' title='bbox 451 2359 641 2447; x_wconf 77' lang='lat' dir='ltr'>imaginibus</span> <span class='ocrx_word' id='word_1_202' title='bbox 670 2359 747 2423; x_wconf 89' lang='lat' dir='ltr'>iuris</span> <span class='ocrx_word' id='word_1_203' title='bbox 772 2357 894 2446; x_wconf 89' lang='lat' dir='ltr'>spretis,</span> <span class='ocrx_word' id='word_1_204' title='bbox 917 2359 1094 2445; x_wconf 90' lang='lat' dir='ltr'>promiscue</span> <span class='ocrx_word' id='word_1_205' title='bbox 1120 2359 1188 2424; x_wconf 89' lang='lat' dir='ltr'>sine</span> 
     </span>
    </p>
   </div>
   <div class='ocr_carea' id='block_1_3' title="bbox 141 2436 1190 2595">
    <p class='ocr_par' dir='ltr' id='par_1_10' title="bbox 141 2436 1190 2595">
     <span class='ocr_line' id='line_1_26' title="bbox 141 2436 1190 2595; baseline -0.001 -85"><span class='ocrx_word' id='word_1_206' title='bbox 141 2444 225 2532; x_wconf 79' lang='lat' dir='ltr'>lege,</span> <span class='ocrx_word' id='word_1_207' title='bbox 243 2468 312 2511; x_wconf 90' lang='lat' dir='ltr'>s1ne</span> <span class='ocrx_word' id='word_1_208' title='bbox 332 2447 439 2533; x_wconf 90' lang='lat' dir='ltr'>stirpe,</span> <span class='ocrx_word' id='word_1_209' title='bbox 460 2447 495 2511; x_wconf 91' lang='lat' dir='ltr'>in</span> <span class='ocrx_word' id='word_1_210' title='bbox 514 2436 672 2511; x_wconf 73' lang='lat' dir='ltr'>cibitatem</span> <span class='ocrx_word' id='word_1_211' title='bbox 694 2446 873 2511; x_wconf 90' lang='lat' dir='ltr'>Romanam</span> <span class='ocrx_word' id='word_1_212' title='bbox 892 2468 950 2595; x_wconf 75' lang='lat' dir='ltr'>per</span> <span class='ocrx_word' id='word_1_213' title='bbox 968 2446 1190 2531; x_wconf 79' lang='lat' dir='ltr'>migrationem</span> 
     </span>
    </p>
   </div>
   <div class='ocr_carea' id='block_1_4' title="bbox 117 2532 1192 2879">
    <p class='ocr_par' dir='ltr' id='par_1_11' title="bbox 117 2532 1192 2879">
     <span class='ocr_line' id='line_1_27' title="bbox 143 2532 1191 2619; baseline -0.001 -22"><span class='ocrx_word' id='word_1_214' title='bbox 143 2546 179 2599; x_wconf 89' lang='lat' dir='ltr'>et</span> <span class='ocrx_word' id='word_1_215' title='bbox 198 2554 328 2597; x_wconf 88' lang='lat' dir='ltr'>censum</span> <span class='ocrx_word' id='word_1_216' title='bbox 349 2533 531 2609; x_wconf 60' lang='lat' dir='ltr'>transibant.</span> <span class='ocrx_word' id='word_1_217' title='bbox 578 2532 688 2598; x_wconf 88' lang='lat' dir='ltr'>‘Haec</span> <span class='ocrx_word' id='word_1_218' title='bbox 709 2555 750 2597; x_wconf 93' lang='lat' dir='ltr'>ne</span> <span class='ocrx_word' id='word_1_219' title='bbox 765 2546 874 2619; x_wconf 87' lang='lat' dir='ltr'>postea</span> <span class='ocrx_word' id='word_1_220' title='bbox 915 2534 1025 2608; x_wconf 53' lang='lat' dir='ltr'>erent?</span> <span class='ocrx_word' id='word_1_221' title='bbox 1040 2532 1191 2617; x_wconf 89' lang='lat' dir='ltr'>petebant</span> 
     </span>
     <span class='ocr_line' id='line_1_28' title="bbox 142 2617 1191 2706; baseline -0.002 -21"><span class='ocrx_word' id='word_1_222' title='bbox 142 2618 249 2706; x_wconf 81' lang='lat' dir='ltr'>legati,</span> <span class='ocrx_word' id='word_1_223' title='bbox 267 2628 277 2658; x_wconf 91' lang='lat'>‘</span> <span class='ocrx_word' id='word_1_224' title='bbox 285 2632 318 2685; x_wconf 88' lang='lat' dir='ltr'>et</span> <span class='ocrx_word' id='word_1_225' title='bbox 333 2633 368 2685; x_wconf 90' lang='lat' dir='ltr'>ut</span> <span class='ocrx_word' id='word_1_226' title='bbox 389 2619 492 2684; x_wconf 89' lang='lat' dir='ltr'>redire</span> <span class='ocrx_word' id='word_1_227' title='bbox 508 2620 541 2683; x_wconf 90' lang='lat' dir='ltr'>in</span> <span class='ocrx_word' id='word_1_228' title='bbox 557 2618 698 2685; x_wconf 87' lang='lat' dir='ltr'>civitates</span> <span class='ocrx_word' id='word_1_229' title='bbox 717 2619 864 2684; x_wconf 91' lang='lat' dir='ltr'>iuberent</span> <span class='ocrx_word' id='word_1_230' title='bbox 880 2618 997 2681; x_wconf 88' lang='lat' dir='ltr'>socios:</span> <span class='ocrx_word' id='word_1_231' title='bbox 1022 2617 1139 2682; x_wconf 90' lang='lat' dir='ltr'>deinde</span> <span class='ocrx_word' id='word_1_232' title='bbox 1154 2630 1191 2683; x_wconf 93' lang='lat' dir='ltr'>ut</span> 
     </span>
     <span class='ocr_line' id='line_1_29' title="bbox 117 2703 1191 2793; baseline -0.004 -19"><span class='ocrx_word' id='word_1_233' title='bbox 117 2706 234 2792; x_wconf 81' lang='lat' dir='ltr'>s‘lege</span> <span class='ocrx_word' id='word_1_234' title='bbox 264 2719 421 2783; x_wconf 89' lang='lat' dir='ltr'>caverent,</span> <span class='ocrx_word' id='word_1_235' title='bbox 446 2729 487 2771; x_wconf 89' lang='lat' dir='ltr'>ue</span> <span class='ocrx_word' id='word_1_236' title='bbox 513 2706 584 2793; x_wconf 89' lang='lat' dir='ltr'>quis</span> <span class='ocrx_word' id='word_1_237' title='bbox 613 2728 709 2792; x_wconf 88' lang='lat' dir='ltr'>quem</span> <span class='ocrx_word' id='word_1_238' title='bbox 735 2705 870 2770; x_wconf 90' lang='lat' dir='ltr'>civitatis</span> <span class='ocrx_word' id='word_1_239' title='bbox 899 2703 1069 2769; x_wconf 86' lang='lat' dir='ltr'>mutandae</span> <span class='ocrx_word' id='word_1_240' title='bbox 1098 2727 1191 2770; x_wconf 88' lang='lat' dir='ltr'>causa</span> 
     </span>
     <span class='ocr_line' id='line_1_30' title="bbox 144 2791 1192 2879; baseline 0 -22"><span class='ocrx_word' id='word_1_241' title='bbox 144 2800 257 2857; x_wconf 89' lang='lat' dir='ltr'>‘suum</span> <span class='ocrx_word' id='word_1_242' title='bbox 274 2793 401 2871; x_wconf 84' lang='lat' dir='ltr'>faceret,</span> <span class='ocrx_word' id='word_1_243' title='bbox 422 2814 502 2858; x_wconf 89' lang='lat' dir='ltr'>neve</span> <span class='ocrx_word' id='word_1_244' title='bbox 522 2792 689 2858; x_wconf 86' lang='lat' dir='ltr'>alienaret:</span> <span class='ocrx_word' id='word_1_245' title='bbox 714 2806 755 2870; x_wconf 89' lang='lat' dir='ltr'>et,</span> <span class='ocrx_word' id='word_1_246' title='bbox 776 2792 803 2856; x_wconf 92' lang='lat' dir='ltr'>si</span> <span class='ocrx_word' id='word_1_247' title='bbox 823 2791 894 2879; x_wconf 90' lang='lat' dir='ltr'>quis</span> <span class='ocrx_word' id='word_1_248' title='bbox 913 2791 958 2856; x_wconf 89' lang='lat' dir='ltr'>ita</span> <span class='ocrx_word' id='word_1_249' title='bbox 977 2791 1054 2857; x_wconf 87' lang='lat' dir='ltr'>civis</span> <span class='ocrx_word' id='word_1_250' title='bbox 1072 2791 1192 2857; x_wconf 87' lang='lat' dir='ltr'>Roma·</span> 
     </span>
    </p>
   </div>
   <div class='ocr_carea' id='block_1_5' title="bbox 144 2969 1271 4447">
    <p class='ocr_par' dir='ltr' id='par_1_12' title="bbox 144 2969 1190 3098">
     <span class='ocr_line' id='line_1_31' title="bbox 180 2969 1190 3036; baseline -0.002 -17"><span class='ocrx_word' id='word_1_251' title='bbox 180 2972 245 3032; x_wconf 66' lang='lat' dir='ltr'>ret</span> <span class='ocrx_word' id='word_1_252' title='bbox 261 2974 391 3036; x_wconf 68' lang='lat' dir='ltr'>atriaque</span> <span class='ocrx_word' id='word_1_253' title='bbox 410 2972 530 3031; x_wconf 70' lang='lat' dir='ltr'>aarum]</span> <span class='ocrx_word' id='word_1_254' title='bbox 556 2970 609 3027; x_wconf 78' lang='lat' dir='ltr'>Qui</span> <span class='ocrx_word' id='word_1_255' title='bbox 627 2969 652 3018; x_wconf 89' lang='lat' dir='ltr'>in</span> <span class='ocrx_word' id='word_1_256' title='bbox 684 2970 774 3019; x_wconf 89' lang='lat' dir='ltr'>liberos</span> <span class='ocrx_word' id='word_1_257' title='bbox 789 2984 845 3018; x_wconf 91' lang='lat' dir='ltr'>suos</span> <span class='ocrx_word' id='word_1_258' title='bbox 859 2969 886 3018; x_wconf 86' lang='lat' dir='ltr'>iu</span> <span class='ocrx_word' id='word_1_259' title='bbox 901 2984 1004 3018; x_wconf 86' lang='lat' dir='ltr'>manum</span> <span class='ocrx_word' id='word_1_260' title='bbox 1020 2970 1190 3019; x_wconf 78' lang='lat' dir='ltr'>Romanorum</span> 
     </span>
     <span class='ocr_line' id='line_1_32' title="bbox 144 3034 1190 3098; baseline -0.003 -15"><span class='ocrx_word' id='word_1_261' title='bbox 144 3040 249 3097; x_wconf 86' lang='lat' dir='ltr'>utraque</span> <span class='ocrx_word' id='word_1_262' title='bbox 260 3034 386 3098; x_wconf 88' lang='lat' dir='ltr'>provincia</span> <span class='ocrx_word' id='word_1_263' title='bbox 397 3042 473 3085; x_wconf 82' lang='lat' dir='ltr'>erant.</span> <span class='ocrx_word' id='word_1_264' title='bbox 685 3034 774 3083; x_wconf 85' lang='lat' dir='ltr'>civium</span> <span class='ocrx_word' id='word_1_265' title='bbox 793 3035 888 3093; x_wconf 89' lang='lat' dir='ltr'>darent,</span> <span class='ocrx_word' id='word_1_266' title='bbox 903 3039 931 3082; x_wconf 89' lang='lat' dir='ltr'>ut</span> <span class='ocrx_word' id='word_1_267' title='bbox 946 3034 1042 3082; x_wconf 79' lang='lat' dir='ltr'>Romae</span> <span class='ocrx_word' id='word_1_268' title='bbox 1059 3034 1190 3083; x_wconf 76' lang='lat' dir='ltr'>manumit-</span> 
     </span>
    </p>

    <p class='ocr_par' dir='ltr' id='par_1_13' title="bbox 144 3096 1191 3354">
     <span class='ocr_line' id='line_1_33' title="bbox 178 3096 1191 3161; baseline -0.002 -14"><span class='ocrx_word' id='word_1_269' title='bbox 178 3100 243 3148; x_wconf 83' lang='lat' dir='ltr'>81n</span> <span class='ocrx_word' id='word_1_270' title='bbox 261 3106 373 3149; x_wconf 81' lang='lat' dir='ltr'>cenatum</span> <span class='ocrx_word' id='word_1_271' title='bbox 394 3102 473 3160; x_wconf 78' lang='lat' dir='ltr'>venit]</span> <span class='ocrx_word' id='word_1_272' title='bbox 501 3099 652 3161; x_wconf 84' lang='lat' dir='ltr'>Exspectan·</span> <span class='ocrx_word' id='word_1_273' title='bbox 685 3104 813 3156; x_wconf 89' lang='lat' dir='ltr'>terentur;</span> <span class='ocrx_word' id='word_1_274' title='bbox 835 3096 963 3156; x_wconf 85' lang='lat' dir='ltr'>Romanis,</span> <span class='ocrx_word' id='word_1_275' title='bbox 981 3098 1079 3159; x_wconf 89' lang='lat' dir='ltr'>quando</span> <span class='ocrx_word' id='word_1_276' title='bbox 1099 3097 1191 3154; x_wconf 82' lang='lat' dir='ltr'>Latini,</span> 
     </span>
     <span class='ocr_line' id='line_1_34' title="bbox 145 3161 1190 3223; baseline -0.002 -12"><span class='ocrx_word' id='word_1_277' title='bbox 145 3164 207 3211; x_wconf 89' lang='lat' dir='ltr'>dum</span> <span class='ocrx_word' id='word_1_278' title='bbox 224 3170 276 3213; x_wconf 87' lang='lat' dir='ltr'>erat</span> <span class='ocrx_word' id='word_1_279' title='bbox 292 3165 476 3223; x_wconf 64' lang='lat' dir='ltr'>amntsed</span> <span class='ocrx_word' id='word_1_280' title='bbox 491 3163 564 3212; x_wconf 92' lang='lat' dir='ltr'>simili</span> <span class='ocrx_word' id='word_1_281' title='bbox 579 3164 653 3210; x_wconf 91' lang='lat' dir='ltr'>modo</span> <span class='ocrx_word' id='word_1_282' title='bbox 685 3163 774 3223; x_wconf 90' lang='lat' dir='ltr'>quibus</span> <span class='ocrx_word' id='word_1_283' title='bbox 797 3162 883 3223; x_wconf 87' lang='lat' dir='ltr'>stirpes</span> <span class='ocrx_word' id='word_1_284' title='bbox 906 3163 1008 3218; x_wconf 75' lang='lat' dir='ltr'>deesset,</span> <span class='ocrx_word' id='word_1_285' title='bbox 1029 3161 1133 3210; x_wconf 87' lang='lat' dir='ltr'>aliorum</span> <span class='ocrx_word' id='word_1_286' title='bbox 1162 3161 1190 3209; x_wconf 93' lang='lat' dir='ltr'>li·</span> 
     </span>
     <span class='ocr_line' id='line_1_35' title="bbox 144 3224 1191 3289; baseline -0.003 -13"><span class='ocrx_word' id='word_1_287' title='bbox 144 3228 207 3277; x_wconf 88' lang='lat' dir='ltr'>dicit</span> <span class='ocrx_word' id='word_1_288' title='bbox 218 3228 303 3277; x_wconf 84' lang='lat' dir='ltr'>Livius</span> <span class='ocrx_word' id='word_1_289' title='bbox 314 3228 369 3278; x_wconf 84' lang='lat' dir='ltr'>infr.</span> <span class='ocrx_word' id='word_1_290' title='bbox 384 3243 419 3276; x_wconf 78' lang='lat' dir='ltr'>ra.</span> <span class='ocrx_word' id='word_1_291' title='bbox 431 3230 508 3279; x_wconf 74' lang='lat' dir='ltr'>literis</span> <span class='ocrx_word' id='word_1_292' title='bbox 521 3231 546 3277; x_wconf 90' lang='lat' dir='ltr'>T.</span> <span class='ocrx_word' id='word_1_293' title='bbox 555 3228 653 3277; x_wconf 76' lang='lat' dir='ltr'>Claudii</span> <span class='ocrx_word' id='word_1_294' title='bbox 685 3228 755 3275; x_wconf 89' lang='lat' dir='ltr'>beros</span> <span class='ocrx_word' id='word_1_295' title='bbox 776 3226 899 3288; x_wconf 88' lang='lat' dir='ltr'>mancipio</span> <span class='ocrx_word' id='word_1_296' title='bbox 920 3227 1066 3289; x_wconf 82' lang='lat' dir='ltr'>acciperent,</span> <span class='ocrx_word' id='word_1_297' title='bbox 1085 3232 1114 3273; x_wconf 90' lang='lat' dir='ltr'>ut</span> <span class='ocrx_word' id='word_1_298' title='bbox 1134 3224 1191 3288; x_wconf 87' lang='lat' dir='ltr'>ipsi,</span> 
     </span>
     <span class='ocr_line' id='line_1_36' title="bbox 144 3290 1191 3354; baseline -0.006 -12"><span class='ocrx_word' id='word_1_299' title='bbox 144 3295 500 3354; x_wconf 76' lang='lat' dir='ltr'>etreaatuscansultooacepto.</span> <span class='ocrx_word' id='word_1_300' title='bbox 518 3292 613 3341; x_wconf 75' lang='lat' dir='ltr'>Rusca.</span> <span class='ocrx_word' id='word_1_301' title='bbox 684 3291 754 3353; x_wconf 87' lang='lat' dir='ltr'>quasi</span> <span class='ocrx_word' id='word_1_302' title='bbox 786 3290 886 3353; x_wconf 85' lang='lat' dir='ltr'>stirpem</span> <span class='ocrx_word' id='word_1_303' title='bbox 918 3290 984 3339; x_wconf 85' lang='lat' dir='ltr'>dorni</span> <span class='ocrx_word' id='word_1_304' title='bbox 1017 3290 1191 3351; x_wconf 86' lang='lat' dir='ltr'>relinquenter‚</span> 
     </span>
    </p>

    <p class='ocr_par' dir='ltr' id='par_1_14' title="bbox 146 3354 1192 3547">
     <span class='ocr_line' id='line_1_37' title="bbox 178 3354 1191 3421; baseline -0.005 -16"><span class='ocrx_word' id='word_1_305' title='bbox 178 3358 397 3421; x_wconf 74' lang='lat' dir='ltr'>9Fatiyuoaruat]</span> <span class='ocrx_word' id='word_1_306' title='bbox 417 3356 557 3418; x_wconf 81' lang='lat' dir='ltr'>Legendum</span> <span class='ocrx_word' id='word_1_307' title='bbox 571 3360 652 3403; x_wconf 88' lang='lat' dir='ltr'>censet</span> <span class='ocrx_word' id='word_1_308' title='bbox 685 3355 750 3403; x_wconf 85' lang='lat' dir='ltr'>cives</span> <span class='ocrx_word' id='word_1_309' title='bbox 767 3354 875 3404; x_wconf 86' lang='lat' dir='ltr'>Romani</span> <span class='ocrx_word' id='word_1_310' title='bbox 892 3356 987 3412; x_wconf 85' lang='lat' dir='ltr'>fierent,</span> <span class='ocrx_word' id='word_1_311' title='bbox 1003 3359 1028 3402; x_wconf 88' lang='lat' dir='ltr'>et</span> <span class='ocrx_word' id='word_1_312' title='bbox 1046 3360 1131 3415; x_wconf 86' lang='lat' dir='ltr'>postea</span> <span class='ocrx_word' id='word_1_313' title='bbox 1149 3368 1191 3401; x_wconf 87' lang='lat' dir='ltr'>eos</span> 
     </span>
     <span class='ocr_line' id='line_1_38' title="bbox 146 3418 1191 3483; baseline -0.006 -13"><span class='ocrx_word' id='word_1_314' title='bbox 146 3420 288 3470; x_wconf 83' lang='lat' dir='ltr'>Gronovius</span> <span class='ocrx_word' id='word_1_315' title='bbox 304 3423 485 3483; x_wconf 70' lang='lat' dir='ltr'>scripurarum,</span> <span class='ocrx_word' id='word_1_316' title='bbox 501 3421 567 3483; x_wconf 88' lang='lat' dir='ltr'>quod</span> <span class='ocrx_word' id='word_1_317' title='bbox 587 3420 652 3468; x_wconf 89' lang='lat' dir='ltr'>Bek·</span> <span class='ocrx_word' id='word_1_318' title='bbox 684 3419 875 3481; x_wconf 86' lang='lat' dir='ltr'>emanciparent.</span> <span class='ocrx_word' id='word_1_319' title='bbox 917 3418 1055 3468; x_wconf 84' lang='lat' dir='ltr'>Crevierius</span> <span class='ocrx_word' id='word_1_320' title='bbox 1075 3424 1104 3464; x_wconf 78' lang='lat' dir='ltr'>ut</span> <span class='ocrx_word' id='word_1_321' title='bbox 1127 3419 1191 3465; x_wconf 69' lang='lat' dir='ltr'>dass</span> 
     </span>
     <span class='ocr_line' id='line_1_39' title="bbox 146 3480 1192 3547; baseline -0.004 -14"><span class='ocrx_word' id='word_1_322' title='bbox 146 3486 199 3535; x_wconf 86' lang='lat' dir='ltr'>ker.</span> <span class='ocrx_word' id='word_1_323' title='bbox 209 3484 325 3547; x_wconf 86' lang='lat' dir='ltr'>reposuit.</span> <span class='ocrx_word' id='word_1_324' title='bbox 684 3486 886 3545; x_wconf 73' lang='lat' dir='ltr'>Romanifiareut</span> <span class='ocrx_word' id='word_1_325' title='bbox 897 3518 903 3531; x_wconf 92' lang='lat'><strong>.</strong></span> <span class='ocrx_word' id='word_1_326' title='bbox 915 3515 922 3528; x_wconf 89' lang='lat'><strong>.</strong></span> <span class='ocrx_word' id='word_1_327' title='bbox 934 3518 941 3530; x_wconf 91' lang='lat'>.</span> <span class='ocrx_word' id='word_1_328' title='bbox 952 3481 1082 3541; x_wconf 75' lang='lat' dir='ltr'>legendum</span> <span class='ocrx_word' id='word_1_329' title='bbox 1094 3480 1155 3539; x_wconf 79' lang='lat' dir='ltr'>salt,</span> <span class='ocrx_word' id='word_1_330' title='bbox 1166 3485 1192 3529; x_wconf 82' lang='lat' dir='ltr'>et</span> 
     </span>
    </p>

    <p class='ocr_par' dir='ltr' id='par_1_15' title="bbox 147 3544 1192 3737">
     <span class='ocr_line' id='line_1_40' title="bbox 182 3544 1191 3610; baseline -0.002 -13"><span class='ocrx_word' id='word_1_331' title='bbox 182 3564 193 3597; x_wconf 91' lang='lat'>1</span> <span class='ocrx_word' id='word_1_332' title='bbox 212 3552 264 3599; x_wconf 75' lang='lat' dir='ltr'>Lsr</span> <span class='ocrx_word' id='word_1_333' title='bbox 283 3550 355 3599; x_wconf 76' lang='lat' dir='ltr'>sociis</span> <span class='ocrx_word' id='word_1_334' title='bbox 376 3564 406 3597; x_wconf 81' lang='lat' dir='ltr'>aa</span> <span class='ocrx_word' id='word_1_335' title='bbox 426 3550 531 3597; x_wconf 69' lang='lat' dir='ltr'>murinis</span> <span class='ocrx_word' id='word_1_336' title='bbox 552 3550 650 3607; x_wconf 79' lang='lat' dir='ltr'>Latini]</span> <span class='ocrx_word' id='word_1_337' title='bbox 685 3550 806 3610; x_wconf 86' lang='lat' dir='ltr'>quaedam</span> <span class='ocrx_word' id='word_1_338' title='bbox 816 3547 863 3595; x_wconf 90' lang='lat' dir='ltr'>hoc</span> <span class='ocrx_word' id='word_1_339' title='bbox 876 3548 929 3593; x_wconf 89' lang='lat' dir='ltr'>loco</span> <span class='ocrx_word' id='word_1_340' title='bbox 940 3544 1090 3593; x_wconf 85' lang='lat' dir='ltr'>intercidisse</span> <span class='ocrx_word' id='word_1_341' title='bbox 1100 3550 1191 3595; x_wconf 82' lang='lat' dir='ltr'>censet.</span> 
     </span>
     <span class='ocr_line' id='line_1_41' title="bbox 147 3610 1191 3677; baseline -0.003 -16"><span class='ocrx_word' id='word_1_342' title='bbox 147 3614 178 3663; x_wconf 80' lang='lat' dir='ltr'>of.</span> <span class='ocrx_word' id='word_1_343' title='bbox 191 3614 294 3662; x_wconf 86' lang='lat' dir='ltr'>Niebhr.</span> <span class='ocrx_word' id='word_1_344' title='bbox 310 3612 344 3661; x_wconf 88' lang='lat' dir='ltr'>iii.</span> <span class='ocrx_word' id='word_1_345' title='bbox 359 3628 383 3661; x_wconf 91' lang='lat' dir='ltr'>n.</span> <span class='ocrx_word' id='word_1_346' title='bbox 394 3626 450 3677; x_wconf 84' lang='lat'>951.</span> <span class='ocrx_word' id='word_1_347' title='bbox 469 3612 537 3661; x_wconf 77' lang='lat' dir='ltr'>Fusa</span> <span class='ocrx_word' id='word_1_348' title='bbox 550 3612 582 3661; x_wconf 85' lang='lat' dir='ltr'>R.</span> <span class='ocrx_word' id='word_1_349' title='bbox 594 3612 653 3659; x_wconf 80' lang='lat' dir='ltr'>Ant.</span> <span class='ocrx_word' id='word_1_350' title='bbox 718 3630 733 3671; x_wconf 93' lang='lat'>4</span> <span class='ocrx_word' id='word_1_351' title='bbox 749 3613 854 3673; x_wconf 72' lang='lat' dir='ltr'>Nequit</span> <span class='ocrx_word' id='word_1_352' title='bbox 868 3626 938 3672; x_wconf 75' lang='lat' dir='ltr'>prtem</span> <span class='ocrx_word' id='word_1_353' title='bbox 950 3644 957 3657; x_wconf 88' lang='lat'><strong><em>.</em></strong></span> <span class='ocrx_word' id='word_1_354' title='bbox 968 3644 975 3657; x_wconf 88' lang='lat'><strong><em>.</em></strong></span> <span class='ocrx_word' id='word_1_355' title='bbox 987 3645 994 3657; x_wconf 85' lang='grc'><strong>.</strong></span> <span class='ocrx_word' id='word_1_356' title='bbox 1004 3624 1076 3657; x_wconf 76' lang='lat' dir='ltr'>suum</span> <span class='ocrx_word' id='word_1_357' title='bbox 1084 3610 1191 3669; x_wconf 80' lang='lat' dir='ltr'>faceret,</span> 
     </span>
     <span class='ocr_line' id='line_1_42' title="bbox 147 3672 1192 3737; baseline -0.005 -10"><span class='ocrx_word' id='word_1_358' title='bbox 147 3680 170 3737; x_wconf 67' lang='lat' dir='ltr'>fl.</span> <span class='ocrx_word' id='word_1_359' title='bbox 184 3677 237 3727; x_wconf 78' lang='lat'>126.</span> <span class='ocrx_word' id='word_1_360' title='bbox 255 3676 467 3735; x_wconf 57' lang='lat' dir='ltr'>Gaiilnstitifl.</span> <span class='ocrx_word' id='word_1_361' title='bbox 480 3676 518 3725; x_wconf 76' lang='grc' dir='ltr'>ιθ.</span> <span class='ocrx_word' id='word_1_362' title='bbox 686 3692 747 3725; x_wconf 81' lang='lat' dir='ltr'>nese</span> <span class='ocrx_word' id='word_1_363' title='bbox 768 3676 901 3734; x_wconf 61' lang='lat' dir='ltr'>elimat]</span> <span class='ocrx_word' id='word_1_364' title='bbox 927 3672 998 3722; x_wconf 90' lang='lat' dir='ltr'>Prior</span> <span class='ocrx_word' id='word_1_365' title='bbox 1018 3688 1075 3734; x_wconf 88' lang='lat' dir='ltr'>pars</span> <span class='ocrx_word' id='word_1_366' title='bbox 1095 3679 1141 3734; x_wconf 86' lang='lat' dir='ltr'>est,</span> <span class='ocrx_word' id='word_1_367' title='bbox 1162 3680 1192 3722; x_wconf 87' lang='lat' dir='ltr'>ut</span> 
     </span>
    </p>

    <p class='ocr_par' dir='ltr' id='par_1_16' title="bbox 147 3736 1192 3992">
     <span class='ocr_line' id='line_1_43' title="bbox 181 3736 1190 3805; baseline -0.002 -16"><span class='ocrx_word' id='word_1_368' title='bbox 181 3757 194 3789; x_wconf 80' lang='lat' dir='ltr'>a</span> <span class='ocrx_word' id='word_1_369' title='bbox 206 3745 243 3792; x_wconf 81' lang='lat' dir='ltr'>Et</span> <span class='ocrx_word' id='word_1_370' title='bbox 250 3744 339 3805; x_wconf 78' lang='lat' dir='ltr'>pallus</span> <span class='ocrx_word' id='word_1_371' title='bbox 345 3744 434 3803; x_wconf 80' lang='lat' dir='ltr'>stirpes</span> <span class='ocrx_word' id='word_1_372' title='bbox 441 3742 543 3800; x_wconf 73' lang='lat' dir='ltr'>demet]</span> <span class='ocrx_word' id='word_1_373' title='bbox 561 3741 655 3803; x_wconf 74' lang='lat' dir='ltr'>Stirpss</span> <span class='ocrx_word' id='word_1_374' title='bbox 686 3748 753 3787; x_wconf 88' lang='lat' dir='ltr'>recte</span> <span class='ocrx_word' id='word_1_375' title='bbox 767 3740 879 3787; x_wconf 85' lang='lat' dir='ltr'>observat</span> <span class='ocrx_word' id='word_1_376' title='bbox 890 3736 1036 3796; x_wconf 86' lang='lat' dir='ltr'>Gronovius,</span> <span class='ocrx_word' id='word_1_377' title='bbox 1051 3742 1136 3787; x_wconf 89' lang='lat' dir='ltr'>contra</span> <span class='ocrx_word' id='word_1_378' title='bbox 1150 3753 1190 3787; x_wconf 87' lang='lat' dir='ltr'>ac·</span> 
     </span>
     <span class='ocr_line' id='line_1_44' title="bbox 147 3801 1192 3867; baseline -0.003 -13"><span class='ocrx_word' id='word_1_379' title='bbox 147 3806 298 3854; x_wconf 85' lang='lat' dir='ltr'>nominativo</span> <span class='ocrx_word' id='word_1_380' title='bbox 323 3820 381 3853; x_wconf 87' lang='lat' dir='ltr'>casu</span> <span class='ocrx_word' id='word_1_381' title='bbox 402 3804 536 3867; x_wconf 87' lang='lat' dir='ltr'>antiquitus</span> <span class='ocrx_word' id='word_1_382' title='bbox 559 3804 654 3852; x_wconf 90' lang='lat' dir='ltr'>diceba·</span> <span class='ocrx_word' id='word_1_383' title='bbox 687 3804 818 3865; x_wconf 81' lang='lat' dir='ltr'>alpientem</span> <span class='ocrx_word' id='word_1_384' title='bbox 833 3801 965 3864; x_wconf 86' lang='lat' dir='ltr'>mancipio,</span> <span class='ocrx_word' id='word_1_385' title='bbox 976 3801 1093 3863; x_wconf 81' lang='lat' dir='ltr'>posterior</span> <span class='ocrx_word' id='word_1_386' title='bbox 1107 3808 1192 3851; x_wconf 63' lang='lat' dir='ltr'>confla</span> 
     </span>
     <span class='ocr_line' id='line_1_45' title="bbox 147 3865 1192 3933; baseline -0.003 -15"><span class='ocrx_word' id='word_1_387' title='bbox 147 3876 243 3932; x_wconf 85' lang='lat' dir='ltr'>turpro</span> <span class='ocrx_word' id='word_1_388' title='bbox 254 3872 338 3933; x_wconf 79' lang='lat' dir='ltr'>stirps,</span> <span class='ocrx_word' id='word_1_389' title='bbox 349 3876 377 3918; x_wconf 86' lang='lat' dir='ltr'>ut</span> <span class='ocrx_word' id='word_1_390' title='bbox 385 3870 467 3931; x_wconf 72' lang='lat' dir='ltr'>plebes</span> <span class='ocrx_word' id='word_1_391' title='bbox 478 3884 523 3931; x_wconf 88' lang='lat' dir='ltr'>pro</span> <span class='ocrx_word' id='word_1_392' title='bbox 531 3870 607 3932; x_wconf 77' lang='lat' dir='ltr'>plebs.</span> <span class='ocrx_word' id='word_1_393' title='bbox 623 3868 654 3915; x_wconf 78' lang='lat' dir='ltr'>cf.</span> <span class='ocrx_word' id='word_1_394' title='bbox 687 3869 795 3915; x_wconf 86' lang='lat' dir='ltr'>dantem.</span> <span class='ocrx_word' id='word_1_395' title='bbox 841 3865 890 3915; x_wconf 90' lang='lat' dir='ltr'>llle</span> <span class='ocrx_word' id='word_1_396' title='bbox 916 3866 983 3914; x_wconf 88' lang='lat' dir='ltr'>enim</span> <span class='ocrx_word' id='word_1_397' title='bbox 1009 3874 1076 3915; x_wconf 83' lang='lat' dir='ltr'>recte</span> <span class='ocrx_word' id='word_1_398' title='bbox 1101 3866 1192 3915; x_wconf 90' lang='lat' dir='ltr'>dicitur</span> 
     </span>
     <span class='ocr_line' id='line_1_46' title="bbox 149 3930 1191 3992; baseline -0.003 -10"><span class='ocrx_word' id='word_1_399' title='bbox 149 3934 326 3983; x_wconf 85' lang='lat' dir='ltr'>Nisbhr.ii.n.</span> <span class='ocrx_word' id='word_1_400' title='bbox 385 3970 391 3982; x_wconf 94' lang='lat'>.</span> <span class='ocrx_word' id='word_1_401' title='bbox 686 3934 1003 3992; x_wconf 78' lang='lat' dir='ltr'>suumsucareeumquem</span> <span class='ocrx_word' id='word_1_402' title='bbox 1017 3930 1191 3991; x_wconf 74' lang='lat' dir='ltr'>mmcipioso-</span> 
     </span>
    </p>

    <p class='ocr_par' dir='ltr' id='par_1_17' title="bbox 148 3948 1271 4447">
     <span class='ocr_line' id='line_1_47' title="bbox 182 3948 1190 4060; baseline -0.008 -11"><span class='ocrx_word' id='word_1_403' title='bbox 182 4014 195 4060; x_wconf 79' lang='grc'>3</span> <span class='ocrx_word' id='word_1_404' title='bbox 215 4002 248 4050; x_wconf 84' lang='lat' dir='ltr'>Ut</span> <span class='ocrx_word' id='word_1_405' title='bbox 257 3948 546 4059; x_wconf 46' lang='lat' dir='ltr'>dvasfflnifiabaut]</span> <span class='ocrx_word' id='word_1_406' title='bbox 560 3997 655 4045; x_wconf 86' lang='lat' dir='ltr'>Vocem</span> <span class='ocrx_word' id='word_1_407' title='bbox 688 3996 749 4058; x_wconf 87' lang='lat' dir='ltr'>cipit</span> <span class='ocrx_word' id='word_1_408' title='bbox 761 4015 768 4053; x_wconf 73' lang='grc' dir='ltr'>ς</span> <span class='ocrx_word' id='word_1_409' title='bbox 783 3994 824 4043; x_wconf 87' lang='lat' dir='ltr'>hic</span> <span class='ocrx_word' id='word_1_410' title='bbox 834 3997 944 4045; x_wconf 55' lang='lat' dir='ltr'>dhaere</span> <span class='ocrx_word' id='word_1_411' title='bbox 954 4010 1012 4043; x_wconf 89' lang='lat' dir='ltr'>eum</span> <span class='ocrx_word' id='word_1_412' title='bbox 1024 4010 1097 4056; x_wconf 88' lang='lat' dir='ltr'>quem</span> <span class='ocrx_word' id='word_1_413' title='bbox 1108 3994 1190 4042; x_wconf 78' lang='lat' dir='ltr'>trudit.</span> 
     </span>
     <span class='ocr_line' id='line_1_48' title="bbox 148 4058 1271 4127; baseline -0.007 -14"><span class='ocrx_word' id='word_1_414' title='bbox 148 4062 375 4127; x_wconf 72' lang='lat' dir='ltr'>aproatsigonius</span> <span class='ocrx_word' id='word_1_415' title='bbox 384 4062 549 4125; x_wconf 81' lang='lat' dir='ltr'>reponendam</span> <span class='ocrx_word' id='word_1_416' title='bbox 560 4062 655 4118; x_wconf 83' lang='lat' dir='ltr'>suadet,</span> <span class='ocrx_word' id='word_1_417' title='bbox 688 4062 815 4118; x_wconf 85' lang='lat' dir='ltr'>Ceterum,</span> <span class='ocrx_word' id='word_1_418' title='bbox 831 4058 850 4108; x_wconf 91' lang='lat' dir='ltr'>si</span> <span class='ocrx_word' id='word_1_419' title='bbox 867 4074 898 4107; x_wconf 91' lang='lat' dir='ltr'>ea</span> <span class='ocrx_word' id='word_1_420' title='bbox 914 4060 1062 4116; x_wconf 86' lang='lat' dir='ltr'>coniectura,</span> <span class='ocrx_word' id='word_1_421' title='bbox 1075 4072 1138 4121; x_wconf 69' lang='lat' dir='ltr'>quae</span> <span class='ocrx_word' id='word_1_422' title='bbox 1152 4068 1205 4105; x_wconf 64' lang='grc' dir='ltr'>ιιι·</span> <span class='ocrx_word' id='word_1_423' title='bbox 1265 4090 1271 4098; x_wconf 83' lang='lat'>-</span> 
     </span>
     <span class='ocr_line' id='line_1_49' title="bbox 149 4123 1192 4187; baseline -0.008 -11"><span class='ocrx_word' id='word_1_424' title='bbox 149 4129 192 4176; x_wconf 81' lang='lat' dir='ltr'>sed</span> <span class='ocrx_word' id='word_1_425' title='bbox 203 4126 327 4177; x_wconf 83' lang='lat' dir='ltr'>Crerierio</span> <span class='ocrx_word' id='word_1_426' title='bbox 342 4126 421 4175; x_wconf 87' lang='lat' dir='ltr'>maius</span> <span class='ocrx_word' id='word_1_427' title='bbox 433 4126 480 4175; x_wconf 88' lang='lat' dir='ltr'>hoc</span> <span class='ocrx_word' id='word_1_428' title='bbox 495 4127 550 4174; x_wconf 92' lang='lat' dir='ltr'>loco</span> <span class='ocrx_word' id='word_1_429' title='bbox 562 4126 657 4173; x_wconf 88' lang='lat' dir='ltr'>videtur</span> <span class='ocrx_word' id='word_1_430' title='bbox 688 4125 783 4187; x_wconf 86' lang='lat' dir='ltr'>periore</span> <span class='ocrx_word' id='word_1_431' title='bbox 799 4130 859 4172; x_wconf 88' lang='lat' dir='ltr'>nota</span> <span class='ocrx_word' id='word_1_432' title='bbox 874 4123 987 4185; x_wconf 88' lang='lat' dir='ltr'>exposita</span> <span class='ocrx_word' id='word_1_433' title='bbox 1002 4128 1047 4180; x_wconf 88' lang='lat' dir='ltr'>est,</span> <span class='ocrx_word' id='word_1_434' title='bbox 1063 4134 1127 4169; x_wconf 86' lang='lat' dir='ltr'>vana</span> <span class='ocrx_word' id='word_1_435' title='bbox 1142 4136 1192 4169; x_wconf 89' lang='lat' dir='ltr'>non</span> 
     </span>
     <span class='ocr_line' id='line_1_50' title="bbox 149 4185 1193 4253; baseline -0.009 -12"><span class='ocrx_word' id='word_1_436' title='bbox 149 4208 201 4241; x_wconf 85' lang='lat' dir='ltr'>erse</span> <span class='ocrx_word' id='word_1_437' title='bbox 213 4192 311 4249; x_wconf 76' lang='lat' dir='ltr'>munus,</span> <span class='ocrx_word' id='word_1_438' title='bbox 320 4206 395 4253; x_wconf 87' lang='lat' dir='ltr'>quam</span> <span class='ocrx_word' id='word_1_439' title='bbox 407 4196 496 4239; x_wconf 87' lang='lat' dir='ltr'>uttam</span> <span class='ocrx_word' id='word_1_440' title='bbox 512 4189 600 4239; x_wconf 87' lang='lat' dir='ltr'>leniter</span> <span class='ocrx_word' id='word_1_441' title='bbox 613 4204 655 4237; x_wconf 89' lang='lat' dir='ltr'>cu·</span> <span class='ocrx_word' id='word_1_442' title='bbox 687 4194 732 4249; x_wconf 82' lang='lat' dir='ltr'>est,</span> <span class='ocrx_word' id='word_1_443' title='bbox 747 4188 842 4236; x_wconf 84' lang='lat' dir='ltr'>videtur</span> <span class='ocrx_word' id='word_1_444' title='bbox 859 4194 885 4236; x_wconf 86' lang='lat' dir='ltr'>et</span> <span class='ocrx_word' id='word_1_445' title='bbox 901 4187 941 4235; x_wconf 90' lang='lat' dir='ltr'>hic</span> <span class='ocrx_word' id='word_1_446' title='bbox 958 4186 1076 4235; x_wconf 82' lang='lat' dir='ltr'>excidisse</span> <span class='ocrx_word' id='word_1_447' title='bbox 1091 4185 1193 4246; x_wconf 86' lang='lat' dir='ltr'>aliquod</span> 
     </span>
     <span class='ocr_line' id='line_1_51' title="bbox 149 4250 1193 4319; baseline -0.009 -14"><span class='ocrx_word' id='word_1_448' title='bbox 149 4256 196 4304; x_wconf 87' lang='lat' dir='ltr'>rari</span> <span class='ocrx_word' id='word_1_449' title='bbox 213 4256 296 4319; x_wconf 80' lang='lat' dir='ltr'>possit.</span> <span class='ocrx_word' id='word_1_450' title='bbox 329 4256 445 4305; x_wconf 79' lang='lat' dir='ltr'>Ceterum</span> <span class='ocrx_word' id='word_1_451' title='bbox 463 4269 514 4303; x_wconf 90' lang='lat' dir='ltr'>rem</span> <span class='ocrx_word' id='word_1_452' title='bbox 532 4254 568 4302; x_wconf 84' lang='lat' dir='ltr'>ita</span> <span class='ocrx_word' id='word_1_453' title='bbox 584 4254 655 4301; x_wconf 88' lang='lat' dir='ltr'>intel·</span> <span class='ocrx_word' id='word_1_454' title='bbox 688 4253 761 4301; x_wconf 89' lang='lat' dir='ltr'>huius</span> <span class='ocrx_word' id='word_1_455' title='bbox 783 4253 843 4317; x_wconf 77' lang='lat' dir='ltr'>legis</span> <span class='ocrx_word' id='word_1_456' title='bbox 865 4258 948 4313; x_wconf 85' lang='lat' dir='ltr'>caput,</span> <span class='ocrx_word' id='word_1_457' title='bbox 969 4250 1084 4298; x_wconf 88' lang='lat' dir='ltr'>nimirum</span> <span class='ocrx_word' id='word_1_458' title='bbox 1108 4254 1193 4297; x_wconf 81' lang='lat' dir='ltr'>contra</span> 
     </span>
     <span class='ocr_line' id='line_1_52' title="bbox 151 4313 1181 4383; baseline -0.006 -15"><span class='ocrx_word' id='word_1_459' title='bbox 151 4321 218 4383; x_wconf 76' lang='lat' dir='ltr'>ligas.</span> <span class='ocrx_word' id='word_1_460' title='bbox 253 4320 330 4368; x_wconf 85' lang='lat' dir='ltr'>Fraus</span> <span class='ocrx_word' id='word_1_461' title='bbox 356 4318 427 4367; x_wconf 91' lang='lat' dir='ltr'>sociis</span> <span class='ocrx_word' id='word_1_462' title='bbox 454 4318 537 4378; x_wconf 83' lang='lat' dir='ltr'>flebat,</span> <span class='ocrx_word' id='word_1_463' title='bbox 558 4318 656 4379; x_wconf 87' lang='lat' dir='ltr'>quando</span> <span class='ocrx_word' id='word_1_464' title='bbox 688 4318 857 4366; x_wconf 75' lang='lat' dir='ltr'>fraudulentas</span> <span class='ocrx_word' id='word_1_465' title='bbox 866 4316 922 4364; x_wconf 88' lang='lat' dir='ltr'>illas</span> <span class='ocrx_word' id='word_1_466' title='bbox 931 4313 1083 4377; x_wconf 85' lang='lat' dir='ltr'>adoptiones.</span> <span class='ocrx_word' id='word_1_467' title='bbox 1100 4313 1181 4362; x_wconf 76' lang='lat' dir='ltr'>Cast.</span> 
     </span>
     <span class='ocr_line' id='line_1_53' title="bbox 152 4381 656 4447; baseline -0.008 -14"><span class='ocrx_word' id='word_1_468' title='bbox 152 4384 243 4445; x_wconf 69' lang='lat' dir='ltr'>latini,</span> <span class='ocrx_word' id='word_1_469' title='bbox 254 4383 296 4447; x_wconf 91' lang='lat' dir='ltr'>qui</span> <span class='ocrx_word' id='word_1_470' title='bbox 312 4383 411 4446; x_wconf 67' lang='lat' dir='ltr'>aliquem</span> <span class='ocrx_word' id='word_1_471' title='bbox 427 4383 493 4431; x_wconf 89' lang='lat' dir='ltr'>domi</span> <span class='ocrx_word' id='word_1_472' title='bbox 508 4381 656 4444; x_wconf 85' lang='lat' dir='ltr'>reliquerint,</span> 
     </span>
    </p>
   </div>
   <div class='ocr_carea' id='block_1_6' title="bbox 0 0 1480 4800">
    <p class='ocr_par' dir='ltr' id='par_1_18' title="bbox 0 0 1480 4800">
     <span class='ocr_line' id='line_1_54' title="bbox 0 0 1480 4800; baseline 0 0"><span class='ocrx_word' id='word_1_473' title='bbox 0 0 1480 4800; x_wconf 95' lang='lat' dir='ltr'> </span> 
     </span>
    </p>
   </div>
  </div>
 </body>
</html>
