2934 4800
345 190 554 257 LIBROR.
589 190 815 257 DEPERD.
1042 196 1105 255 259

525 576 632 643 CVII.

65 750 98 815 C.
114 749 317 829 CAESAR,
342 750 482 819 Treviris
505 753 540 819 in
565 751 673 818 Gallie
696 752 798 829 vietis,
821 751 948 817 iterum·
962 752 997 816 in
1022 750 1105 817 Ger-

64 837 189 903 maniam
213 838 363 905 transiit:
386 838 454 904 null
498 862 539 905 ue
562 838 607 905 ibi
630 838 720 905 hoste
743 838 886 915 invento,
906 859 1049 904 reversus
1070 838 1105 904 in

67 920 202 1002 Gallism,
218 923 392 991 Eburones
413 862 544 991 etudine
565 925 718 1003 civitates,
733 947 817 1011 quae
838 946 898 989 con
938 924 1104 1003 inserent,

65 1007 137 1087 vicit,
151 1022 184 1075 et
199 1010 427 1099 Ambiorigem
447 1012 482 1077 in
502 1011 579 1099 fuge
596 1022 782 1100 persecutus
797 1023 855 1077 cst.
929 1009 1072 1089 .Clodii‚
1086 1034 1107 1077 a

66 1092 98 1159 Τ.
115 1096 223 1161 Annio
254 1096 395 1176 Milone,
424 1096 595 1165 candidato
625 1096 818 1175 consulatus,
844 1096 954 1185 Appia
980 1098 1032 1163 rie
1063 1096 1106 1163 ad

67 1178 190 1249 Bovillas
203 1183 316 1261 occisi,
331 1206 446 1285 corpus
465 1183 555 1272 plebs
573 1184 608 1251 in
622 1184 710 1249 curia
724 1182 883 1249 cremavit.
931 1182 1043 1259 Quum
1057 1205 1107 1249 ac·

67 1264 189 1333 ditiones
201 1268 293 1335 inter
306 1269 493 1362 candidatos
507 1269 687 1336 consulatus
699 1268 898 1359 Hypsaeum,
911 1266 1105 1356 Scipionem,

68 1364 94 1415 et
106 1350 262 1421 Milonem
276 1368 395 1434 essent,
433 1357 468 1421 ui
482 1356 576 1421 armis
590 1379 627 1422 ae
642 1356 674 1420 vi
688 1355 945 1431 contendebant3
964 1353 1005 1419 od
1020 1376 1107 1421 oom-

68 1438 234 1536 ermendas
251 1463 310 1507 eas
329 1440 392 1507 Cn.
405 1378 578 1532 iompeius
598 1442 720 1530 legems
742 1465 763 1506 a
781 1453 896 1507 senatu
914 1439 1026 1508 consul
1046 1454 1109 1505 ter·

69 1536 137 1589 num
156 1526 260 1593 faetus
283 1539 343 1606 eet,
366 1528 478 1595 absens
502 1541 535 1593 et
557 1528 651 1606 solus,
675 1526 764 1615 quod
786 1526 866 1593 nulii
889 1526 943 1591 olii
964 1548 1011 1591 un
1033 1550 1108 1591 uem

69 1611 456 1765 iiiiiitdafflffipm
467 1614 610 1765 xiilim
633 1614 675 1765 dte
702 1625 803 1764 mite
828 1610 997 1764 Ecllodgi,
1010 1550 1108 1777 {fiio

127 1719 173 1763 cro
333 1722 370 1765 us
390 1723 466 1766 me
540 1722 596 1765 um
617 1722 654 1765 ac
668 1722 706 1767 us
725 1721 760 1765 es
878 1721 900 1763 x
997 1721 1032 1764 es
1070 1722 1092 1764 u

70 1782 138 1847 ratio
159 1784 303 1851 absentis
328 1786 472 1853 Caesaris
495 1786 531 1851 in
609 1786 708 1852 itione
733 1784 914 1852 consulatus
938 1783 1109 1851 haberetur

71 1866 203 1936 inritoet
217 1872 460 1939 contradicente
479 1870 527 1940 M
573 1885 676 1939 atone.
722 1871 893 1938 Praeterea
908 1893 959 1937 res
1088 1894 1109 1937 a

74 1954 247 2058 GCaesare
276 1958 429 2025 adversus
455 1957 576 2037 Gallos,
600 1960 658 2047 qui
680 1981 739 2045 pro
803 1957 953 2057 universi,
987 1958 1109 2059 ‘ercin-

74 2125 741 2220 ...
764 2128 1110 2218 ..ω

75 2231 169 2294 gome
183 2216 417 2284 Arvernorum.

524 2557 648 2626 cvm.

83 2723 113 2790 C.
124 2725 310 2796 CAESAR
327 2725 515 2795 GALLOS
528 2728 571 2795 od
584 2727 726 2794 Alesiam
742 2729 827 2806 vicit,
843 2749 1017 2817 omnesque
1035 2729 1113 2796 Gat-

81 2807 129 2876 liae
142 2814 295 2894 ciritaes,
311 2837 392 2902 quae
407 2815 443 2879 in
457 2815 551 2882 armis
565 2815 700 2894 merant,
715 2815 750 2879 in
765 2813 963 2882 deditionem
980 2817 1111 2918 occepit.

84 2893 259 2983 0.0essius,
288 2915 436 2988 quaestor
461 2901 509 2968 Μ.
528 2900 645 2979 Crassi,
672 2901 818 2981 Parthos,
867 2901 902 2967 ui
926 2901 962 2967 in
988 2901 1114 2992 Syrmm

84 2987 338 3068 transcenderant,
361 2986 485 3054 cecidit.
530 2987 571 3054 In
613 2987 746 3054 etitione
765 3010 803 3053 co
895 3000 945 3054 tus
967 2987 1015 3054 Μ.
1031 2988 1115 3056 Cato

129 3071 222 3141 uisam
245 3073 334 3152 tulit,
356 3074 469 3140 crectis
492 3095 568 3140 cons
604 3074 611 3088 '
636 3096 674 3140 us
699 3072 766 3140 Ser.
784 3073 841 3140 Sui
864 3075 936 3153 icio,
960 3073 1009 3142 M.
1026 3073 1115 3144 Mar·

84 3173 114 3220 ce
133 3180 158 3224 o.
201 3161 241 3228 C.
257 3159 378 3228 Caesar
400 3158 585 3227 Bellovacos
607 3183 681 3226 cum
704 3159 774 3226 aliis
798 3159 830 3226 G
873 3183 964 3227 orum
989 3161 1116 3252 populis

86 3238 199 3312 domuit.
245 3248 419 3314 Praeterea
436 3248 656 3313 contentiones
674 3247 760 3311 inter
778 3247 923 3313 eonsules
936 3246 978 3312 de
992 3269 1116 3313 succes·

87 3345 142 3394 tore
165 3331 202 3398 C.
217 3333 351 3400 Caesari
372 3332 540 3412 mittendo,
565 3344 679 3420 agente
703 3332 738 3396 in
761 3346 874 3399 senato
897 3332 946 3399 Μ.
959 3331 1116 3399 Marcello

88 3417 209 3509 tonsule,
225 3433 265 3486 ut
280 3419 400 3485 Caesar
413 3418 454 3484 od
468 3419 658 3507 petitionem
672 3418 854 3486 consulatus
868 3419 1000 3496 veniret,
1015 3441 1117 3505 quum

89 3518 111 3560 ²⁵
125 3499 187 3591 ΙΨ
205 3505 271 3572 leta
293 3507 329 3571 in
353 3517 478 3656 temssus
500 3505 682 3572 consulatus
699 3504 878 3593 provincias
896 3504 1039 3570 obtinere
1062 3503 1118 3568 de-

90 3582 172 3668 beret,
184 3614 298 3679 resque
314 3614 334 3656 a
348 3589 396 3656 M.
439 3591 527 3657 ibulo
541 3591 576 3658 in
593 3589 684 3680 Syria
697 3603 801 3678 gestas
814 3590 965 3655 continet

554 4021 646 4088 CIX.

97 4175 266 4280 CAUSAE
286 4185 427 4258 civilium
446 4211 605 4258 armorum
625 4202 659 4256 et
676 4188 768 4255 initia
786 4191 975 4271 referuntur,
990 4205 1122 4260 conten·

98 4279 241 4363 nonesque
271 4278 312 4344 de
343 4300 520 4344 successore
551 4279 587 4344 C·
610 4277 739 4343 Caesari
767 4277 1060 4430 mittendg‚2quum
1089 4302 1124 4344 ae
