2934 4800
377 234 473 301 LIB.
497 233 606 300 XLII.
641 233 752 301 CAP.
779 238 828 302 17.
1005 220 1008 230 ’
1075 237 1134 312 53,

68 383 147 434 tem.
197 369 254 434 Ad
275 373 389 458 corpus
411 373 494 459 rep's
516 373 619 461 primo
642 373 745 450 amici,
769 372 892 438 deinde·
908 371 1057 456 satellites
1074 364 1117 435 ¹ac
1127 389 1203 440 uc.
1218 391 1273 453 580·

66 457 155 522 servi
178 475 416 536 concurrerunt,
435 459 582 524 tollentes
603 459 741 546 sopitum
754 459 885 524 vulnere
900 481 937 523 ac
950 458 1031 522 nihil
1045 480 1117 522 sen·
1128 457 1157 504 A.
1173 456 1203 505 0·
1221 464 1274 516 17⁵·

67 544 219 608 tientem.
266 543 382 610 Vivere
398 559 505 610 tamen
518 568 560 611 ex
574 547 676 611 calore
696 559 730 610 et
748 546 860 634 spiritu
881 557 1065 610 remanente
1082 545 1117 622 in
1125 558 1225 621 Sopitus

67 630 268 716 praecordiis
279 644 462 708 senseruut3
481 632 638 697 victurum
653 632 769 720 exigua
782 655 818 697 ac
832 655 931 719 prope
946 631 1033 696 nulla
1046 653 1117 718 spes
1125 623 1226 698 vulnera

65 729 149 782 erat.
206 716 347 792 Quidam
375 741 416 782 ex
446 719 640 797 satellitibus,
664 719 765 784 secuti
792 718 951 784 latronum
976 718 1117 804 vestigia,
1125 687 1258 808 tollam:

68 825 175 890 quum
198 825 300 890 usque
322 804 364 870 ad
385 805 495 891 iugum
511 805 649 883 Parnasi,
665 806 878 892 nequicquam
899 805 1030 892 fatigati,
1045 827 1118 891 per·

68 890 248 967 venisent,
271 913 305 954 re
330 891 448 956 infecta
472 891 642 957 redierunt
689 893 840 979 Aggressi
863 892 984 956 facinus
1008 890 1119 955 Mace-

69 975 186 1053 dones,
203 990 241 1040 ut
255 977 442 1054 inconsulte,
458 978 503 1042 ite
516 973 674 1055 audacter,
689 993 839 1066 coeptum
853 1000 914 1043 ncc
928 978 1070 1043 consulte
1085 991 1119 1042 et

69 1062 188 1126 timide
212 1063 419 1149 reliquerunt.
466 1063 657 1152 Compotem
678 1065 741 1130 iam
760 1066 808 1130 sui
827 1087 933 1152 regem
952 1065 1044 1129 amici
1059 1087 1119 1152 po-

71 1163 159 1214 stero
174 1149 228 1214 die
245 1147 392 1232 deferunt
411 1149 453 1214 ed
467 1173 596 1216 navem:
621 1151 696 1216 inde
713 1151 923 1216 Corinthum:
947 1152 987 1216 ab
1003 1151 1119 1216 Corin·

72 1236 139 1311 tho,
161 1258 221 1322 per
246 1235 359 1300 Isthmi
384 1238 494 1324 iugum
516 1238 647 1302 mribus
669 1238 830 1315 traductis,
852 1238 884 1301 A
926 1239 1010 1302 'nam
1031 1237 1119 1302 traii-

72 1323 174 1388 ciunt.
222 1321 275 1386 Ibi
299 1323 378 1388 adeo
404 1337 524 1388 secreta
548 1325 617 1390 eius
642 1325 762 1389 curatio
786 1323 856 1401 fuit,
880 1261 1119 1389 :dmimntibm

72 1410 251 1486 neminem,
266 1423 303 1474 ut
321 1410 405 1474 fama
426 1424 585 1475 mortuum
603 1412 637 1475 in
653 1411 763 1475 Asiam
786 1409 945 1496 perferret.
991 1409 1120 1474 Attalus
1128 1433 1223 1483 eonve-

99 1518 206 1646 upique
214 1496 365 1646 1qelerius,
378 1519 473 1582 quam
487 1497 621 1648 dignuprr
635 1497 806 1596 concordia
817 1497 955 1646 frqterna
964 1510 1040 1596 erat,
1053 1497 1219 1560 cre-Mt·-

148 1597 170 1646 t.
251 1605 304 1646 am
323 1597 446 1648 etcum
466 1607 564 1648 uxore
616 1597 672 1648 atrr
718 1596 752 1648 et
794 1605 847 1647 rae
859 1596 930 1648 ecto
952 1605 1016 1647 arcr
1049 1598 1121 1647 tan-

78 1691 176 1756 quam
200 1669 264 1734 iam
290 1669 377 1734 haud
399 1670 514 1735 dubius
538 1671 627 1758 regni
652 1605 754 1746 hd'res,
771 1606 824 1734 ist
845 1669 975 1734 locutus.
1017 1630 1119 1745 'Quae
1231 1719 1235 1729 .

78 1771 188 1842 postea
208 1778 274 1820 non
296 1755 434 1821 fefellere
450 1756 645 1822 Eumenem:
670 1771 712 1834 et,
728 1779 910 1848 quanquam
924 1755 1119 1822 dissimulare

53 1858 109 1916 oet
124 1843 221 1907 tacite
236 1841 353 1907 babere
375 1842 409 1906 id
430 1843 559 1930 patique
582 1857 741 1922 statuerat,
757 1844 912 1921 tamenin
927 1843 1029 1930 primo
1044 1867 1120 1908 con-

163 1952 187 1992 u
207 1952 273 1993 non
294 1930 490 2016 temperavit,
505 1931 584 2017 quin
598 1931 705 1996 uxoris
718 1930 875 2017 petendae
890 1944 1120 2018 praematuram

90 2015 313 2080 estinationem
338 2016 426 2080 fratri
450 2016 608 2082 obiiceret
655 2017 791 2081 Romam
814 2039 942 2104 quoque
971 2016 1055 2081 fama
1078 2016 1120 2082 de

78 2115 181 2166 morte
198 2101 353 2188 Eumenis
367 2103 487 2190 perlata
500 2117 556 2169 est.
1185 2170 1187 2173 .

124 2187 193 2254 Sub
208 2187 295 2252 idem
310 2203 435 2276 tempus
448 2189 486 2254 C.
498 2189 645 2255 Valerius
658 2213 700 2255 ex
713 2189 858 2268 Graecia,
873 2190 929 2277 qui
944 2190 954 2253 l
1015 2203 1066 2255 tus
1079 2189 1121 2253 ad
1169 2191 1228 2255 '17.

78 2275 249 2340 visendum
263 2289 379 2342 statum
398 2277 538 2363 regionis
550 2277 618 2341 eius
631 2276 884 2364 speculandaque
899 2299 986 2341 consi
1000 2278 1029 2340 'a
1043 2275 1121 2340 Per-

77 2362 125 2427 sei
145 2362 231 2450 regis
252 2362 364 2428 missus
383 2378 459 2441 erat,
474 2363 586 2439 rediit3
610 2363 881 2451 congruentiaque
896 2363 1003 2428 omnia
1016 2363 1272 2429 ommi-Induere

81 2450 176 2513 nibus
200 2448 241 2514 ab
261 2448 406 2514 Eumene
431 2450 532 2516 allatis
555 2451 717 2516 referebat.
766 2450 867 2515 Simul
890 2464 922 2514 et
948 2444 1246 2556 addurteratltfl'ssfa‘dt

80 2559 191 2601 secum
206 2535 311 2601 Praxo
331 2560 350 2601 a
369 2536 515 2623 Delphis,
530 2538 620 2603 cuius
639 2537 752 2602 domus
773 2535 1006 2623 receptaculum
1028 2536 1123 2600 latro-
1130 2523 1249 2621 ffltu,

82 2645 161 2686 num
176 2622 289 2700 fuerat,
304 2636 337 2688 et
351 2623 389 2689 L.
404 2623 586 2689 Remmium
603 2623 842 2699 Brundisinum,
858 2624 915 2710 qui
929 2622 1123 2701 talisindicii

83 2708 207 2773 delator
228 2724 302 2773 erat.
348 2710 501 2797 Princeps
521 2710 681 2775 Brundisii
699 2710 864 2775 Rammius
884 2710 964 2787 fuit3
987 2710 1236 2797 hospitiopffl,

80 2818 217 2882 quoque
241 2808 274 2860 et
296 2796 393 2872 duces
418 2796 579 2862 Romanos
604 2820 723 2875 omnes,
747 2814 780 2862 et
803 2796 925 2883 legatos
945 2811 1123 2862 exterarum
1132 2818 1257 2878 perrona

62 2888 214 2969 rquoque
230 2883 374 2969 gentium
389 2883 536 2970 insignes,
548 2884 716 2971 praecipue
731 2884 842 2970 regios,
858 2884 1039 2971 accipiebat.
1072 2882 1124 2947 Ex
1132 2868 1188 2982 ἓξὲξ*
1190 2882 1262 2980 0⁸⁰2:
1354 2880 1363 2889 ’

84 2992 124 3033 eo
145 2968 259 3033 notitia
280 2970 310 3033 ei
328 2992 401 3035 cum
423 2971 551 3036 absente
572 2971 688 3035 Perseo
709 2970 829 3035 luerat:
853 2970 1013 3057 literisque
1035 2992 1123 3057 spem
1132 3001 1172 3043 m,
1181 2995 1208 3043 in

84 3055 243 3120 amicitiae
268 3056 424 3121 interioris
447 3080 643 3145 magnaeque
666 3056 741 3121 iude
763 3057 905 3121 fortunae
926 3057 1124 3133 facientibus,
1133 3060 1231 3147 Rom..

84 3142 125 3205 ad
149 3164 259 3229 regem
282 3143 450 3229 profectus,
471 3144 559 3208 brevi
584 3142 798 3231 perfamiliaris
822 3143 940 3216 haberi,
967 3144 1124 3293 trahique,

85 3228 187 3315 magis
202 3252 297 3315 quam
312 3230 416 3306 vellet,
432 3230 466 3293 iu
481 3252 610 3295 arcanos
628 3254 787 3295 sermones
801 3244 848 3295 est
862 3243 1001 3316 coeptus„
1075 3252 1126 3293 ro·

85 3315 190 3379 missis
211 3316 296 3379 enim
317 3316 500 3403 ingentibus
516 3317 668 3403 praemiis
689 3334 797 3404 petere
818 3317 933 3381 institit
951 3318 990 3380 ab
1005 3338 1043 3380 eo
1058 3338 1124 3391 rex,

87 3401 275 3476 ‘Quoniam
299 3402 397 3468 duces
420 3425 531 3467 omnes
552 3403 710 3490 legatique
736 3404 874 3467 Romani
900 3402 1035 3487 hospitio
1059 3402 1127 3464 eius

63 3496 97 3552 2‘
110 3488 157 3552 uti
172 3503 357 3566 assuessem,
373 3489 488 3576 quibus
506 3512 614 3555 eorum
634 3490 702 3577 ipse
722 3489 903 3574 scripsisset,
918 3500 955 3551 ut
968 3508 1127 3550 venenum

88 3573 251 3639 ‘dandum
275 3590 407 3640 curaret
453 3576 553 3641 Cuius
578 3577 657 3641 scire
680 3598 713 3639 se
740 3574 1005 3660 comparationem
1030 3572 1128 3659 pluri·

89 3670 201 3725 ‘mum
220 3660 413 3727 difficultatis
438 3675 472 3727 et
496 3663 627 3750 periculi
657 3662 781 3726 babere.
827 3659 976 3724 Pluribus
996 3659 1128 3744 consciis

65 3749 303 3849 3‘comparari:
326 3763 445 3815 eventu
462 3762 626 3837 praeterea
646 3750 767 3814 incerto
784 3770 862 3823 esse,
877 3760 915 3810 ut
927 3759 982 3811 aut
996 3746 1069 3811 satis
1083 3748 1129 3811 ef-

90 3836 221 3900 ‘ficacra
243 3834 285 3899 ad
308 3857 375 3900 rem
400 3836 622 3924 peragendam,
645 3850 700 3901 aut
723 3848 792 3899 tuta
815 3833 856 3899 ad
878 3855 945 3898 rem
965 3833 1130 3899 celandam

122 4091 138 4139 9
157 4076 238 4123 Tacite
254 4074 354 4135 bodera]
385 4076 494 4123 Tacitum
509 4075 598 4123 habere
663 4075 787 4133 sonibus
801 4077 897 4137 eorum]
924 4090 957 4123 sc.
970 4074 1008 4123 Ut
1022 4072 1051 4120 iis
1061 4088 1132 4120 rene

90 4139 222 4202 legendum
233 4137 332 4187 coniicit
343 4138 566 4187 Drakenborchiu'a
629 4152 689 4186 num
706 4139 814 4187 dandum
830 4144 933 4197 curaret,
946 4139 1034 4199 quibus
1048 4152 1133 4184 eorum

129 4206 201 4252 113oe
221 4219 249 4253 eo
269 4204 358 4251 matta
377 4205 413 4264 el]
449 4202 512 4251 Inde
533 4217 598 4250 com·
631 4202 746 4264 clariipse
756 4202 896 4264 scripsisset.

89 4266 210 4316 mercium
224 4282 282 4315 cum
294 4266 479 4315 Perseol'uerat
498 4266 599 4314 cher·
663 4268 888 4326 3Satiaeffieacio]
906 4264 1061 4311 reverens.
1088 4264 1134 4309 Ce-

91 4332 186 4380 lleaut.
198 4332 221 4379 1.
234 4330 251 4379 i.
266 4344 287 4378 1.
302 4346 442 4393 quanquam
458 4332 518 4379 haec
534 4332 599 4379 later
630 4330 822 4379 terumalteraru
833 4345 883 4378 rem
895 4328 961 4375 delet
971 4324 1117 4374 Gronovius.

91 4412 135 4445 nos
146 4410 245 4456 nupera
254 4396 341 4443 marta
352 4394 477 4443 admodum
488 4401 531 4443 eat.
