2934 4800
458 232 679 294 INDEX.

86 361 143 410 33,
160 361 200 411 75
215 353 247 398 et
258 363 297 409 47.
312 349 352 410 38,
363 361 401 410 33.
418 352 505 410 quater
514 346 549 394 in-
583 346 711 409 Luscinus,
724 349 823 412 regulus
839 349 976 414 Hispanias
990 353 1089 402 ulterio-

60 413 151 460 urati
179 427 231 474 37,
253 425 291 476 77.
326 411 430 469 Scenici,
452 411 550 472 quando
613 412 646 460 ris
657 427 696 475 33,
709 429 747 462 7ι.

60 493 159 524 mum
187 477 314 536 instituti,
332 486 357 525 et
373 481 466 538 quare?
488 486 510 536 7,
526 489 548 522 a.
581 474 707 525 Lusitania
722 491 762 537 7ι,
776 492 814 539 43.
833 491 872 541 77,
883 494 921 528 so.
946 479 1087 530 Lusitaniae

60 558 71 588 r
99 541 291 602 quatriduum
315 541 419 603 primum
440 539 498 588 iacti
516 539 548 586 ab
612 547 758 600 monteses,
769 556 809 603 43.

60 606 179 653 dilibus
200 606 333 653 curulibus
349 620 387 666 74,
399 619 436 666 43.
456 603 548 664 magni-
581 604 692 654 Lusitani
704 606 835 655 vincuntur
844 623 861 655 a
872 609 900 655 P.
910 608 1025 656 Cornelio
1035 608 1087 658 Sei·

60 685 76 718 e
101 676 301 732 apparateque
316 667 459 730 facti31,4.
481 669 547 716 Tau·
611 669 918 730 pione,caesisduodecim
929 673 1037 720 millibus
1046 686 1086 734 35,

60 735 90 780 ia
108 748 160 796 39,
177 748 223 782 77.
246 735 360 782 ludorum
376 733 496 781 sollennia
511 732 546 780 in·
613 747 633 781 1.
656 736 762 783 caedunt
779 737 905 784 Romanos
919 746 959 796 37,
970 735 1009 795 46.
1031 737 1085 786 iisn-

60 797 167 856 mitti,
187 798 265 846 nefas
278 811 301 858 5,
313 813 333 846 r.
356 797 407 844 ludi
421 798 452 844 ab
463 796 546 844 aedili-
611 798 702 845 duntur
712 815 727 846 s
739 799 767 847 L.
778 800 885 848 Aemilio
897 799 995 857 Paullo,
1005 815 1086 850 caesa·

60 879 80 910 rs
96 879 138 910 ex
152 862 307 910 multaticia
322 861 426 925 pecunia
436 861 494 908 facti
508 875 546 916 10,
610 875 657 922 que
672 869 728 910 sunt
742 864 827 911 decem
843 870 868 912 et
882 871 937 911 octo
954 863 1033 913 millia
1047 879 1086 914 ar·

60 963 74 982 ,.
112 927 250 974 ludorum
271 941 344 974 causa
362 925 463 988 epulum
480 925 546 972 loris
609 931 729 974 matorum
742 941 781 988 37,
793 941 831 989 57.
850 934 875 975 et
886 943 929 976 sex
939 928 1044 976 millias
1054 929 1084 979 G.

60 1005 78 1048 ι,
95 1005 124 1038 a.
148 1002 197 1051 77,
214 987 255 1052 36.
275 1005 313 1054 79,
325 991 363 1050 38.
388 989 414 1037 in
430 989 495 1037 ludis
510 1004 546 1036 se·
610 989 694 1038 Atinio
711 997 822 1052 praetore
832 1005 921 1055 39,7ι.
942 993 975 1041 de
989 991 1085 1042 Lusita-

60 1054 151 1102 rtoria
172 1055 237 1102 loca
254 1060 347 1102 secreta
364 1069 380 1101 a
396 1053 489 1115 populo
508 1067 546 1114 34,
609 1053 648 1100 nis
663 1055 801 1116 triumphat
813 1055 842 1105 C.
855 1055 1004 1116 Calpurnius
1018 1053 1088 1116 Piso,

60 1136 79 1177 4.
105 1118 242 1166 ludorum
259 1125 380 1180 sumptus,
396 1133 481 1179 graves
496 1132 546 1164 non
611 1123 706 1178 praetor
717 1133 756 1177 47.
778 1119 808 1168 iis
823 1119 937 1178 subactis,
949 1120 1085 1183 triumphat

63 1184 125 1230 odo
139 1183 241 1230 Italiac
252 1197 282 1230 ac
293 1182 364 1230 sociis
376 1181 457 1230 Latini
468 1181 545 1230 nomi·
611 1181 641 1229 L.
651 1183 792 1231 Postumius
801 1184 907 1231 Albinus
919 1198 958 1242 41,
968 1197 982 1244 3
993 1191 1020 1232 et
1032 1198 1069 1233 ιι.

60 1249 90 1304 ζει,
111 1247 164 1294 sed
187 1245 268 1320 etiam
287 1245 416 1308 provinciis
431 1245 545 1319 externis,
578 1244 701 1294 Lustrntio
718 1247 839 1296 exercitus
851 1247 919 1310 apud
934 1248 1086 1298 Macedonas

60 1304 546 1448 igffiiingltiriirilissrpiiiffniiilielgrii
579 1309 693 1422 Laisiisia
707 1377 764 1423 urbs
775 1387 815 1437 35,
825 1391 848 1440 9.
870 1376 999 1424 lustratum
1015 1375 1085 1439 oppi-

60 1439 155 1486 rsania
175 1451 200 1500 7,
218 1453 241 1488 7.
267 1439 319 1486 ludi
338 1453 443 1500 pnmum
461 1437 492 1496 de
509 1452 545 1485 m-
609 1439 668 1486 dum
679 1453 719 1500 47,
732 1454 770 1488 7ο.

60 1510 124 1551 crta
143 1504 257 1566 pecuma
275 1502 324 1550 voti
339 1516 378 1562 3ι,
391 1517 414 1567 9.
437 1503 498 1562 ludi,
509 1502 544 1549 in·
577 1500 966 1565 Lustrum‚propter0spitolium
974 1508 1084 1564 captum,

60 1583 123 1614 issu
136 1571 243 1615 senatus
253 1566 310 1626 voti,
319 1581 368 1614 non
379 1566 440 1614 fiunt
448 1567 479 1615 de
488 1580 544 1614 aere
609 1571 634 1614 et
644 1567 751 1615 occisum
762 1569 896 1626 consulem,
907 1566 979 1616 condi
990 1567 1084 1630 religio-

64 1631 163 1678 ublico
184 1629 226 1692 36,
243 1629 284 1692 36.
309 1629 437 1692 pontifices
455 1633 545 1692 negant
608 1645 661 1679 mm
678 1637 715 1679 est
732 1646 756 1693 3,
771 1645 807 1680 ss.
830 1633 907 1680 lustra
922 1632 989 1679 varia
1007 1646 1029 1691 1,
1044 1629 1087 1691 44.

60 1695 188 1743 ιειιιιιοτο
198 1696 232 1743 ad
243 1693 394 1756 religionem,
400 1699 493 1756 quanta
499 1694 544 1742 im·
609 1708 633 1755 3,
645 1709 659 1757 3
671 1700 697 1743 et
709 1710 747 1754 74.
767 1710 805 1751 ιο,
815 1710 831 1759 9
842 1701 867 1744 et
878 1706 916 1756 47.
937 1710 977 1756 74,
988 1708 1026 1756 43.
1045 1707 1084 1758 77,

60 1775 141 1807 »ensa
151 1759 207 1808 ludi
220 1759 281 1807 liant
293 1773 332 1822 39,
344 1771 366 1819 5.
383 1759 454 1806 ludos
464 1759 496 1806 ob
506 1773 545 1806 res
609 1757 647 1820 36.
666 1771 753 1824 7937.
769 1772 809 1820 35,
817 1774 840 1824 9.
857 1760 896 1821 38,
904 1757 942 1820 36.
958 1773 998 1818 4ι,
1007 1773 1030 1808 7.
1044 1772 1085 1820 47,

60 1838 126 1872 rene
145 1828 235 1886 gestas
246 1823 344 1884 quando
361 1823 466 1885 primum
477 1837 543 1870 coro·
611 1837 646 1872 ιο.

60 1887 114 1936 rati
128 1887 296 1949 spectaverint
307 1901 344 1944 ιο,
356 1897 394 1948 47.
579 1886 702 1946 Lutarius,
714 1887 844 1936 Gallorum
855 1889 953 1950 regulus
962 1888 1002 1949 38,
1016 1885 1052 1937 16.
1090 1913 1097 1926 ·

60 1951 97 2000 di
114 1951 244 2000 literarum
261 1950 286 1998 in
304 1951 410 1999 tabernis
422 1951 446 2000 in
458 1951 511 1999 foro
522 1964 546 2012 3,
578 1951 610 2000 O.
619 1950 742 2011 Lutatius,
757 1951 868 2000 tnumvir
883 1951 993 2000 coloniae
1009 1952 1084 2001 dedu·

60 2033 103 2076 44.
126 2021 241 2078 strepunt
254 2013 400 2063 dimeutium
412 2015 511 2064 vocibus
521 2013 546 2074 6,
610 2017 702 2064 candae
714 2032 731 2064 a
742 2016 810 2064 Boiis
821 2016 1033 2078 comprehenditur
1044 2029 1084 2074 ιι,

60 2091 103 2140 25.
611 2090 649 2140 75.
671 2089 727 2141 post
743 2078 975 2128 sextumdecimum
991 2093 1084 2128 annum

60 2144 164 2192 diones
179 2159 210 2191 ex
228 2143 328 2192 Etruria
342 2141 415 2192 acciti
429 2154 452 2204 7,
464 2157 486 2191 s.
508 2143 544 2190 lu·
609 2143 724 2192 servitute
741 2144 856 2192 eximitur
870 2158 886 2193 a
902 2143 1013 2204 Servilio,
1027 2158 1073 2193 oon

60 2208 172 2256 dionum
203 2208 337 2256 connvalle
365 2208 545 2256 oblectamenta
608 2207 661 2256 sule
672 2222 712 2269 3ο,
725 2223 762 2273 ι9.

60 2271 170 2334 quando
195 2271 283 2321 simum
291 2273 386 2321 Romae
394 2271 479 2320 addita
486 2285 545 2333 epu·
577 2271 624 2321 On.
633 2271 749 2321 Lutatius
759 2273 838 2323 Cerco
848 2287 888 2331 47,
898 2270 922 2321 6.

60 2339 96 2384 lis
110 2287 194 2401 396)
578 2335 612 2392 Q.
624 2336 739 2386 Lutatius
752 2338 837 2386 Cerco.
864 2351 894 2386 eo
911 2337 1019 2396 consuls,
1035 2351 1083 2398 pas

60 2418 110 2449 rna
132 2416 223 2463 pernox
240 2415 279 2462 37,
297 2416 333 2450 ιι.
356 2402 429 2449 lunae
448 2399 545 2448 defectu
610 2402 669 2451 data
679 2402 920 2464 Carthaginiensibus
930 2415 970 2462 3ο,
981 2417 1020 2460 44.

63 2464 181 2527 crepitus
189 2464 250 2513 aeris
260 2471 332 2513 noste
343 2465 430 2513 silente
442 2464 498 2513 cieri
509 2480 545 2513 so·
579 2466 664 2514 Luxus
679 2468 785 2515 Romam
801 2467 912 2515 insectus
927 2466 959 2513 ab
974 2464 1083 2513 exercitu

67 2533 107 2579 let
120 2526 161 2585 76,
170 2542 190 2589 5.
207 2530 278 2577 lunae
288 2528 386 2591 eclipsis
397 2528 546 2591 praedictae
610 2530 718 2579 Asiatico
729 2544 770 2594 39,
780 2528 803 2578 6.
814 2530 883 2579 chet
893 2545 967 2591 34,4.
987 2529 1084 2577 Romae

66 2596 101 2645 C.
116 2593 225 2654 Sulpicio
244 2594 327 2651 Gallo,
345 2593 400 2641 trib.
417 2592 489 2641 milit.
506 2609 546 2652 44,
610 2600 734 2642 coercetur
744 2610 760 2642 a
770 2593 934 2654 censoribus3
969 2608 1008 2651 44.

70 2672 112 2721 37.
132 2657 216 2705 Lunae
225 2658 297 2706 aedes
307 2672 347 2717 4ο,
358 2671 380 2705 7.
577 2658 750 2720 Lycaoniam,
758 2669 796 2718 54.
813 2659 917 2706 donatur
952 2655 1034 2705 ameni
1043 2655 1074 2718 38

61 2740 125 2781 una,
138 2722 191 2769 urbs
202 2734 239 2785 39,
251 2736 287 2770 7ι.
304 2736 345 2782 4ι,
359 2732 394 2783 ι7.
411 2734 451 2781 43,
465 2736 501 2770 ιι.
608 2734 646 2785 39.

61 2801 132 2899 urim
144 2792 223 2846 portus
233 2798 270 2847 34,
282 2786 305 2834 8.
321 2799 360 2849 39,
373 2800 401 2833 7ι
414 2790 439 2835 et
450 2799 488 2845 37.
505 2798 544 2847 34,
578 2786 687 2849 Lyceum
699 2786 804 2836 Athenis
818 2786 944 2835 incessum
959 2802 976 2834 a
989 2784 1083 2847 Philip

93 2888 99 2898 .
627 2866 641 2898 o
672 2865 718 2908 ι,7

62 2928 185 2963 nincnsem
204 2928 285 2975 agrum
306 2914 489 2977 depopulantur
505 2912 545 2961 Li·
579 2864 675 2977 spinis
685 2868 743 2965 Paii
754 2930 775 2973 ι,
786 2930 808 2979 5.

75 2992 152 3043 gures
165 2992 200 3039 34,
211 2976 247 3037 36.
269 2976 419 3026 Lunensium
436 2984 462 3026 et
479 2976 546 3026 Pisa·
579 2980 656 3041 Lycia
668 2992 708 3040 33,
723 2994 808 3044 ι9,4ι.
825 2992 865 3042 37,
878 2992 915 3041 15.
937 2979 1029 3042 Lyciae
1044 2994 1083 3029 cs·

78 3056 167 3091 norum
186 3042 215 3090 de
237 3042 299 3103 agris
323 3041 484 3091 controversia
505 3054 545 3102 45,
610 3049 663 3105 put,
675 3044 772 3103 Patara,
782 3044 841 3093 ihid.

82 3120 123 3167 ι3.
578 3106 648 3169 Lycii
667 3107 713 3155 fusi
732 3108 859 3169 fugatique
875 3124 891 3156 a
907 3106 1027 3157 Romanis
1043 3118 1083 3168 37,

62 3185 127 3233 .upa
151 3184 259 3217 mammas
284 3170 394 3218 Romulo
417 3174 444 3218 et
464 3170 545 3218 Remo
612 3168 647 3218 ι6.
670 3171 780 3219 attributi
797 3171 902 3219 Rhodiis
913 3172 953 3231 38,
965 3184 1003 3234 39
1025 3184 1082 3231 que·

83 3233 311 3297 praehetetlingua
327 3248 415 3296 pueros
424 3232 511 3281 lambit
525 3248 546 3291 ι,
583 3270 586 3277 r
609 3239 694 3283 nmtur
712 3234 745 3283 de
765 3235 910 3284 crudelitate
929 3234 1082 3282 Rhodiomm

84 3316 113 3359 4.
142 3297 257 3346 simulacra
277 3298 417 3355 infantium,
438 3298 545 3346 condito·
610 3313 650 3357 41,
663 3312 699 3347 ιο.
723 3304 843 3347 vexantur
857 3299 924 3345 bello
934 3299 966 3346 ab
977 3296 1083 3345 Rhodiis

86 3378 142 3411 rurn
152 3362 217 3420 urhis,
225 3363 267 3411 sub
278 3362 392 3411 ubenhus
404 3361 489 3423 Lupae
504 3376 545 3423 po
610 3375 649 3423 3ο.
666 3362 781 3411 iubentur
790 3378 842 3411 esse
852 3361 922 3410 liberi
933 3378 973 3421 44,
982 3372 1020 3421 ι5.

87 3428 135 3475 sita
148 3439 180 3484 ιο,
190 3439 223 3486 73.
580 3425 730 3489 Lychnidus,
746 3427 874 3491 oppidum,
884 3426 981 3489 capitur
994 3436 1033 3487 77,
1043 3438 1083 3487 37.
1174 3433 1178 3443 ·

63 3491 175 3553 Lupercal
187 3504 206 3548 ι,
216 3500 235 3551 5.
610 3490 641 3539 ci.
653 3498 678 3541 et
689 3505 728 3553 33,
740 3505 779 3553 34.
796 3505 836 3553 43,
846 3505 871 3555 9,
884 3505 913 3539 ιο
923 3495 949 3539 et
961 3503 998 3539 7ι.

63 3560 145 3617 Lupus
159 3554 224 3603 Marti
238 3553 347 3617 proprius
363 3567 400 3612 ιο,
414 3564 451 3615 77.
475 3553 547 3615 lupus
580 3553 704 3617 Lyciscus,
715 3557 858 3604 Aetolorum
876 3560 973 3617 praetor
989 3568 1029 3613 47,
1045 3553 1083 3615 38.

93 3620 119 3669 in
134 3618 207 3667 Gellia
221 3618 281 3680 vigili
298 3618 416 3680 gladium,
430 3633 445 3665 e
461 3616 548 3679 vagisa
612 3630 651 3679 45,
663 3620 701 3667 78.

94 3688 191 3744 raptum,
203 3682 296 3731 abstulit
312 3696 351 3741 7ι,
361 3679 400 3731 67.
422 3682 497 3743 lupus
512 3680 547 3728 in·
580 3682 648 3745 Lyco
659 3682 780 3742 Achaeus,
794 3683 931 3745 praefectus
941 3683 1084 3731 Aetolorum

95 3752 141 3794 tmt
151 3746 301 3794 Romanorum
314 3744 548 3807 casuaevsditque,
611 3752 637 3795 et
659 3748 807 3795 Boeotorum
827 3747 854 3795 in
874 3746 956 3796 Persei
976 3745 1085 3795 exercitu

97 3808 185 3859 laruatis
194 3810 269 3867 obviis,
282 3810 390 3858 intactus
400 3824 439 3866 7ι,
450 3807 488 3870 46.
510 3808 547 3857 lu·
611 3826 651 3871 47,
662 3824 700 3872 51.

99 3889 142 3937 pus
150 3880 210 3923 nocte
220 3880 308 3937 portam
316 3874 419 3935 Capuae
429 3874 548 3935 ingressus
580 3874 706 3937 Lycortas,
724 3874 956 3938 Megalopolitanus,
973 3873 1086 3937 princeps

100 3937 168 3986 laniat
177 3938 259 4001 vigilem
269 3950 353 4000 77,37.
370 3939 443 4001 lupus
451 3938 547 3987 Romm
611 3939 739 4001 legationis
748 3939 902 3988 Achaeorum
916 3938 1086 3987 adRomams

101 4002 198 4064 73117777,
207 4018 255 4051 cum
271 4007 341 4065 porta
351 4002 451 4051 collina
463 4001 548 4050 intras·-
612 4004 652 4064 38,
663 4016 700 4065 37.
717 4010 815 4065 praetor
824 4003 988 4062 Achaeorum,
1000 4000 1086 4050 indicit

102 4072 144 4123 set,
157 4065 289 4129 ilsquihram
305 4081 394 4128 magno
409 4070 547 4115 οοιιιοοιιιιι-
612 4066 742 4117 concilium
754 4080 841 4181 3995.
857 4066 1084 4129 eimsdAp.Olau·

103 4130 157 4178 tium
173 4132 265 4179 mmultu
284 4130 361 4179 evasit
377 4144 417 4190 41,
436 4145 445 4178 ι
450 4143 472 4191 3.
495 4129 548 4193 lupi
612 4131 794 4193 diumoratiog
811 4167 819 4181 .

105 4195 165 4243 ferrei
181 4195 203 4243 in
221 4200 383 4258 oppugnantes
404 4196 489 4243 urbem
512 4194 547 4243 in·
580 4195 686 4259 Lycurgi
696 4196 834 4257 droerphns,
843 4194 884 4243 cui
894 4210 939 4257 per
947 4194 1085 4258 septingen-

107 4258 155 4306 iecti
171 4260 203 4318 78,
219 4273 236 4319 3.
261 4260 373 4321 luporum
392 4258 548 4307 simulacrum
612 4266 650 4308 tos
665 4274 745 4309 annos
755 4264 912 4309 emeramni
924 4258 1085 4309 Mune

111 4336 143 4379 n,
155 4336 170 4370 ι.
614 4324 895 4424 nii.nbmnu138.2n
911 4338 951 4388 ιι,
962 4338 992 4385 3³
1004 4331 1029 4373 et
1040 4335 1078 4385 ιι·
