2934 4800
340 231 529 298 FRANC.
565 231 851 300 GOELLERL
1059 241 1124 304 329

101 367 281 434 Numerus
305 368 457 436 librorum
483 370 589 436 minus
614 381 698 434 recte
722 369 889 434 indicatus.
935 367 1014 434 Non
1039 370 1123 438 inest

61 456 199 518 omnino
223 455 306 521 liber
326 457 509 535 xxxtx.,
524 478 629 544 neque
653 454 732 522 liber
747 456 953 523 xxxvtlt.
968 455 1051 523 ultra
1069 480 1123 524 oa·

61 540 134 626 pitis
150 546 211 607 46.
232 557 355 630 partem
377 542 590 608 continuatur.
637 541 783 608 Dubium
827 541 909 620 lane,
924 565 965 608 sn
986 567 1060 631 pers
1076 545 1120 611 A.

61 629 110 692 vel
122 629 313 715 antiquitus
326 628 398 716 plus
412 629 615 708 continuerit,
630 651 726 716 quam
747 563 908 716 hodieque
925 630 960 694 in
977 653 1017 696 ea
1029 651 1122 719 repe·

62 715 149 792 ritur,
168 717 330 802 quoniam
344 729 540 803 postremum
555 716 623 780 eius
642 715 740 802 pertis
752 714 875 794 folium,
890 716 968 782 item
982 717 1121 804 primum

63 799 175 866 folium
197 803 302 889 partis
319 802 357 866 B.
374 801 520 867 sordibus
541 817 605 868 tam
624 802 727 879 foeda,
742 802 837 868 tineis
855 825 966 890 peresa
984 817 1069 882 simt,
1083 817 1122 872 ut

62 887 152 952 tacite
182 888 395 974 intelligam,
418 888 525 954 multis
551 889 642 954 annis
667 901 752 966 ante,
774 911 871 974 quem
897 913 917 954 a
940 890 1121 980 bibliopego

64 996 127 1038 uno
150 975 324 1040 volumine
347 975 465 1040 coniun
507 989 627 1052 rentur,
650 974 713 1040 illis
736 975 820 1042 foliis
841 975 972 1042 alteram
996 991 1121 1064 partem

62 1061 137 1143 (A.)
151 1063 298 1139 exitum,
313 1060 443 1126 alteram
458 997 530 1150 (ἲ.)
543 1062 671 1126 initium
686 1061 841 1128 habuisse.

104 1147 247 1214 Deinde
262 1171 333 1235 pars
349 1148 386 1214 B.
402 1171 468 1214 non
486 1147 587 1214 solum
605 1147 701 1214 libros
720 1147 796 1214 inde
809 1171 830 1214 a
842 1149 993 1214 vicesimo
1006 1151 1122 1250 quinto

64 1232 103 1296 ad
122 1235 342 1321 trigesimum,
357 1235 414 1300 scd
438 1235 566 1322 insuper
589 1249 692 1300 totum
712 1234 777 1300 fere
799 1235 916 1300 librum
934 1235 1122 1302 vicesimum

65 1335 221 1470 iffi-mm
229 1321 478 1474 fict⁰mp¹⁰itii⁰rl
503 1321 661 1474 l'blitenir‘n
687 1320 767 1420 ordo
790 1321 942 1421 librorum
971 1320 1120 1474 bigam-ti:

104 1429 203 1472 rum
289 1431 370 1474 aa
475 1431 583 1475 .1ro
813 1429 991 1483 nm03e11
1108 1445 1122 1459 ·

66 1493 180 1638 perimi
196 1495 304 1559 octavi
318 1430 421 1583 clipite
437 1422 813 1582 quadragesfflop
828 1493 868 1558 ln
883 1507 972 1581 parte
988 1492 1026 1558 B.
1039 1495 1123 1561 inest

79 1577 147 1642 iber
160 1581 335 1646 vicesimus
350 1595 482 1670 quartus
496 1595 619 1646 tantum
635 1603 700 1646 non
718 1581 843 1668 integer
861 1603 936 1646 eum
955 1603 1013 1646 sex
1033 1580 1122 1648 libris

68 1664 181 1732 ordine
194 1669 361 1768 proximis.

111 1749 269 1841 Denique
287 1752 442 1820 Grnffium
464 1754 555 1840 fugit,
578 1777 684 1841 neque
708 1775 773 1818 una
793 1766 907 1830 aetate,
929 1775 1035 1840 neque
1057 1777 1122 1820 nna

72 1857 167 1904 manu
183 1855 357 1928 utrumque
378 1841 494 1908 librum
514 1853 677 1906 exaratum
699 1862 776 1905 esse.
822 1839 901 1906 Para
914 1840 1001 1905 enirn
1018 1841 1071 1919 A„
1086 1841 1122 1906 ni

72 1925 169 1990 seculi
193 1928 237 1992 X.
252 1941 339 1992 certe
365 1927 425 1992 XI.
442 1943 500 2005 est,
520 1927 679 1992 iudicibus
702 1925 810 1991 multis
832 1927 879 1992 rei
898 1926 1121 2013 diplomaticae

112 2011 190 2078 ritis.
239 2013 424 2100 Eademque
439 2037 512 2101 pers
529 2013 667 2114 optimae
685 2025 779 2078 notae
794 2025 851 2090 est,
867 2012 902 2077 id
916 2013 1004 2100 quod
1017 2036 1121 2101 sparo,

86 2096 236 2164 iteratum
256 2099 423 2164 latinorum
444 2100 622 2165 amantibus
642 2099 702 2164 bac
721 2099 862 2164 editione
884 2100 1051 2186 probatum
1073 2101 1122 2166 iri.

78 2181 187 2250 Altera
200 2208 274 2274 pers
288 2185 360 2272 (B.)
374 2186 468 2273 longe
483 2187 640 2252 recentior
654 2198 712 2263 est,
725 2208 830 2273 neque
842 2186 888 2250 ita
901 2187 1003 2251 bonne
1018 2203 1121 2252 notae.

79 2265 140 2333 Sed
161 2295 249 2338 nuno
271 2273 402 2359 quidem
424 2273 520 2338 modo
542 2271 583 2338 de
608 2271 706 2360 priori
728 2271 822 2338 video
848 2272 927 2338 mibi
950 2272 1123 2338 dicendum

79 2375 149 2423 effi.

118 2442 158 2508 In
182 2459 273 2533 parte
297 2447 340 2511 A.
364 2444 481 2510 desunt
505 2444 600 2534 plene
626 2446 763 2523 numeri,
789 2445 908 2533 quibua
929 2444 1019 2521 ordo,
1045 2444 1125 2511 ordo

80 2527 254 2598 chartarum
277 2532 435 2597 indicatur
453 2530 665 2619 (Kustodent
688 2532 766 2597 item
788 2532 913 2596 numeri
937 2529 1124 2618 paginarum

81 2613 204 2684 indices
250 2619 392 2706 Paginae
413 2618 497 2683 binis
518 2616 674 2683 columnis
695 2617 873 2719 descriptae
892 2616 1049 2681 linearum
1068 2616 1125 2681 tri·

81 2722 227 2785 genarum
249 2720 445 2782 octonarum,
468 2706 527 2769 sub
550 2706 647 2769 finem
671 2704 744 2769 libri
767 2703 920 2791 trigesimi
943 2702 1046 2767 octavi
1069 2702 1125 2767 tri·

83 2810 226 2885 gennmm
253 2805 464 2879 septenarum.
510 2788 703 2879 Merginalia
727 2790 823 2855 etiem
847 2812 930 2877 quae
953 2802 1068 2853 vocent
1092 2802 1126 2855 et

83 2895 111 2937 111
180 2880 347 2943 unctiones
368 2878 581 2964 requiruntur.
628 2876 773 2942 Nomina
792 2876 920 2965 propria
940 2876 1039 2941 literis
1059 2898 1126 2941 ma·

85 2960 203 3029 iuscuis
228 2988 295 3030 non
322 2964 481 3066 insignite,
506 2964 567 3028 nisi
589 2986 669 3042 raro,
692 2963 781 3029 velut
803 2964 838 3028 in
860 2964 990 3029 nomine
1012 2960 1122 3029 VAR.

86 3044 203 3117 Literae
257 3074 362 3137 uoque
392 3049 529 3115 initiales
560 3051 674 3138 passim
703 3049 932 3115 desiderantur.
994 3048 1125 3115 chartis

85 3130 178 3202 lineae
192 3075 276 3227 stylo
290 3137 440 3203 inductae
455 3136 580 3223 (blinde
596 3135 739 3223 Linien).
775 3136 945 3203 Intervalla
958 3158 1067 3201 eurum
1082 3136 1124 3201 ed

87 3226 251 3311 marginem
266 3224 402 3289 subinde
421 3223 550 3311 ptmctis
568 3236 685 3288 notata
731 3222 847 3289 Forma
864 3223 938 3289 libri
953 3235 1011 3300 est,
1027 3244 1125 3310 quam

87 3309 418 3463 qfflttrpipsslgffi·
443 3396 573 3463 bilibri
596 3420 616 3460 a
638 3395 929 3495 b³b¹i⁰P⁰ss⁰.⁰‘?¹l⁰
953 3394 1025 3458 albo
1048 3394 1126 3495 tecti

88 3498 170 3577 ξαππς
193 3484 228 3549 id
252 3482 340 3572 quod
363 3494 503 3585 npperet,
524 3506 565 3549 ex
589 3483 745 3598 anteriore
769 3496 930 3632 tegpprutpts
1042 3502 1126 3557 ‚ctu

90 3582 499 3723 ipiiilriiiulfflssii
521 3569 676 3721 itit?
688 3567 795 3720 ille
917 3564 1126 3652 ΜΨ

124 3680 307 3832 illabitulum
323 3679 565 3830 Bambergeiise.
665 3678 687 3743 p

124 3828 161 3895 In
179 3843 270 3919 parte
288 3829 448 3918 tegiminis
467 3850 576 3894 eversa
596 3828 701 3919 clypei
720 3827 830 3891 insunt
843 3824 919 3901 duo,
942 3824 1020 3891 item
1041 3824 1128 3890 fron·

92 3912 171 3982 dibus
193 3917 300 3982 cincti.
352 3915 439 3981 Infra
460 3915 581 4017 positus
605 3928 653 3980 est
676 3936 779 3979 annus
802 3912 977 3977 MDCXl.
1025 3910 1128 3999 Super

92 4000 197 4091 clypeis
211 4004 357 4093 adpictae
372 4001 431 4068 hae
446 4002 575 4067 literae:

251 4169 954 4261 scu.so.r.12.pn.v.1<.n.n.

94 4355 113 4417 i.
121 4379 143 4421 e.
154 4354 318 4425 iohannes
330 4352 580 4441 Christophorus
591 4350 624 4418 N
627 4362 798 4418 eustaetter
811 4348 955 4416 Stiirmer
965 4346 1129 4424 Genannt,
