2934 4800
390 241 484 308 LIB.
509 241 618 308 XLIL
650 243 761 309 CAP.
788 250 837 310 12.
1091 253 1135 313 49

70 370 166 445 *non
194 379 238 456 vi,
261 401 327 443 non
349 378 435 456 dolo,
457 379 636 467 Philippus,
660 382 768 445 omnia
792 395 951 481 expertura,
977 368 1131 469 potuisset
1143 398 1176 448 U.
1186 398 1217 449 c.
1232 399 1289 460 psa

72 466 219 544 ‘moliri
242 465 430 531 admirando
455 487 560 530 rerum
585 489 731 532 successu
757 481 904 532 tenuisse.
950 464 1170 536 Accessisseb
1186 464 1218 514 ⁰·
1234 477 1289 525 ¹⁷²·

72 553 141 617 ‘ad
157 554 244 618 vires
258 575 339 630 eam,
355 575 436 640 quae
457 552 553 640 longo
568 565 719 640 tempore,
736 553 843 618 multis
862 555 1046 642 magnisque
1062 578 1130 622 rne-

72 640 170 704 ‘ritis
184 653 359 728 pareretur,
374 641 602 728 auctoritatem.
648 637 735 704 Nam
755 640 842 727 apud
858 640 1012 707 Graeciae
1031 657 1129 730 atque
1188 647 1237 708 12.

73 727 203 792 ‘Asiae
219 727 363 792 civitates
382 727 483 790 vereri
503 727 699 792 maiestatem
719 727 788 791 eius
807 750 926 794 omnes
972 727 1054 807 Nec,
1069 753 1128 818 pro

74 814 220 902 ‘quibus
240 813 370 891 meritis,
383 836 443 914 pro
458 836 522 899 qua
541 813 759 878 munificentia
779 827 902 879 tantum
917 815 948 879 ei
964 815 1128 893 tribuatur,

73 910 251 966 ‘cemere2
275 923 336 964 nec
358 900 463 964 dicere
485 923 543 988 pro
565 913 651 966 certo
672 923 774 987 posse,
794 915 902 966 utrum
923 901 1073 968 felicitate
1095 903 1130 967 id

73 996 85 1026 ‘
118 987 241 1052 uadum
257 988 325 1052 eius
345 985 476 1065 accidat,
492 1009 543 1063 an,
559 986 647 1073 quod
665 988 732 1074 ipse
750 1001 899 1053 vereatur
916 987 1033 1067 dicere,
1048 990 1132 1054 invi-
1192 1021 1195 1033 ·

74 1011 155 1140 ‘dia
170 1074 323 1139 adversus
339 1073 501 1139 Romanos
520 1073 658 1138 satorem
679 1073 725 1138 illi
738 1073 896 1140 conciliet
942 1073 1032 1142 Inter
1046 1077 1130 1164 ipsos

42 1191 60 1240 5
74 1171 235 1249 ‘quoque
251 1183 342 1248 reges
355 1161 517 1248 ingentem
537 1161 732 1238 auctoritate,
750 1160 876 1227 Seleuci
889 1161 987 1227 filiam
1001 1163 1131 1229 duxisse

75 1258 189 1326 ‘eum‚
205 1270 274 1312 nou
293 1261 466 1334 petentem,
487 1246 545 1312 sed
562 1247 698 1334 petitum
720 1247 820 1312 ultro:
844 1271 985 1314 sororem
1003 1250 1131 1315 dedisse

75 1335 238 1400 ‘Prusiae
260 1333 403 1421 precanti
423 1349 456 1398 at
479 1356 518 1397 ue
541 1333 661 1414 oranti3
692 1333 866 1399 celebratas
890 1357 958 1400 esse
980 1351 1132 1422 utrasque

76 1422 232 1510 ‘nuptias
245 1357 621 1508 patmuonebonmue
633 1420 913 1485 innumerabilium
924 1420 1129 1507 legationum,

49 1518 134 1575 6‘et
142 1507 233 1573 velut
241 1507 421 1594 auspicibus
430 1506 631 1571 nobilissimis
639 1505 1005 1593 populisdeductasesse.
1028 1506 1133 1574 Boeo-

81 1603 209 1660 ‘torum
217 1607 358 1682 gentem,
368 1606 524 1681 captatam
534 1591 695 1679 Philippo,
705 1593 1131 1679 nunquamadscribendum

81 1681 263 1746 ‘amicitiae
283 1679 395 1744 foedus
415 1679 531 1744 adduci
550 1679 708 1766 potuisse:
733 1679 833 1744 tribus
853 1702 941 1744 nune
960 1680 1038 1746 loeis
1057 1703 1130 1746 cum

83 1767 222 1834 ‘Perseo
239 1767 352 1832 foedus
371 1767 505 1832 incisum
524 1765 623 1832 literis
639 1788 724 1831 esse:
750 1789 815 1831 uno
831 1766 960 1844 Thebis,
976 1766 1075 1832 altero
1089 1767 1132 1832 ad

80 1864 92 1895 ‘
99 1855 236 1932 Delum,
251 1853 470 1941 augustissimo
485 1868 518 1918 et
532 1852 738 1918 celeberrimo
750 1854 787 1936 in
802 1854 931 1941 templo,
944 1853 1037 1920 tertio
1052 1853 1134 1920 Del-

78 1951 89 1984 ‘
121 1941 184 2007 his.
224 1939 265 2005 In
276 1939 419 2004 Achaico
430 1938 565 2005 concilio
577 1962 660 2016 vero,
672 1939 733 2004 uisi
745 1939 942 2004 discussuras
950 1963 1134 2028 perpaucos

31 2041 34 2048 ’
78 1965 290 2094 ‘liumanum
306 2026 476 2113 imperium
494 2026 688 2094 intentantes
708 2039 800 2104 esset,
815 2049 854 2091 eo
873 2049 943 2093 rem
962 2050 1061 2115 prope
1075 2028 1133 2093 ad·

77 2116 245 2192 ‘ductam
258 2127 294 2179 ut
303 2113 407 2178 aditus
418 2113 494 2180 etin
506 2112 661 2178 Achaiam
673 2112 809 2177 daretur.
842 2114 899 2191 At,
910 2113 1049 2192 hercule,
1059 2137 1133 2180 suos

78 2202 253 2278 ‘honores
264 2201 354 2266 cuius
369 2200 481 2264 merita
494 2199 611 2263 ineam
625 2213 753 2286 gentem
768 2200 926 2286 privatim,
938 2223 981 2266 an
1017 2200 1131 2280 ublice‚
1236 2269 1239 2272 ,

77 2290 168 2354 ‘sint
180 2289 309 2364 maiora,
319 2287 373 2350 vix
382 2286 446 2351 dici
454 2299 569 2374 posset,
581 2285 694 2372 partim
707 2286 847 2362 desertos
855 2309 913 2374 per
926 2223 1084 2353 incultum
1094 2311 1133 2353 ac

52 2375 343 2465 7‘negligentiam,·
352 2373 466 2462 partim
478 2371 634 2438 hostiliter
644 2372 782 2439 sublatos
790 2395 866 2439 esse.
898 2371 978 2454 Iam,
989 2374 1131 2453 Aetolos,

77 2476 88 2505 ‘
125 2487 202 2529 uem
213 2456 369 2551 ignnime,
384 2462 419 2526 in
432 2460 640 2526 seditionibus
654 2460 718 2524 suis
733 2483 798 2525 non
813 2462 853 2525 ab
868 2460 1032 2538 Romanis,
1044 2462 1133 2527 seda

19 2550 24 2573 ¹
78 2488 223 2615 ‘laneo
234 2548 425 2650 praesidium
436 2547 577 2634 petisse?
594 2544 656 2611 His
665 2568 740 2611 eum
747 2546 862 2611 fultum
872 2548 1074 2612 societatibus
1085 2562 1133 2613 at·

78 2648 168 2725 ‘que
184 2634 331 2701 amicitiis
345 2658 398 2700 eos
409 2634 598 2699 domesticos
612 2656 631 2697 a
650 2646 780 2733 paratus
794 2632 869 2698 belli
882 2633 1010 2711 habere,
1025 2642 1062 2699 ut
1076 2658 1133 2699 ex·
1198 2664 1202 2676 ·

79 2724 205 2790 ‘ternis
219 2746 286 2788 non
300 2734 409 2809 egeat;
433 2720 563 2808 triginta
580 2656 680 2785 milla
699 2719 855 2807 peditum,
870 2719 1133 2808 quinquemillia

51 2838 68 2886 8
79 2811 251 2899 ‘equitum
262 2834 270 2873 ε
294 2810 330 2873 in
344 2808 456 2873 decem
466 2829 566 2871 annos
577 2806 772 2871 frumentum
782 2828 978 2907 praeparare,
991 2822 1027 2873 ut
1037 2808 1133 2873 absti-

79 2908 222 2963 ‘nereet
232 2919 290 2961 suo
301 2910 336 2960 et
345 2894 484 2959 hostium
495 2916 570 2980 agro
581 2892 795 2957 frumentandr
807 2916 900 2959 causa
910 2894 1017 2981 possit.
1062 2894 1131 2960 Iam

78 2984 275 3073 ‘pecuniam
286 2996 405 3047 tantam
417 2980 543 3057 babere,
553 2993 591 3044 ut
599 2979 709 3044 decem
719 2979 859 3046 millibus
866 2982 1132 3047 mercenariorum

79 3082 91 3113 ‘
103 3072 255 3148 militum,
266 3082 390 3157 praeter
401 3066 617 3133 Macedonum
626 3066 743 3153 copias,
752 3066 946 3154 stipendium
955 3069 989 3132 in
998 3069 1133 3133 totidem

80 3168 208 3223 ‘annos
219 3168 437 3243 praeparatum
448 3154 579 3219 habeat:
603 3166 729 3239 praeter
743 3176 895 3232 annuum,
908 3155 995 3241 quod
1010 3178 1050 3219 ex
1065 3178 1133 3219 me-

80 3244 189 3309 ‘tallis
197 3242 291 3330 regiis
306 3242 417 3329 capiat,
431 3239 574 3327 vectigal.
620 3239 721 3303 Arma
730 3239 781 3304 vel
793 3241 893 3305 tribus
904 3242 999 3307 tantis
1012 3242 1133 3307 exerci-

53 3331 191 3417 9‘tibus
213 3329 248 3395 in
269 3328 508 3393 armamentaria
529 3326 730 3413 congessisse.
778 3325 992 3407 Iuventatem,
1013 3342 1049 3392 ut
1068 3329 1132 3392 iam

118 3578 246 3640 58sleuei
258 3577 355 3639 filiam]
379 3573 512 3631 Laodicen,
529 3588 592 3634 quae
625 3571 743 3634 auspicia,
764 3586 828 3633 quas
851 3585 936 3619 earum
962 3568 1132 3618 auctoritatem

83 3644 194 3693 deducta
209 3642 241 3690 sd
257 3654 315 3689 sum
328 3640 407 3687 metat
416 3654 433 3687 a
444 3636 556 3695 Rhodiis,
566 3641 594 3684 ut
626 3636 779 3695 confirment,
789 3638 911 3697 petentes.
1140 3686 1144 3693 Ι

83 3712 191 3757 testatur
202 3705 290 3767 Polyb.
305 3703 372 3753 xxvi.
384 3713 405 3763 7.
441 3702 516 3751 Unde
530 3700 594 3749 insta
660 3714 673 3761 7
689 3700 803 3749 sublatos
819 3699 882 3757 aas]
909 3697 959 3746 Sed
975 3696 993 3745 ii
1012 3698 1078 3747 haud
1097 3697 1133 3747 ita

83 3770 148 3819 dicit
165 3769 290 3818 Eumenes
305 3766 404 3830 nuptias
419 3766 474 3815 illas
491 3764 594 3827 auspici·
627 3764 706 3812 multo
717 3769 773 3826 post
782 3762 889 3813 Eumeni
899 3761 1004 3811 restituti
1014 3768 1080 3823 mut,
1087 3762 1133 3811 nisi

84 3837 133 3883 bus
148 3832 303 3882 nobilissimis
317 3828 415 3893 populis
426 3830 560 3879 celebratas
569 3833 595 3876 et
627 3827 669 3889 qui
687 3827 781 3890 aliquid
800 3826 933 3887 habebant,
947 3827 1014 3889 quod
1029 3833 1074 3875 aut
1091 3843 1134 3889 ps·

86 3900 207 3947 deductas
216 3912 274 3945 esse.
292 3897 373 3946 Cast.
627 3907 681 3941 rum
696 3893 811 3941 dacorum
828 3900 891 3939 esset
902 3891 1056 3940 Achaeorum
1068 3906 1134 3939 oom-

119 3962 136 4012 6
157 3964 228 4011 Velut
243 3960 395 4022 ouspicibru]
423 3958 482 4006 Vox
498 3954 596 4019 propria
627 3956 705 4015 muni,
715 3961 760 4005 aut
774 3955 868 4018 legibus
883 3962 1036 4018 repugnaret.
1053 3956 1134 4005 Casu.

86 4026 113 4075 in
124 4025 223 4101 negotio
233 4023 346 4087 nuptiali.
375 4023 476 4072 Etenim
485 4020 596 4083 auspices
629 4022 659 4069 of.
672 4022 760 4083 Polyb.
771 4020 847 4079 xxvii.
863 4032 900 4081 15.
915 4019 999 4069 xxviii.
1013 4029 1036 4078 7.

84 4090 182 4155 nuptiis
192 4090 259 4152 apud
271 4090 397 4137 Romanos
410 4086 596 4148 interponeban-
660 4084 675 4131 8
692 4086 853 4135 Frumentum
861 4085 1029 4147 prosperare]
1057 4084 1135 4131 Pras·

88 4161 138 4214 tur,
154 4154 196 4216 qni
214 4152 321 4217 auguriis
337 4151 499 4213 exquirerent
514 4155 596 4198 utrum
625 4157 745 4212 paratum
754 4148 909 4197 scribendum
920 4146 1019 4197 coniicit
1028 4145 1136 4196 Crevier.

90 4217 227 4269 volentibru
248 4216 407 4279 propitiisque
427 4214 474 4263 diis
494 4213 595 4277 nuptiae
628 4218 695 4261 etex
705 4211 908 4276 praecedentibus
918 4210 1136 4273 supplendumba·

89 4284 184 4333 flerent.
204 4283 284 4331 Cusv.
313 4281 344 4331 cf.
358 4280 416 4329 Val.
435 4278 506 4327 Max.
527 4278 552 4327 ii.
575 4292 595 4326 1.
628 4279 690 4327 dora
1084 4296 1092 4303 ·

90 4348 104 4407 ἕ
119 4362 139 4396 1.
157 4345 210 4395 Cic.
222 4344 280 4394 Div.
291 4344 307 4393 i.
322 4343 358 4394 16.
370 4342 412 4397 ubi
425 4344 536 4416 auspices
550 4357 596 4391 au
655 4336 861 4453 ipilanaentutans]
877 4336 981 4385 Etiamsi
989 4332 1137 4385 Macedonia

88 4413 200 4473 ptiuruss
207 4414 264 4457 sunt
272 4407 413 4471 nuptiarum
420 4406 597 4465 conciliatores,
628 4420 653 4453 m
682 4409 719 4453 tes
737 4418 788 4454 ram
806 4401 964 4463 suppeditare
980 4414 1030 4445 nou
1048 4402 1138 4458 ponet,

134 4493 209 4537 VOL.
226 4492 271 4535 tv·
943 4482 964 4525 Β
