2934 4800
340 214 401 281 166
723 207 836 276 ΤΙΤΙ
863 208 1001 276 LIVII

183 433 206 479 Α
255 465 262 478 ·
377 459 435 501 mar
460 447 561 512 erant,
584 448 659 499 ante
684 434 840 520 reliquam
864 433 963 498 aciem
987 433 1121 521 proiecti
1145 446 1181 498 et
1207 433 1401 498 eminentes

344 521 499 622 Fulgebat
521 544 651 608 campus
674 541 833 585 armorum
855 518 1042 607 splendore:
1066 519 1271 584 clamoribus
1295 519 1402 584 cohor·

343 621 480 674 tantrum
505 629 573 673 sese
599 607 736 672 invicem
759 606 856 671 ricini
880 605 976 671 colles
998 607 1223 693 personabant.
1279 604 1404 669 Harum

344 695 489 760 omnium
503 695 665 782 copiarum
679 692 906 794 prodeuntium
922 692 956 756 iu
971 713 1110 792 pugnarn
1127 715 1167 756 ea
1177 692 1246 756 suit
1258 691 1404 757 celeritas

344 795 378 847 et
400 779 541 857 audacia,
564 793 610 858 nt,
632 802 689 867 qur
711 779 804 866 primi
827 778 985 880 interfecta
1007 790 1092 879 sunt,
1115 777 1156 843 ad
1181 777 1358 843 ducentos
1378 791 1405 841 st

368 864 1329 1051 lilfflrilffiirhl‘iiiieiipiitssffirqioe
1368 1039 1375 1050 Ι

345 1040 492 1116 cedonas,
504 1052 572 1104 tum
584 1061 648 1115 eos,
660 1039 716 1125 qui
731 1037 766 1100 in
799 1036 967 1124 halangem
982 1037 1154 1102 contrrbuti
1164 1051 1277 1115 erant,
1289 1051 1404 1126 partun

345 1125 465 1226 clipeis,
476 1126 592 1226 partim
603 1123 715 1189 caetris
727 1145 769 1188 ex
777 1059 913 1188 humero
923 1123 1082 1201 detractis,
1092 1123 1334 1211 inclinatisque
1345 1147 1404 1188 mro

184 365 219 416 U.
230 366 261 480 g.
277 342 611 501 §gpgpemadmodum
626 346 838 435 phalangitae,
851 360 957 412 cetera
970 346 1071 412 levius
1086 346 1212 424 armati,
1231 346 1272 410 in
1288 367 1402 411 comm

280 445 290 478 ¹
325 465 333 480 ⁸
367 437 374 452 .

345 1234 437 1299 argno
451 1211 579 1289 sarranis,
591 1210 788 1298 excipientes
803 1209 1023 1274 Romanorum
1037 1209 1205 1297 impetum,
1222 1209 1404 1275 admirans

345 1313 380 1364 et
399 1297 487 1362 illam
507 1297 710 1362 densatorum
732 1296 894 1383 agminum
917 1295 1110 1373 firmitatem,
1127 1307 1162 1360 et
1179 1295 1312 1361 vallum
1336 1319 1403 1384 pm-

346 1385 443 1451 tentia
453 1384 571 1449 sariais
584 1382 726 1459 horrens,
738 1395 866 1469 stupore
877 1381 971 1446 simul
982 1403 1019 1446 ac
1031 1394 1148 1446 terrore
1159 1382 1340 1470 perculsus
1350 1395 1401 1458 aa,

347 1485 499 1559 tanquam
512 1493 579 1535 non
593 1468 681 1534 aliud
695 1489 837 1619 unpuam
853 1480 917 1534 tarn
933 1467 1072 1534 terribile
1086 1468 1315 1556 spectaculum
1331 1491 1402 1533 con-

383 1558 501 1622 icatus:
534 1579 571 1622 ac
593 1555 737 1644 posteai
785 1555 910 1642 saepius
934 1575 1181 1620 commemorare
1205 1567 1243 1620 et
1265 1577 1351 1643 prae
1373 1577 1402 1618 se
1444 1627 1445 1638 χ

345 1580 427 1708 aire
445 1643 555 1708 solitus
571 1655 628 1707 est
672 1640 760 1706 Turn
776 1663 850 1706 vero
870 1639 981 1706 sedulo
999 1640 1200 1706 dissimulans
1219 1641 1401 1729 perturbati

346 1729 445 1793 animi
466 1742 598 1806 motum,
614 1727 705 1793 vultu
725 1749 838 1792 sereno
859 1749 896 1792 ac
918 1749 1029 1792 secura
1046 1727 1161 1806 fronte,
1178 1741 1213 1792 et
1235 1751 1279 1792 oa
1304 1729 1353 1793 ite
1373 1743 1401 1791 et

346 1836 477 1901 corpore
492 1815 612 1879 intecto
629 1814 731 1879 aciem
749 1813 932 1878 instruebat
978 1812 1047 1877 Iam
1066 1814 1255 1901 pugnabant
1305 1814 1398 1902 eligai

347 1901 496 1966 adversus
510 1899 669 1988 oppositos
684 1900 746 1965 sibi
759 1911 923 1978 caetratos,
942 1921 1105 1987 quumque
1120 1900 1177 1964 din
1190 1899 1399 1988 multumque

346 1987 469 2053 connisi
484 2008 610 2087 perram
653 2009 688 2051 re
702 1985 880 2051 confertum
900 2007 1015 2074 agmen
1035 2009 1099 2051 non
1120 2000 1262 2073 possent,
1286 1987 1397 2062 Saliis,

370 2075 404 2138 ui
427 2072 577 2161 Pehgnos
599 2009 746 2150 direoebat,
770 2083 930 2160 arreptum
953 2073 1079 2160 signnm
1106 2073 1140 2136 in
1165 2072 1277 2138 hostes
1306 2075 1398 2138 misit.

347 2097 414 2223 llic
435 2159 548 2245 iugens
569 2181 736 2224 accensum
758 2171 918 2224 certamen
939 2171 996 2235 est,
1012 2158 1090 2223 dum
1109 2158 1185 2224 hinc
1205 2158 1342 2248 Peligni
1363 2159 1398 2224 ad

346 2243 568 2331 recipiendum
602 2244 739 2331 signum,
769 2245 844 2309 hinc
878 2243 1073 2310 Macedones
1105 2245 1147 2309 ad
1178 2247 1397 2322 retinendum,

346 2351 471 2396 summa
491 2352 552 2418 ope
574 2330 728 2395 nituntur.
774 2329 827 2395 Illi
848 2329 1033 2420 praelongas
1051 2331 1271 2397 Maoedonum
1294 2333 1398 2398 nasus

346 2431 402 2484 aut
420 2417 503 2483 ferro
521 2416 673 2496 incidere,
689 2430 744 2482 aut
764 2418 902 2483 umbone
922 2418 1095 2507 impellere,
1110 2431 1166 2483 aut
1183 2420 1283 2485 nudis
1302 2421 1395 2487 etiam

346 2506 508 2572 interdum
522 2504 669 2569 manibus
683 2516 833 2569 avertere.
875 2503 922 2568 Hi
937 2506 1089 2570 ambabus
1102 2506 1237 2571 firmiter
1252 2529 1396 2595 compre-

347 2591 461 2657 hensas
476 2605 565 2657 tanta
577 2590 609 2655 ri
627 2590 754 2692 adigere
773 2590 808 2655 in
828 2602 948 2655 temere
968 2614 1005 2656 ac
1019 2591 1123 2657 furore
1141 2614 1237 2657 caeco
1256 2608 1395 2669 mentes,

347 2690 392 2755 nt,
417 2677 592 2743 transfossis
614 2691 711 2743 scutra
734 2676 912 2764 loricisque,
936 2678 1103 2743 transfixos
1128 2678 1225 2743 etiam
1250 2678 1396 2744 homines

346 2786 384 2826 su
427 2764 559 2850 rcapita
572 2763 770 2850 prolicerent.
811 2761 865 2828 Sic
879 2764 1051 2851 profligatis
1062 2763 1272 2851 Pelignorurrr
1288 2767 1395 2853 primis

346 2785 521 2925 ordinibus,
536 2848 714 2913 caeduntur
726 2850 833 2928 etiam,
848 2850 905 2937 qui
920 2862 992 2937 post
1005 2849 1076 2915 illos
1090 2862 1264 2917 steterant:
1289 2866 1394 2940 atque,

346 2935 407 2999 etsi
426 2932 569 2999 nondum
588 2934 730 2999 confessa
743 2935 828 3023 fuga,
842 2934 959 3023 pedem
978 2935 1157 3002 referebant
1176 2950 1288 3003 tamen
1307 2961 1396 3003 mon·

346 3032 413 3084 tem
426 3042 553 3097 versrrs3
579 3018 732 3085 Olocrum
753 3020 922 3109 indigenae
937 3035 1060 3087 vocant
1107 3021 1172 3088 Hic
1185 3046 1264 3089 vero
1280 3026 1395 3090 exarsit

348 3105 488 3171 Aemilio
510 3106 611 3184 dolor,
637 3120 673 3171 ut
699 3107 794 3172 etiam
821 3131 862 3172 ex
887 3107 1106 3209 indignatione
1131 3107 1394 3197 paludamentum

346 3192 514 3257 scinderet.
560 3192 646 3257 Nam
668 3206 701 3258 et
721 3194 888 3259 in‘ceteris
906 3194 984 3259 locrs
1001 3194 1129 3259 videbat
1148 3199 1294 3262 cunctari
1315 3222 1392 3274 suos,

347 3277 522 3365 timideque
547 3278 698 3343 accedere
724 3280 766 3343 ad
789 3280 874 3345 illam
899 3279 986 3346 velut
1008 3280 1142 3346 ferream
1167 3306 1394 3371 saepemque

346 3364 490 3453 undique
512 3364 595 3430 acies
615 3364 827 3431 Macedonica
848 3367 1037 3433 inhorrebat.
1086 3367 1150 3433 Sed
1171 3370 1393 3436 animadvertit

346 3453 467 3540 peritus
491 3451 570 3531 dux,
594 3473 660 3517 non
685 3464 768 3517 stare
797 3453 915 3518 ubine
942 3453 1115 3519 confertam
1140 3454 1228 3519 illam
1254 3457 1393 3522 hostium

346 3538 434 3603 velut
455 3561 650 3626 compagem,
666 3561 801 3625 eamque
822 3476 984 3605 delitiscere
1006 3539 1182 3605 identidem
1202 3543 1393 3628 quibusdam

346 3624 528 3703 intervallis,
543 3626 609 3690 sive
632 3626 674 3690 ob
688 3623 946 3711 inaequalitatem
971 3626 1039 3705 soli,
1054 3627 1119 3691 sive
1141 3627 1184 3692 ob
1206 3629 1310 3717 ipsam
1326 3652 1393 3718 por·

346 3724 450 3775 rectae
474 3712 508 3776 in
532 3712 722 3777 immensum
746 3711 858 3775 frontis
880 3710 1124 3799 longitudinem,
1148 3714 1237 3792 dum,
1262 3718 1323 3804 qui
1345 3738 1392 3781 su·

345 3797 471 3881 periora
498 3820 653 3897 occupare
682 3810 847 3874 conantur,
877 3798 917 3863 ab
946 3798 1095 3864 inferiora
1124 3802 1321 3881 tenentibus,
1345 3801 1391 3867 vel

347 3881 498 3946 tardiores
521 3904 542 3945 a
563 3884 767 3961 ortatioribus,
787 3895 820 3948 et
840 3884 1080 3985 progredientes
1101 3908 1121 3950 a
1141 3886 1390 3965 subsistentibus,

345 3967 499 4033 instantes
518 3966 593 4032 deni
617 3992 658 4035 ue
680 3971 763 4035 hosti
783 3970 823 4035 ab
840 3970 993 4058 impulsis,
1008 3972 1100 4038 inviti
1117 3972 1201 4050 licet,
1216 3976 1391 4041 necessario

345 4053 547 4119 divelluntur.
594 3992 681 4141 hrgo
700 4068 737 4121 ut
756 4057 887 4122 omnino
906 4072 1068 4145 rumperet
1082 4059 1228 4125 ordinem
1242 4059 1389 4137 hostium,

346 4152 387 4238 et·
398 4139 678 4240 inexpugnabilem
695 4142 783 4207 illam
802 4144 966 4209 universae
985 4144 1149 4232 phalangis
1163 4146 1228 4209 vim
1243 4146 1280 4211 in
1294 4148 1390 4212 multa

346 4237 526 4290 mrnutatrm
547 4226 667 4314 proelia
685 4241 837 4316 carperet,
858 4229 993 4315 imperat
1014 4230 1087 4307 suis,
1109 4244 1145 4295 ut
1166 4231 1294 4310 intenti,
1316 4256 1388 4321 qua·

346 4333 473 4396 cunque
487 4311 590 4374 rimas
609 4335 702 4405 agere
722 4313 869 4379 hostilem
884 4316 985 4379 aciem
1000 4315 1148 4394 viderint,
1164 4316 1240 4382 illuc
1254 4318 1386 4405 quisque

344 4397 467 4484 impetu
481 4395 665 4474 inferantur,
681 4419 778 4483 seque
797 4400 959 4472 cuneatim
978 4401 1013 4465 in
1030 4400 1151 4469 hiantia
1165 4402 1215 4467 vel
1231 4404 1385 4471 tantillum
