2934 4800
357 195 463 263 LIR
485 195 593 262 XLV.
626 191 739 262 CAP.
766 200 816 262 10.
1058 203 1116 264 181

39 323 201 392 ›erEnro
246 350 268 392 e
283 325 489 418 plerumque
503 343 601 432 atque
616 330 727 395 Asiam
743 351 871 396 omnem
886 330 985 418 regui.
1021 329 1202 400 vioe-uu
1219 349 1273 412 584
1446 385 1447 396 ,

37 413 150 476 imum
249 413 408 496 Carano,
452 418 484 481 ui
502 439 628 517 primus
749 417 804 494 vit,
827 416 944 482 Persea
967 413 1155 484 numera-l·
1172 414 1202 464 ⁰·
1220 413 1273 465 ¹⁶⁸·
1445 405 1447 484 l

36 513 139 599 aaut.⁸
169 499 335 578 Perseus,
363 503 409 578 Q
420 441 543 580 llum,
566 501 605 567 L
616 502 741 567 Manio
764 503 955 604 consulibua,
1059 527 1112 606 upr
1445 503 1447 594 l

31 589 736 762 titlfflgittlffitltltt*
751 587 1115 742 lallltiliml‘:

29 756 215 822 admodum
230 759 331 824 fama
355 784 460 848 usque
481 761 523 825 ad
537 760 723 848 Philippum
739 760 900 849 Amyntae
915 761 1016 826 lilium
1030 762 1110 827 fuit:

28 841 106 907 inde
130 866 172 908 ac
242 868 263 910 r
287 869 377 911 eum
396 869 536 912 crescere
551 869 651 934 quum
671 847 835 934 coepisset,
852 847 999 935 Europae
1016 871 1050 913 se
1066 863 1113 914 ta·

27 950 105 993 men
128 929 192 994 fini
218 954 264 995 us
282 933 466 1010 continuit,
484 932 653 1012 Graeciam
667 955 796 997 omnem
818 946 851 998 et
872 949 994 1020 partem
1010 933 1113 999 Thra-

27 1015 97 1078 ciae
109 1030 217 1102 atque
227 1016 371 1106 Illyrici
381 1019 536 1118 amplexa.
571 1018 758 1106 Superfudit
768 1017 884 1084 deinde
896 1043 930 1084 se
941 1020 975 1084 in
985 1019 1109 1086 Asiam:

28 1112 62 1164 et
75 1101 248 1167 tredecim
265 1104 384 1182 annis,
393 1105 510 1191 qmbus
524 1103 710 1170 Alexander
723 1105 877 1205 regnavit,
890 1107 1028 1193 primum
1043 1130 1111 1195 our·
1155 1147 1156 1152 κ

28 1187 95 1264 uia,
110 1210 183 1274 qua
197 1188 392 1256 Persarum
413 1213 513 1278 prope
530 1191 686 1255 immenso
738 1206 802 1255 atro
816 1191 984 1278 imperium
999 1191 1110 1270 iuerat,

29 1293 107 1336 suae
122 1274 273 1340 ditionis
288 1276 385 1342 fecit.
429 1276 553 1341 Ambus
574 1276 650 1341 hinc
665 1275 704 1340 In
729 1277 865 1364 amque,
880 1300 944 1363 qua
959 1291 1111 1342 terrarum

33 1357 168 1424 ultimos
182 1361 278 1426 lines
295 1362 452 1428 Rubrum
467 1385 552 1427 mare
567 1362 777 1449 amplectitur,
793 1362 979 1449 peragravit.
1025 1362 1111 1428 Tum

31 1445 221 1510 maximum
241 1448 284 1512 in
307 1449 404 1514 terris
418 1447 636 1513 Macedonum
658 1469 794 1534 reguum
812 1470 1012 1534 nomenque;
1035 1449 1111 1515 inde

33 1543 139 1595 morte
161 1532 368 1598 Alexandri
388 1534 575 1599 distractum
597 1535 633 1598 in
655 1533 757 1597 multa
781 1556 888 1633 regna,
912 1533 989 1598 dum
1013 1534 1053 1599 ad
1077 1559 1111 1600 se

34 1616 178 1702 quiaque
206 1642 297 1706 opes
326 1620 466 1707 rapiunt,
491 1619 664 1684 lacerantes
689 1620 754 1683 auis
777 1620 913 1684 viribus:
944 1642 1111 1687 asummo

23 1701 183 1776 tculmine
197 1705 364 1770 fortunae
385 1705 428 1770 ad
450 1705 598 1770 ultimum
618 1706 717 1771 finem
734 1719 865 1770 centum
879 1705 1112 1794 quinquaginta

37 1807 141 1852 annos
155 1791 267 1856 stetit.

81 1871 261 1942 Victoriae
292 1877 462 1945 Romanae
486 1879 690 1965 famaquam
715 1879 900 1965 peruasisset
926 1879 961 1944 in
986 1879 1110 1959 Asiam,
1210 1927 1220 1948 .

42 1957 210 2040 Antenor,
227 1966 294 2064 qui
310 1987 386 2030 cum
400 1965 497 2030 clame
512 1964 689 2029 lemborum
710 1965 752 2030 ad
766 1965 893 2030 Phanas
906 1966 1016 2043 stabat,
1031 1966 1111 2032 Cas-

40 2046 217 2113 sandream
241 2051 328 2116 mde
348 2050 478 2116 traiecit.
526 2049 565 2117 C.
576 2051 741 2138 Popillius,
757 2051 810 2137 qui
829 2052 869 2116 ad
884 2051 1003 2116 Delum
1019 2074 1111 2139 prae-

45 2129 127 2196 sidio
147 2136 299 2202 navibus
322 2135 546 2202 Macedoniam
567 2137 750 2224 petentibus
769 2151 845 2216 erat,
864 2151 1034 2225 postquam
1053 2138 1110 2204 de·

44 2213 203 2285 bellatum
219 2222 261 2286 in
273 2221 479 2301 Macedonia,
494 2236 527 2288 et
541 2224 675 2288 statione
689 2237 863 2288 summotos
877 2224 1016 2288 hostium
1030 2223 1110 2290 lem·
1153 2231 1156 2240 '

45 2299 105 2365 bos
118 2306 265 2387 audivit,
283 2309 422 2374 dimissis
436 2322 469 2376 et
490 2309 557 2396 ipse
573 2308 690 2373 Atticis
711 2309 853 2386 navibus,
869 2308 910 2373 ad
931 2323 1110 2397 susceptam

47 2383 252 2489 legationem
283 2395 498 2485 peragendam
526 2393 675 2482 navigare
702 2395 890 2483 Aegyptum
959 2396 1042 2483 rgit:
1074 2410 1112 2461 nt

48 2494 139 2559 prius
161 2503 341 2547 occurrere
368 2481 543 2547 Antiocho
559 2493 674 2567 posset,
699 2503 797 2630 qpam
820 2480 861 2545 ad
886 2484 918 2546 A
931 2481 1110 2547 exaudreae

51 2566 182 2630 moenia
195 2569 379 2634 accederet.
420 2566 532 2643 Quum
545 2579 708 2653 praeterve
732 2578 863 2631 arentur
879 2566 988 2631 Asiam
1003 2566 1110 2654 legati,

52 2659 86 2708 et
106 2647 259 2740 Loryma
284 2654 454 2730 venissent,
481 2653 538 2740 qui
608 2666 675 2717 rtur
700 2653 729 2716 ν’
755 2652 813 2717 'uti
841 2651 947 2738 paullo
975 2652 1111 2741 amplius

55 2732 155 2830 urillia
176 2740 220 2804 ab
242 2740 364 2805 Rhodo
378 2740 475 2817 abeat,
491 2761 532 2803 ex
547 2676 678 2804 adierso
692 2675 765 2803 ulii
782 2737 841 2826 ipsi
861 2738 999 2825 positum
1022 2740 1236 2833 prin-ithpdum

55 2838 141 2904 elpes
157 2822 370 2891 Rhodiorum
383 2838 555 2891 occurrunt
583 2826 646 2890 iam
662 2824 748 2889 euim
764 2847 803 2891 eo
817 2848 945 2913 quoque
959 2827 1108 2892 victoriae
1116 2828 1251 2897 mutantur

57 2901 141 2971 fama
166 2912 297 2998 perlata
323 2912 406 2997 erat)
431 2924 565 2988 orantes,
593 2920 651 2976 ‘ut
676 2910 840 3001 Rhodum
855 2884 1255 2998 deveherenturrffifffn‘s

60 2995 244 3075 ‘pertinere
263 2999 298 3064 id
316 2998 358 3064 ad
377 2999 492 3063 famam
507 2996 705 3083 salutemque
719 2996 864 3074 civitatis,
879 3020 1008 3066 noscere
1023 3000 1147 3088 ipsosnd
1159 3012 1245 3061 Antio

61 3082 199 3161 ‘omnia
210 3108 297 3174 quae
312 3097 383 3149 acta
395 3096 509 3160 ament,
579 3095 752 3168 renturque
765 3082 884 3160 Rhodi,
900 3096 933 3148 et
947 3098 1109 3172 comperta
1115 3076 1199 3126 chum.

63 3167 139 3247 ‘per
151 3190 198 3247 ae,
214 3193 284 3236 uon
297 3169 426 3257 vulgata
437 3168 532 3246 fama,
575 3190 681 3233 omam
695 3168 831 3233 referre.'
874 3168 943 3233 Diu
956 3184 1109 3257 negantes

62 3254 282 3337 perpulerunt,
302 3269 339 3321 ut
359 3278 481 3321 moram
502 3253 709 3341 navigationis
728 3254 856 3319 brevem
870 3277 929 3342 pro
943 3254 1043 3319 salute
1058 3279 1108 3321 so-

66 3332 129 3399 ciae
147 3344 237 3409 urbis
257 3356 451 3431 paterentur.
496 3341 670 3427 Poatquam
687 3338 841 3404 Rhodum
855 3354 986 3405 ventum
1001 3353 1058 3418 est,
1073 3343 1108 3407 in

65 3426 251 3496 concionem
266 3451 395 3517 quoqne
409 3450 465 3493 eos
478 3427 578 3492 iidem
594 3426 741 3513 precibus
761 3440 992 3512 pertraxerunt.
1038 3425 1110 3491 Ad-

98 3674 249 3749 UEaropae
271 3684 426 3747 plenamque]
455 3680 570 3730 Locutio·
602 3684 733 3727 nument:
768 3675 890 3725 Eusebiur
920 3674 946 3723 ia
979 3674 1110 3739 Chronico,

72 3749 124 3789 ¹¹0¹ss
137 3744 249 3807 hanam
259 3750 405 3812 plerumque
419 3748 506 3821 noctis,
519 3746 570 3795 ari-
602 3757 691 3791 novem
701 3747 727 3789 et
738 3739 843 3801 triginta
860 3740 966 3813 cmv..
1034 3804 1040 3815 ¹

69 3811 571 3937 memmium
602 3803 1109 3939 utititfflltllffi

100 3936 222 4003 9Reqni]
251 3938 381 3988 Conmtit
400 3940 433 3986 ad
454 3935 569 3985 amusim
603 3932 702 3981 unimus
712 3928 892 3993 rupr.xlir.52.
908 3932 990 3983 ΟΜ.

75 3990 191 4051 Diodorus
214 4004 247 4052 de
268 4001 425 4051 Macedonici
508 4001 513 4013 '
538 4001 571 4049 ab
637 3996 1108 4059 3haearmcamavtrtom13meu-

76 4057 464 4115 Alexandroadremamtact
496 4065 571 4113 'odor
604 4060 727 4109 dationem
747 4058 865 4107 Gronovii
884 4062 998 4109 maaria
1015 4062 1110 4112 uiribus

77 4118 134 4174 Ere.
146 4128 203 4179 Vat
214 4130 281 4179 xxvi.
294 4143 332 4179 ao.
603 4122 713 4187 repoudt
724 4121 832 4173 Belkar.

107 4201 116 4234 ¹
138 4193 278 4244 Vrmimara
295 4196 326 4241 ab
343 4192 455 4251 Carano]
477 4190 571 4239 Nume-
636 4206 651 4248 4
674 4188 779 4237 mamm
808 4188 851 4249 qual
904 4188 989 4248 aptata
1017 4191 1108 4249 anum]

75 4252 447 4307 nltlttrrrdrlubiemeudoauaeat.
464 4254 574 4302 Iustinus
606 4249 704 4314 Polybii
722 4250 803 4297 locum
822 4251 847 4298 iu
890 4252 999 4301 xaVat.
1014 4268 1073 4303 xxx.
1088 4267 1111 4314 3.

80 4317 154 4369 xxxiii.
171 4336 193 4371 a.
210 4321 309 4383 triginta
327 4318 490 4369 Macedoniae
507 4332 575 4379 reges
605 4322 663 4365 aute
672 4314 758 4364 oculos
768 4314 881 4364 habuiae
893 4314 978 4365 Livius
989 4316 1092 4365 videtur.
