2934 4800
315 202 630 270 EDITIONUM
664 203 810 271 LIVII.
1020 211 1083 272 461

82 338 384 415 Ferdinandum,
400 361 482 426 quae
505 361 625 403 annum
648 339 803 405 MDXL.
827 339 973 427 praefert,
996 343 1086 407 etin

85 425 272 489 editione
292 423 501 511 Lugdunensi
522 425 597 489 anui
614 426 807 492 lllDXLll.
827 441 861 491 et
877 426 953 491 alibi
973 442 1085 505 exstat,

87 511 233 588 didici,
263 533 308 575 er
332 511 460 575 officina
482 509 653 576 Michaelis
676 509 742 574 Isin
782 513 836 588 ni,
861 513 918 599 qui
942 513 1085 578 Basileae

90 595 292 662 officinam
328 597 482 673 exercuit,
513 611 547 660 et
580 596 708 661 Ioannis
738 533 862 662 {iterii
897 600 1085 687 typographi

94 682 326 746 Basileensis
360 704 460 769 gener
491 683 622 759 exstitit,
655 682 805 748 Glareani
838 686 1085 773 Chronologium

95 769 303 855 separatim
320 768 483 855 prodiisse,
500 783 546 845 ut,
562 768 618 855 qui
636 783 730 833 antea
744 768 828 834 Livii
843 771 970 836 codices
989 772 1086 837 hube-

97 855 210 931 bent,
237 877 285 918 ne
310 877 350 918 ue
375 853 514 920 eundem
538 870 697 919 auctorem
722 855 771 919 bis
793 879 905 942 parare
926 858 1085 936 volebant,

100 941 180 1004 hoe
198 941 279 1004 eius
325 941 399 1004 bore
414 940 476 1004 frui
490 953 629 1026 possent.

72 1031 102 1092 l.
134 1025 304 1125 Venetiis
326 1025 412 1112 apud
435 1025 587 1090 haeredes
609 1025 718 1091 Lucae
743 1027 880 1091 Antonii
903 1026 1028 1106 Iuntae,
1051 1030 1086 1092 in

72 1135 166 1176 uma
181 1134 324 1177 maiore.

162 1196 273 1262 Hanc
288 1196 462 1262 editionem
477 1211 631 1262 memorat
646 1197 769 1262 Fabric
784 1198 820 1262 in
835 1197 920 1264 Bibl.
933 1197 1005 1263 Lat.
1018 1222 1084 1262 non

112 1284 265 1360 addens,
282 1305 346 1370 qua
367 1283 468 1348 lorma
490 1282 651 1369 prodierit.
700 1281 824 1348 Eadem
846 1284 988 1348 editione
1011 1307 1086 1350 usus

114 1384 173 1434 est
205 1369 348 1434 Latinus
377 1369 524 1434 Latinius
557 1369 598 1433 ad
627 1369 755 1433 Livium
782 1391 857 1434 eum
887 1369 982 1434 Mstis
1009 1393 1086 1435 con·

116 1455 312 1533 ferendum,
326 1456 382 1542 qui
397 1477 457 1520 nec
472 1455 539 1542 ipse
555 1455 697 1532 formam,
710 1477 776 1540 qus
789 1454 888 1520 editio
902 1455 957 1521 illa
970 1467 1086 1522 erema

118 1557 185 1619 est,
214 1541 381 1607 indicavit.
427 1541 479 1604 Ex
508 1563 641 1606 numero
671 1553 779 1605 temen
804 1542 960 1620 loliorum,
987 1566 1085 1630 quem

120 1627 269 1693 subinde
286 1627 364 1705 edit,
380 1628 454 1692 setis
471 1641 604 1703 constet,
620 1649 687 1692 non
708 1627 780 1704 alia,
796 1651 892 1714 quam
914 1629 1035 1706 maiori,
1051 1631 1085 1693 in

123 1714 237 1778 lucem
269 1714 393 1778 exiisse.
456 1713 574 1777 Utrum
606 1712 767 1778 Heamius
798 1727 833 1778 et
867 1713 1020 1792 Clericus,
1051 1716 1085 1779 in

124 1799 244 1865 Indice
268 1800 444 1865 editionum
461 1798 666 1864 Livianarum
688 1813 889 1864 recensentes
910 1800 1084 1865 editionem

126 1885 304 1963 Venetam,
342 1907 424 1972 quae
468 1907 553 1950 enno
593 1886 785 1950 MDXLll.
823 1909 896 1950 cum
935 1886 1085 1952 Glureani

129 1973 273 2060 epitome
291 1971 527 2058 Chronologics
548 1971 581 2034 in
600 1971 701 2036 forms
720 1972 838 2036 maiore
861 1974 1013 2071 impresse
1033 1973 1084 2048 sit,

130 2059 227 2136 hanc,
241 2081 284 2124 an
304 2059 398 2123 sliam
417 2059 457 2122 sb
477 2057 537 2122 hac
557 2057 722 2133 diversam
739 2057 964 2134 intellexerint,
980 2057 1085 2144 despi-

132 2167 206 2210 cere
221 2167 357 2232 nequeo,
373 2165 473 2230 quum
489 2157 633 2208 neutram
649 2142 793 2208 viderim.

71 2237 134 2297 542.
159 2230 311 2318 Lugduni
347 2229 433 2317 apud
469 2228 689 2295 Sebastianum
722 2227 905 2317 Gryphium
934 2243 1085 2316 quattuor

81 2317 304 2394 voluminibus,
320 2318 353 2380 iu
368 2317 470 2382 forma
483 2315 651 2404 octuplice.

182 2404 262 2469 Tres
275 2405 394 2491 priores
409 2404 488 2468 tomi
499 2404 665 2468 continent
675 2403 860 2488 superstites
871 2402 955 2466 Livii
970 2402 1082 2466 libros:

163 2504 266 2555 uartus
286 2489 436 2554 Glareani
458 2504 558 2566 notas,
583 2489 754 2589 praemissa
775 2489 845 2552 eius
867 2486 907 2551 ad
933 2486 1084 2551 Carolum

175 2626 182 2641 .
208 2575 434 2663 Imperatorem
460 2575 670 2652 Praefatione‚
698 2574 775 2638 data
805 2572 972 2657 ‘Friburgi
999 2570 1084 2635 Bris-

144 2673 153 2701 ‘
184 2664 258 2739 aiae,
274 2684 357 2727 anno
378 2684 397 2725 a
416 2660 491 2726 lesu
511 2660 631 2725 Christi
654 2660 752 2724 natali
773 2659 952 2724 Mltxt.
970 2656 1083 2722 Calen.

146 2686 257 2813 ‘italis
267 2749 291 2825 ;'
311 2763 380 2812 tum
401 2747 567 2813 Laurentii
585 2745 694 2811 Vallae
714 2746 756 2810 de
772 2744 956 2830 Tarquiniis
975 2743 1086 2807 adver-

146 2858 211 2901 sum
226 2835 350 2899 Livium
370 2832 609 2922 disputationes,
629 2832 659 2897 ei
720 2854 762 2896 ue
785 2830 1023 2895 emendationes
1044 2828 1085 2893 ad

148 2944 199 2986 sex
222 2920 313 2985 libros
338 2920 459 3007 priores
482 2918 566 2983 Livii
596 2918 637 2983 de
662 2854 748 2983 liscio
773 2916 898 2981 Punico
922 2916 1084 2992 secundo;

149 3006 255 3072 deinde
285 3005 436 3071 Glareani
467 3004 725 3091 Chronologiam‚
753 3026 811 3090 per
839 3002 993 3068 Iodocum
1023 3002 1086 3067 Ba·

149 3094 229 3159 dium
251 3094 438 3157 Ascensium
460 3092 494 3155 in
518 3091 631 3155 seriem
658 3089 817 3153 literarum
844 3090 1025 3164 reductam3
1053 3102 1086 3153 et

151 3180 251 3245 ultimo
274 3178 344 3244 loco
369 3179 469 3266 ipsam
497 3176 648 3241 Gliresni
675 3174 926 3261 Chronologiam
950 3188 1085 3249 auctam,

152 3288 218 3331 cum
243 3265 439 3331 Praefatione
471 3262 512 3328 ad
540 3260 777 3327 Ferdinandum
806 3259 986 3336 Caesarem,
1013 3259 1088 3322 dats

154 3362 163 3391 ‘
174 3352 317 3502 Fribrppii
332 3349 388 3415 Bri
446 3350 504 3426 iae,
520 3370 605 3413 enno
625 3371 645 3412 s
665 3346 796 3412 Christo
815 3358 891 3409 noto
910 3344 1087 3411 mxl„

156 3438 245 3503 ‘Cale
316 3435 536 3523 Septembrib.‘
563 3434 726 3499 Gesnerus
741 3433 775 3495 in
790 3430 962 3496 Pandectis
975 3429 1029 3494 liu
1045 3428 1086 3492 de

156 3524 290 3589 Historiis
312 3522 502 3587 duodecimo
524 3520 609 3607 apud
630 3518 794 3585 Maittaire
810 3514 927 3583 Annal.
945 3515 1085 3603 Typogr.

157 3625 223 3675 tom.
236 3608 275 3675 ll.
343 3613 417 3675 572.
436 3607 541 3683 refert,
559 3606 619 3670 hac
639 3605 781 3670 editione
801 3601 958 3667 contineri
975 3601 1087 3664 Anno-

158 3696 273 3760 tationes
321 3696 384 3759 eati
406 3692 566 3768 Rhenani,
584 3689 780 3778 Sigismundi
797 3686 936 3762 Gelenii,
954 3684 1087 3750 Henrici

161 3780 350 3859 Glneani‚sc
364 3777 508 3845 Chronol
551 3778 611 3842 ‘am
627 3776 770 3842 eiusdem
784 3773 944 3839 Glareani.
978 3770 1087 3835 Editio

161 3882 247 3933 exstat
273 3868 307 3931 in
334 3864 485 3931 Biblioth.
546 3863 706 3939 reiectina,
734 3882 844 3925 verum
870 3856 1022 3923 Rhenani
1054 3872 1088 3920 et

163 3952 270 4019 Gelenii
285 3951 520 4017 Annotstiones
534 3970 599 4014 non
614 3948 740 4013 adsunt.

86 4044 161 4105 1543.
180 4040 287 4105 Parisiis
319 4038 406 4126 spud
439 4035 633 4102 Michaelem
669 4035 896 4108 Vsscosanum,
925 4030 960 4093 in
988 4027 1089 4091 forma

119 4148 359 4313 mmorlippositus
385 4210 516 4310 quidem
543 4206 655 4273 titulus
678 4216 821 4307 testetur,
847 4202 976 4268 Livium
1000 4198 1088 4263 hunc

168 4298 291 4384 prodisse
329 4296 478 4361 ‘Pansns
512 4293 597 4381 apud
628 4290 826 4356 Audoenum
855 4290 994 4354 Parvum
1030 4287 1088 4348 sub
