2934 4800
337 195 399 258 132
737 183 852 251 ΤΙΤΙ
883 183 1020 252 LIVII

180 337 256 390 uc.
272 326 437 402 guemillia
459 325 560 391 ferme
585 346 745 413 passuum,
772 323 878 389 medis
902 323 1032 411 regione
1059 323 1143 389 inter
1164 321 1282 388 Dium
1306 319 1395 386 Tem·

178 404 210 453 A*
226 403 257 454 ⁰·
275 402 453 502 ¹⁶9·peque,
473 411 509 476 in
530 433 609 498 rupe
630 410 715 476 amni
741 409 928 474 imminente
948 409 1096 498 positum.
1142 406 1398 556 Popilliuaqss
1449 429 1450 444 ¹

239 472 268 531 9·
338 521 472 586 usquam
491 510 627 563 armatos
646 497 745 562 muris
765 496 957 575 admoveret,
973 497 1068 574 misit,
1083 495 1140 582 qui
1155 494 1349 582 magistrati

178 551 330 680 gfflffm
338 584 598 673 principibusque
618 582 797 660 suaderent,
816 582 915 649 fidem
935 583 1204 670 clementiamque
1229 581 1399 646 Romano·

179 687 241 731 tum.
338 695 419 749 rum,
435 693 532 758 quani
553 669 628 747 vim,
647 669 784 757 experiri
807 668 946 735 mallent.
992 667 1085 734 Nihil
1106 691 1145 733 ea
1166 666 1320 732 consilia
1340 688 1399 729 mo

339 770 463 835 verunt,
478 757 555 844 quia
568 756 659 843 ignes
673 755 715 820 ad
730 755 892 841 Enipeum
908 778 949 820 ex
963 755 1046 842 regis
1060 755 1169 820 castris
1182 753 1397 841 apparebant.

339 844 426 909 Tum
453 856 537 909 teria
560 842 638 907 maii
663 865 703 908 ue
729 841 779 928 (et
802 841 907 906 classis
930 841 1063 929 appulsa
1084 841 1124 905 ab
1150 840 1250 905 litore
1283 838 1399 918 stabat)
1446 837 1448 929 l

338 929 434 995 simul
447 929 551 1006 armis,
563 929 623 993 sim
671 928 820 1015 operibus
834 927 1062 1014 machinisque,
1078 927 1266 1028 oppugnari
1283 926 1398 1011 coepu',

339 1015 476 1082 Iuvenes
497 1015 594 1080 etiam
614 1014 744 1101 quidem
764 1013 913 1091 Romani,
932 1013 1054 1078 ludicro
1075 1013 1211 1078 circensi
1233 1012 1285 1076 ad
1311 1034 1399 1076 irsnin

338 1101 415 1167 belli
429 1124 529 1179 verso,
544 1113 668 1189 partem
687 1099 898 1165 humillimam
919 1100 1002 1164 muri
1019 1112 1182 1186 ceperunt.
1224 1097 1322 1163 Mos
1339 1112 1400 1162 erat

226 1243 230 1250 .
339 1201 418 1266 tuin,
436 1187 581 1253 nondum
602 1186 662 1253 bac
684 1187 839 1252 effusione
861 1186 994 1251 inducta
1013 1185 1121 1251 bestiis
1142 1185 1300 1250 omnium
1324 1203 1413 1272 gen-t

338 1274 420 1341 tium
449 1274 569 1340 circum
594 1272 787 1361 complendi,
813 1273 900 1337 varia
923 1271 1174 1360 spectaculorum
1198 1273 1398 1358 conquirere

338 1383 475 1449 genera:
499 1383 585 1438 nain,
602 1359 700 1425 semel
719 1357 892 1447 quadrigis,
910 1356 1009 1426 semel
1029 1357 1188 1424 desultore
1211 1359 1334 1435 mimo,
1350 1338 1414 1440 vii?

339 1449 434 1513 unius
466 1446 562 1512 horae
599 1459 726 1534 tempus
761 1457 933 1532 utrumque
969 1443 1160 1510 curriculum
1196 1443 1409 1532 complebat'

339 1531 430 1599 Inter
443 1546 551 1600 cetera
568 1532 719 1620 sexageni
738 1531 837 1596 ferme
859 1531 1000 1610 iuvenes,
1015 1530 1178 1596 interdum
1197 1529 1331 1617 plures,
1347 1547 1413 1629 sip-s

337 1618 546 1720 paratioribus
565 1618 658 1695 ludis,
673 1617 786 1683 armati
805 1615 1047 1682 inducebantur.
1094 1615 1220 1682 Horum
1243 1617 1395 1682 inductio

338 1727 374 1771 in
395 1717 484 1793 parte
506 1703 709 1771 simulacrum
730 1703 928 1769 decurrentis
947 1703 1104 1770 exercitus
1123 1716 1209 1780 erat3
1235 1725 1281 1768 ex
1308 1717 1394 1791 parte

338 1789 551 1878 elegantioris,
567 1813 663 1878 quani
683 1789 828 1856 militaris
850 1789 934 1868 artis,
950 1789 1141 1877 propiorque
1162 1789 1392 1877 gladiatorium

339 1899 498 1942 armorum
518 1898 621 1941 usum.
668 1874 781 1951 Quum
803 1874 880 1940 alios
902 1876 1054 1941 decursus
1075 1875 1252 1941 edidissent
1274 1889 1409 1951 motuae

339 1963 495 2063 quadrato
516 1961 643 2063 agmine
662 1961 756 2040 facto,
775 1961 872 2028 scutis
893 1985 989 2062 super
1009 1962 1113 2049 capita
1133 1961 1288 2040 densatis,
1309 1977 1392 2028 stan·

228 2123 230 2126 4
339 2051 424 2115 tibus
456 2049 576 2136 primis,
605 2048 753 2127 secundis
783 2049 1058 2126 summissioribus,
1091 2048 1191 2114 tertiis
1219 2049 1333 2135 magis
1363 2062 1391 2114 et
1447 2044 1448 2071 ¹

339 2135 470 2227 quartis,
485 2134 652 2222 postremis
672 2135 768 2200 etiam
829 2157 874 2201 nu
895 2134 982 2213 nisis,
996 2133 1183 2222 fastigatum,
1198 2134 1285 2198 sicut
1310 2147 1392 2201 tecta
1447 2195 1448 2202 ,

338 2220 556 2287 aedificiorum
578 2234 664 2299 sunt,
688 2234 774 2287 testu
808 2243 881 2286 nem
905 2220 1070 2287 faciebant.
1115 2219 1204 2286 Hinc
1227 2221 1390 2309 quinqua-

338 2307 428 2396 ginta
453 2306 551 2374 ferme
576 2306 696 2408 pedum
722 2307 825 2409 spatio
851 2307 1005 2373 distantes
1029 2307 1095 2373 duo
1119 2306 1231 2372 armati
1257 2329 1392 2394 procur·
1446 2393 1447 2398 ἵ

338 2394 462 2473 rebant,
477 2394 724 2482 comminatique
740 2408 824 2461 inter
837 2418 881 2473 se,
897 2395 937 2460 ab
951 2392 1017 2461 ima
1033 2394 1068 2459 in
1082 2416 1236 2459 summam
1253 2393 1391 2459 testudi-

337 2504 413 2548 nem
435 2504 493 2569 per
513 2480 645 2547 densata
665 2494 756 2547 scuta
776 2504 876 2568 quum
898 2481 1078 2559 evasissent,
1099 2503 1185 2546 nunc
1204 2480 1295 2545 velut
1319 2504 1391 2569 pro-

337 2581 517 2669 pugnantes
541 2591 599 2655 per
624 2590 694 2633 oras
717 2580 878 2635 extremae
905 2567 1083 2647 testudinis,
1108 2589 1195 2632 nunc
1220 2568 1256 2631 in
1282 2568 1390 2634 medis

337 2667 423 2720 inter
443 2677 477 2719 se
499 2668 733 2733 concurrentes,
756 2654 842 2719 baud
865 2676 955 2720 secus
1001 2676 1075 2719 uam
1097 2653 1201 2720 stabili
1223 2652 1293 2719 solo
1318 2676 1390 2742 per·

338 2740 507 2807 sultabant.
553 2738 641 2805 Huic
663 2739 790 2805 testudo
808 2739 968 2805 simillima
978 2676 1181 2806 lamminae
1200 2739 1285 2827 parti
1305 2740 1389 2808 muri

338 2826 475 2893 admota.
523 2824 635 2901 Quum
653 2827 766 2891 armati
784 2840 999 2977 suffimtantes
1017 2826 1184 2904 subissent,
1204 2848 1264 2913 pro
1376 2862 1390 2877 ·

338 2912 460 2977 toribus
480 2910 562 2976 muri
580 2910 705 2999 bstigio
727 2911 819 2978 altitu
876 2912 902 2977 is
924 2913 1158 2999 aequabantur:
1182 2910 1246 2999 dep
1297 2912 1305 2927 '
1352 2935 1389 2979 ue

338 2998 387 3076 iis,
399 2998 434 3062 in
448 2998 560 3062 urbem
574 2995 711 3062 duorum
725 2997 888 3085 signorum
902 2998 1019 3064 milites
1033 2997 1306 3064 transcenderunt.
1351 2999 1405 3066 Idi

338 3097 465 3151 tautum
486 3081 637 3148 dissimile
660 3082 731 3161 fuit,
752 3083 850 3172 quod,
875 3097 908 3151 et
931 3084 965 3149 in
988 3084 1092 3151 fronte
1115 3098 1269 3164 extrema,
1288 3098 1326 3151 et
1349 3108 1406 3152 exi

371 3239 493 3299 sBsstils
518 3237 627 3287 matam
650 3237 775 3298 seuam]
804 3236 845 3286 Ex
910 3236 1234 3301 sappamtortimtusu]
1253 3238 1388 3289 Heeelsc·

337 3306 392 3350 toto
408 3307 527 3351 terremur
546 3302 605 3349 orba
622 3300 772 3361 conquisitis.
805 3300 846 3349 De
877 3300 913 3349 tio
940 3316 985 3365 pro
1006 3303 1071 3367 vulg.
1092 3304 1277 3365 apparitoribus
1297 3306 1354 3353 last
1373 3321 1390 3353 s

338 3365 386 3417 lise
403 3365 572 3417 Romanorum
591 3363 695 3425 munis,
713 3364 746 3413 ct.
765 3362 845 3427 Epist.
878 3365 971 3415 Mureti
982 3380 1057 3415 manu
1068 3366 1189 3429 provenit,
1199 3372 1225 3415 et
1238 3367 1265 3417 in
1276 3367 1387 3418 Bskkeii

339 3428 429 3480 cioeiit
442 3430 476 3478 ad
487 3429 566 3480 OEoer.
580 3427 606 3477 in
621 3426 671 3492 Ep.
681 3428 714 3475 sd
726 3426 784 3477 niv.
796 3427 845 3477 viii.
879 3434 1022 3478 contextum
1032 3434 1132 3492 recepta
1142 3435 1187 3479 est.

339 3494 468 3559 ubete
909 3494 1386 3557 9A1ussesama11>mrminse

371 3556 707 3621 summersam]
721 3554 845 3606 Olininsc
878 3557 959 3605 eundo
975 3572 1032 3605 casu
1049 3557 1155 3619 positum
1172 3570 1225 3606 esse
1239 3560 1387 3609 manalis·

338 3623 412 3672 semsi
423 3623 550 3688 quadrigis
564 3621 698 3682 legebatur,
711 3620 755 3669 sed
772 3618 845 3669 lectio
878 3619 952 3683 schig.
967 3622 1010 3670 sed
1022 3620 1153 3671 Douistius
1165 3622 1271 3671 maurus
1282 3624 1386 3683 mavult,

338 3691 420 3733 nostra
430 3684 635 3747 amendataapud
644 3682 732 3733 onus.
742 3683 845 3732 Paniin.
878 3686 942 3745 quod
954 3684 1060 3735 Crevier.
1071 3686 1165 3747 probat.

339 3748 371 3796 ds
387 3748 452 3797 ludis
467 3748 576 3798 circeos
593 3748 609 3797 i.
627 3761 651 3813 9.
668 3752 694 3796 et
711 3747 779 3809 spud
796 3748 845 3796 Iul.
913 3762 922 3796 i
941 3750 1056 3797 Dasium
1065 3749 1204 3812 sipswnsm]
1224 3764 1258 3800 sc.
1271 3749 1384 3800 Duorum

338 3810 410 3861 Caes
432 3810 567 3874 bullinger.
586 3812 618 3860 de
639 3810 712 3861 Circo
733 3810 846 3874 ludisque
878 3812 1069 3875 manipulorum.
1085 3813 1293 3876 campaxxxiii.
1307 3829 1328 3864 r.

339 3873 495 3925 Circensibus
506 3888 543 3936 50.
555 3874 684 3925 invenitur.
912 3890 925 3924 a
942 3879 976 3925 Ιιι
984 3878 1071 3938 fronte
1084 3876 1206 3941 amm]
1225 3878 1279 3928 Soli
1293 3878 1331 3928 illi
1341 3880 1383 3929 ini·

372 3948 386 3999 7
402 3939 482 3989 Semi
493 3937 614 3988 uuum
626 3940 710 4001 muso]
730 3937 783 3997 Qui
798 3937 846 3989 sint
878 3937 942 3999 lites,
959 3941 1002 4001 qui
1019 3940 1184 3990 consistebant
1201 3940 1227 3989 in
1244 3942 1327 3992 fronte
1345 3959 1382 3992 ex·

338 4003 475 4052 desultores
496 4001 568 4051 docet
589 4002 643 4064 ipse
663 4002 733 4052 aliud
751 4003 846 4066 agendo
878 4008 957 4053 traina
972 4003 1045 4055 huius
1117 4004 1165 4054 inis
1185 4011 1211 4055 et
1232 4021 1265 4054 ex
1281 4012 1383 4069 utroque

339 4065 424 4115 Livius
445 4080 511 4129 supr.
530 4079 648 4141 mvsq
684 4066 846 4128 “Numidae
878 4066 931 4117 eius
952 4070 1035 4117 latere.
1100 4084 1127 4117 er
1147 4076 1280 4120 semmai
1301 4078 1381 4121 sutem

338 4128 437 4190 quibus,
458 4130 609 4178 desultorum
629 4144 656 4176 in
680 4129 755 4178 modo
777 4130 847 4178 binos
872 4131 982 4191 ssorum
1003 4132 1115 4194 intelligo
1133 4135 1248 4195 primam.
1290 4132 1380 4185 Eodem

338 4191 492 4241 trahentibus
513 4208 597 4254 equos,
618 4192 682 4241 inter
702 4194 846 4242 acerrimam
879 4210 951 4243 sensu
968 4196 1070 4244 ultim
1088 4210 1133 4257 pro
1149 4198 1246 4259 primus
1264 4198 1327 4259 poni
1344 4200 1380 4247 do

338 4256 846 4369 &mutuatim
879 4258 1133 4372 glutiit
1147 4260 1179 4370 il
1194 4259 1381 4377 libem*
