2934 4800
381 272 478 338 LIB.
502 269 612 338 XLII.
646 269 757 336 CAP.
782 276 832 336 23.
1083 271 1125 336 57
1223 280 1229 292 '

73 421 128 474 tur
150 408 309 488 consules,
329 407 368 474 C.
384 408 530 474 Cicereio
551 408 689 496 praetori
711 407 825 495 pn'oris
847 407 922 471 anni
948 407 990 471 ad
1011 408 1123 473 aedem
1136 423 1168 473 U.
1181 426 1211 477 c,
1225 429 1281 489 580,

73 495 234 561 Bellonae
256 507 383 561 senatus
401 495 495 560 datus
514 509 571 560 est.
616 494 658 572 Is,
674 494 834 595 expositis,
849 517 928 581 quas
942 494 976 558 in
993 494 1123 560 Corsica
1131 488 1163 602 g:
1179 491 1281 566 ⁰:¹72·

71 605 127 647 res
147 581 542 670 gemissetpostulatoque
560 582 675 646 flustra
693 581 914 668 tnumpho,in
935 595 1043 646 moute
1063 568 1255 669 Al-dssfflss

70 670 172 747 bano,
212 669 278 734 uod
297 671 360 735 iam
381 671 415 733 in
437 690 558 733 morem
572 679 710 744 venerat,
725 680 763 732 ut
783 669 851 732 sine
871 667 998 754 publica
1014 681 1267 755 aucto-triumphet

70 757 170 820 ritate
188 693 293 833 heret,
309 755 523 844 triumphavit.
570 754 781 842 Rogationem
798 753 952 820 Marciam
966 754 1007 820 de
1022 755 1252 862 Ligutfflffl

71 844 166 907 ribus
181 865 297 930 magno
311 865 469 908 consensu
489 841 599 928 plebes
617 840 708 905 scivit
725 841 888 928 iussitque.
934 841 986 906 Ex
1000 866 1040 908 eo
1054 842 1123 931 ple·
1213 829 1235 863 ο·

71 930 193 994 biscito
210 929 249 995 C.
263 929 406 994 Licinius
427 942 553 1016 praetor
571 927 729 992 consuluit
743 940 897 1005 senatum,
913 951 1010 1015 quem
1025 951 1123 1018 quae-

70 1039 147 1080 rere
179 1039 218 1080 ea
245 1017 408 1102 rogatione
436 1015 569 1080 vellet·
595 1014 705 1078 Patres
734 1015 837 1101 ipsum
867 1008 941 1080 eum
968 1038 1121 1103 quaerere

70 1103 248 1167 iusserunt.
294 1103 380 1167 Tum
399 1101 528 1166 demum
550 1101 695 1166 consules
716 1101 751 1164 in
773 1101 967 1188 provinciam
989 1103 1123 1190 profecti
1221 1153 1231 1172 .

71 1203 163 1266 suut,
180 1190 420 1276 exercitumque
440 1187 522 1253 aM.
532 1187 670 1275 Popillio
691 1210 764 1252 acce
788 1201 890 1253 erunt.
935 1187 1053 1276 Neque
1074 1203 1123 1254 ta-

71 1298 153 1339 men
170 1275 219 1340 M.
231 1275 386 1362 Popillius
399 1275 515 1340 reverti
529 1274 665 1339 Romam
680 1274 762 1338 aude
803 1289 825 1352 t,
841 1297 882 1339 ne
896 1297 1022 1339 causam
1037 1277 1124 1341 dice·

72 1375 136 1440 ret,
153 1362 287 1427 adverso
306 1376 427 1439 senatu,
443 1361 603 1426 infestiore
619 1360 748 1449 populo,
763 1360 849 1448 apud
863 1376 1050 1448 praetorem,
1065 1363 1123 1449 qui

46 1449 117 1520 rde
143 1448 331 1536 quaestione
355 1449 389 1513 in
415 1471 448 1513 se
474 1448 576 1535 posita
604 1461 749 1512 senatum
774 1447 990 1512 consuluisset
1036 1448 1123 1514 Huic

74 1535 302 1600 detrectationi
318 1535 386 1600 eius
401 1535 520 1599 tribuni
541 1534 651 1620 plebis,
667 1533 795 1598 alterius
814 1534 984 1620 rogationis
998 1534 1123 1600 denun-

76 1623 223 1702 tiatione,
244 1635 466 1687 occurrerunt:
489 1634 535 1699 ut,
551 1621 578 1685 si
597 1643 663 1684 non
685 1631 759 1684 ante
777 1618 855 1685 Idus
870 1619 1067 1686 Novembres
1088 1623 1123 1686 in

76 1709 191 1774 urbem
219 1709 356 1774 Romam
379 1707 547 1786 introisset,
570 1707 610 1771 de
633 1708 763 1772 absente
782 1729 821 1771 eo
842 1705 881 1771 C.
895 1706 1038 1772 Licinius
1059 1721 1123 1774 sta·

76 1809 185 1861 tueret
207 1819 244 1860 sc
270 1795 432 1860 iudicaret
480 1793 552 1858 Hoc
576 1805 692 1858 nactus
710 1793 838 1858 vinculo
858 1817 958 1880 quum
979 1795 1121 1874 redisset,

74 1883 203 1970 ingenti
218 1879 427 1966 cum'invidia
440 1882 473 1945 in
489 1893 633 1946 senatum
647 1881 744 1944 venit.
789 1879 840 1945 Ibi
879 1904 954 1944 num
969 1881 1122 1948 hoeratus

73 1969 190 2056 iurgiis
214 1967 386 2034 multorum
413 1981 504 2049 esset,
528 1966 832 2032 senatusconsultum
939 1989 971 2031 m
994 1981 1053 2046 est,
1075 1982 1122 2047 ut,
1164 2034 1167 2041 ,

75 2057 137 2142 qui
153 2055 309 2158 Ligurum
323 2069 394 2143 post
407 2054 449 2130 Q„
461 2052 617 2131 Fulvium,
632 2052 670 2119 L.
683 2052 842 2118 Manlium
857 2053 1002 2120 consules
1015 2055 1123 2122 hostes

75 2165 147 2206 non
168 2143 309 2220 fuissent,
326 2157 361 2206 ut
378 2165 432 2207 eos
449 2140 655 2219 Quirinius,
672 2138 734 2204 Cn.
749 2140 887 2206 Sicinius
907 2154 1066 2229 praetores
1087 2143 1123 2206 in

75 2227 257 2294 libertatem
273 2227 483 2294 restituendos
494 2241 650 2304 curarent,
660 2249 834 2314 agrumque
848 2227 887 2291 iis
901 2241 986 2294 trans
997 2228 1122 2294 Padurn

75 2315 191 2380 consul
208 2313 248 2380 C.
260 2314 415 2405 Popillius
429 2314 527 2379 daret.
574 2313 679 2379 Multa
693 2313 792 2378 millia
805 2315 971 2379 hominum
992 2315 1054 2380 hoc
1073 2339 1123 2380 se-

75 2402 318 2475 natusconsulto
340 2402 484 2467 restituta
505 2402 539 2465 in
558 2401 746 2479 libertatem,
762 2401 895 2466 traduc'
935 2426 976 2467 ue
997 2402 1121 2468 Padum

75 2511 155 2576 ager
183 2502 232 2554 est
260 2489 442 2589 assignatus.
493 2487 541 2554 M.
558 2488 712 2587 Popillius
737 2488 899 2575 rogatione
965 2490 1050 2555 arcia
1073 2490 1122 2554 bis

76 2576 165 2664 apud
182 2574 396 2653 C.Licin1um
411 2597 536 2641 causam
551 2574 652 2639 dixu:
678 2575 772 2639 tertio
784 2588 921 2675 praetor,
932 2575 1033 2662 gratia
1046 2598 1123 2640 con·

55 2662 155 2727 ·sulis
178 2662 315 2728 absentis
334 2676 368 2727 et
381 2662 535 2749 Popilliae
554 2660 690 2726 familiae
711 2662 857 2748 precrbus
877 2662 989 2740 victus,
1011 2660 1122 2727 Idibus

77 2748 208 2814 Martiis
220 2748 331 2814 adesse
346 2746 436 2814 reurh
451 2748 550 2825 iussit,
562 2770 627 2850 quo
641 2747 694 2813 die
708 2748 784 2813 novi
799 2748 997 2837 magistratus
1011 2748 1121 2813 inituri

76 2850 171 2901 erant
191 2835 362 2913 honorem3
386 2858 427 2899 ne
442 2835 562 2900 diceret
576 2856 636 2912 rus,
651 2835 708 2922 qui
724 2834 865 2922 privatus
884 2835 1008 2905 futurus
1028 2849 1119 2901 esset.

75 2922 129 2987 Ita
143 2922 267 3009 rogatio
281 2922 322 2987 lle
338 2922 508 3010 Liguribus
522 2934 589 2986 arte
603 2921 707 2986 fallaci
721 2920 810 2986 elusa
823 2935 879 2987 est.
992 2979 995 2987 ,
1197 2974 1201 2981 .

122 3010 239 3097 Legati
254 3008 533 3101 Carthaginienses
546 3030 586 3073 eo
602 3020 744 3095 tempore
756 3004 878 3073 Romae
892 3021 992 3087 erant,
1004 3022 1038 3075 et
1049 3008 1121 3075 Gu·
1177 3020 1229 3082 23.

75 3096 163 3161 lussa
184 3095 269 3160 filius
284 3094 479 3161 Masinissae.
526 3095 615 3161 Inter
629 3117 684 3159 eos
697 3116 830 3182 maguae
845 3096 1064 3161 contentiones
1084 3096 1119 3160 in

74 3195 191 3248 senatu
202 3182 300 3247 litere.
335 3182 612 3271 Carthaginienses
620 3182 843 3269 querebantur,
854 3192 1120 3269 ‘praeteragmm
1130 3203 1171 3254 De
1182 3206 1257 3256 Masi-

50 3279 87 3337 s‘
95 3270 139 3335 de
152 3292 217 3356 quo
232 3280 306 3333 ante
320 3269 416 3357 legati
430 3270 470 3334 ab
485 3269 598 3346 Roma,
611 3268 667 3355 qui
682 3268 716 3331 iu
730 3290 763 3333 re
777 3269 936 3356 praesenti
950 3268 1262 3356 cognosce-ssim(iar

76 3366 86 3395 ‘
95 3371 180 3434 rent,
195 3356 283 3420 missi
302 3367 417 3433 essent,
433 3355 567 3455 amplius
586 3355 787 3442 septuaginta
800 3356 917 3455 oppida
930 3355 1120 3443 castellaque
1129 3333 1263 3449 {fflmffi
1334 3385 1341 3395 ·

76 3444 167 3531 ‘agri
179 3442 452 3530 Carthaginiensis
464 3441 595 3506 biennio
610 3442 755 3541 proximo
767 3440 966 3505 Masinissam
979 3442 1012 3505 vi
1025 3454 1122 3527 atque
1129 3414 1231 3513 relaeiir
1242 3481 1277 3519 aa·

49 3529 195 3599 9‘armis
216 3528 398 3615 possedime.
443 3527 484 3593 Id
498 3527 554 3607 illi,
570 3551 621 3593 cur
644 3526 723 3591 nihil
745 3528 837 3614 pensi
857 3528 908 3604 sit,
929 3527 1022 3592 facile
1043 3532 1198 3593 essem·

76 3616 179 3682 ‘Cart
245 3615 380 3680 'nienses
399 3614 525 3680 foedere
547 3613 590 3679 ill'
633 3626 682 3679 tos
701 3613 802 3678 silere.
847 3612 1014 3678 Prohiberi
1036 3615 1122 3679 enirn

77 3714 190 3769 ‘extra
234 3725 292 3768 nes
314 3702 424 3767 efferre
446 3724 541 3767 arma.
583 3638 782 3787 lgiutanqmm
797 3700 906 3777 sciant,
922 3701 956 3763 in
971 3700 1036 3765 suis
1049 3701 1123 3765 fini·

77 3792 167 3867 ‘bua‚
183 3790 210 3854 si
229 3789 306 3854 inde
327 3788 485 3854 Numidas
503 3788 670 3877 pellerent,
691 3810 724 3852 se
746 3799 888 3887 gesturos
906 3786 1044 3866 bellum3
1067 3788 1123 3856 illo

78 3877 186 3943 ‘haud
200 3877 348 3964 ambiguo
363 3876 466 3963 capite
481 3874 615 3941 foederis
630 3875 791 3951 deterren‚
804 3898 869 3961 quo
883 3874 998 3941 diserte
1013 3891 1123 3943 veten-

116 4049 181 4107 7Ia
201 4062 226 4095 aa
246 4048 339 4109 posita]
369 4046 409 4095 Sic
428 4062 521 4109 ponera
542 4060 586 4107 pro
618 4060 659 4093 ma
670 4051 757 4095 exstat.

76 4110 585 4185 mlonraraapponerqdieiturapudcic.
653 4110 734 4173 obici
755 4111 820 4158 nihil
837 4114 909 4173 perusi
930 4114 976 4173 sle]
1004 4112 1034 4160 cs.
1051 4112 1122 4174 Supr.

77 4176 108 4223 ad
126 4174 222 4223 Dicens
235 4174 283 4224 riu'.
298 4189 333 4223 ια.
348 4190 440 4237 portare
455 4176 530 4224 olimst
546 4190 585 4223 aa·
617 4173 700 4223 xxxiv.
713 4188 751 4234 3¹-
762 4177 843 4223 ratam
852 4178 922 4238 persei
932 4192 1031 4233 essasc.
1043 4176 1124 4225 minua

78 4246 220 4289 malorena
240 4240 272 4287 cf.
284 4238 381 4287 Ernesti
393 4240 463 4288 clav.
476 4239 530 4288 Cic.
617 4254 690 4286 curae
704 4254 763 4288 esse.
797 4239 854 4287 Hoc
871 4240 925 4287 loeo
941 4240 1070 4301 intelligas,
1081 4240 1123 4302 qui

110 4305 126 4351 8
143 4306 176 4351 In
187 4320 214 4352 re
222 4306 359 4366 prosam]
379 4303 584 4366 Praepositionenr
618 4317 662 4365 pro
677 4302 775 4350 arbitrio
788 4302 871 4351 omnia
884 4310 949 4366 agat,
959 4302 1020 4351 nihil
1033 4319 1122 4365 expen-

78 4371 106 4416 in
122 4367 218 4415 addidit
234 4368 353 4431 Sigonius
376 4370 406 4416 cl.
418 4384 484 4430 supr.
502 4367 584 4416 xxxiv.
618 4368 685 4425 dens,
703 4364 764 4414 nihil
781 4382 876 4427 curans,
892 4384 972 4430 neque
988 4368 1025 4415 fas
1043 4382 1123 4429 neque

77 4432 117 4481 62.
135 4431 170 4481 xl.
181 4431 238 4480 xvii.
250 4432 292 4481 ubi
305 4431 390 4482 similis
406 4432 522 4495 loquendi
538 4432 584 4481 for·
618 4430 655 4479 ius
665 4430 802 4493 respiciens.
