2934 4800
760 247 979 307 INDEX.

381 364 452 430 pm
472 366 505 413 aa
522 363 720 439 oynoeepnam
738 374 759 422 ⁷·
785 377 853 424 rme
918 361 1011 438 stiae,
1023 375 1063 422 4²·
1345 421 1350 430 ,

382 431 506 491 lium,quo
518 429 621 476 vincitur
632 439 718 488 7—10.
736 428 853 476 caducea-
887 425 1025 488 Phihppns,
1047 429 1136 474 amara
1157 425 1243 482 irata,
1263 423 1395 495 adopts&

380 502 459 542 torem
468 492 768 540 mituradltamanoen.
785 491 853 540 eiin-
917 491 983 538 lilius
1000 489 1083 538 Persei
1101 503 1142 548 4ι,
1159 501 1198 550 52.
1221 505 1264 548 44,
1281 502 1323 550 45.
1342 487 1395 534 Plu·

379 559 463 606 dutiae
473 555 612 620 quindecim
622 555 716 603 diemm
731 556 804 603 datae
818 570 853 604 rs.
918 553 1014 616 lippum
1026 569 1126 616 seseque
1134 553 1245 602 Octavio
1255 551 1334 600 tradit
1342 551 1396 600 res

379 621 528 682 colloquium
539 619 675 682 adTempe
687 632 723 680 13.
744 619 811 680 pacis
822 620 854 668 le
918 633 973 666 aeus
992 631 1032 678 45,
1050 616 1074 667 6.
1099 617 1199 666 ducitur
1221 623 1283 664 ante
1303 629 1396 663 camme

378 701 420 748 ges
431 699 487 732 cum
500 684 625 746 Philippo,
635 683 694 732 ibid.
706 688 731 731 et
743 697 781 743 3ο.
802 699 854 732 cae
919 682 1000 730 Paulli
1011 681 1185 744 triumphantis
1193 694 1236 744 39

379 749 417 797 dit
436 749 564 797 Dardanos
583 762 620 811 ru
648 763 696 810 pax
716 763 772 795 cum
792 763 855 796 eoa
887 746 1024 809 Philippus,
1036 749 1159 809 Amyntae
1174 745 1244 792 lilius
1257 757 1301 805 45,
1313 758 1338 808 9.
1356 758 1398 804 per

379 814 472 875 populo
486 814 551 860 iussa
563 825 602 874 ²5·
625 813 657 860 de
673 826 702 860 eo
718 811 855 874 triumphat
918 827 976 859 eum
999 811 1075 858 crevit
1097 824 1200 872 reguum
1224 809 1396 865 Mutae,

379 876 513 933 Quinctius
524 891 564 938 34,
575 889 612 936 5²-
636 875 786 932 Demetrius,
802 875 855 924 eius
918 875 977 925 ibid

379 939 854 1001 lilius,obsesantecurrumtrinmphau·
886 938 1025 1002 Philippus,
1043 938 1154 1001 praesidii
1177 937 1323 999 praefectus
1341 939 1397 987 Gn·

378 1005 411 1053 tis
421 1006 517 1064 ductus,
527 1005 586 1054 ibid
604 1020 660 1052 eum
671 1005 704 1051 ad
715 1005 807 1052 bellum
818 1019 853 1052 re-
918 1005 1033 1052 sandreae
1044 1021 1084 1064 44,
1098 1017 1123 1050 ιι
1137 1007 1164 1050 st
1177 1016 1217 1050 rs.

379 1070 519 1118 mumdum
538 1068 640 1118 incitant
660 1068 740 1116 Aetoli
759 1079 798 1128 35,
817 1083 853 1117 rs.
886 1067 1024 1130 Philippus,
1046 1067 1207 1129 Epirotarum
1234 1071 1337 1128 praetor
1359 1077 1397 1128 ¹9,

379 1133 595 1196 legatos-Romam
611 1132 694 1191 mittit,
709 1132 854 1193 pollicentes
921 1146 957 1180 ra.

380 1197 501 1246 Romanis
509 1198 601 1245 auxilia
616 1198 648 1244 ad
664 1196 758 1243 bellum
771 1197 854 1244 adver
887 1195 1024 1258 Philippus,
1055 1195 1170 1258 magister
1204 1193 1397 1256 elephaatmura

379 1277 420 1310 sus
438 1262 587 1310 Antiochum
602 1259 643 1335 36,
659 1277 684 1335 4Ι
706 1275 763 1308 cum
779 1261 854 1308 fortu-
918 1259 1042 1320 Antiochi,
1052 1265 1148 1322 praeest
1162 1259 1264 1306 mediae
1280 1257 1345 1306 adsi
1358 1269 1397 1318 37,

379 1325 854 1462 digisffissitidihdilsssiurigarieffi
885 1339 1007 1462 Phintia,
1022 1388 1159 1461 praefectus
1176 1385 1312 1448 Epicyd'm,
1326 1385 1397 1434 iuter·

378 1469 458 1502 manis
475 1453 498 1504 8.
526 1453 685 1515 proficiscitur
704 1467 730 1500 ιιι
750 1453 853 1501 Thessa·
918 1453 998 1501 ficitur
1009 1453 1132 1514 Syracusis
1143 1462 1183 1512 25,
1195 1451 1237 1498 ²8.

379 1518 438 1565 ham
450 1531 486 1579 13.
503 1517 570 1579 capit
580 1517 696 1578 quamam
708 1518 787 1574 urbes
795 1517 852 1566 ibid.
886 1517 1014 1566 Philonem
1026 1515 1215 1566 Chalcidensem
1229 1513 1342 1562 Domui
1352 1511 1397 1562 sibi

379 1582 529 1630 Athamania
536 1581 628 1643 petitur
637 1595 673 1640 ι4.
689 1582 853 1643 aboppugna·

379 1645 447 1695 tione
459 1646 560 1694 Lamiae
575 1645 643 1694 iubet
659 1659 717 1692 eum
730 1645 854 1693 discedere

380 1710 475 1757 Acilius
485 1725 534 1758 cos.
546 1723 583 1771 ²5·
607 1709 746 1757 Demetrias
758 1723 784 1756 se
796 1709 854 1758 Phi·

379 1773 448 1836 lippo
459 1773 527 1822 dedit
538 1787 577 1833 33.
596 1773 712 1821 camoitni
724 1773 799 1822 Rom.
811 1789 854 1835 per

379 1837 440 1885 fines
456 1852 512 1886 snos
527 1837 669 1896 transeunti,
683 1837 767 1885 omnis
784 1843 854 1898 parat

380 1911 419 1961 37,
438 1911 459 1961 7.
487 1901 540 1949 eius
558 1899 677 1962 praesidia
695 1903 855 1962 expelluntur

379 1965 529 2014 Athamania
544 1965 584 2025 38,
603 1978 621 2013 ι.
646 1964 779 2027 ingreditur
797 1981 852 2014 cum

378 2030 488 2078 exercitu
496 2029 669 2078 Athamaniam
678 2043 702 2077 s·
717 2031 853 2091 repellitur,

377 2093 437 2142 ibid.
459 2110 548 2142 caune
558 2094 648 2168 irarum
662 2094 715 2170 eius
723 2094 749 2142 in
762 2095 852 2142 Roma-

378 2159 853 2294 timenutensium

377 2285 435 2332 ibid
454 2285 527 2346 legati
536 2286 618 2333 Βοιιιε
628 2285 695 2333 missi
704 2287 737 2334 ad
748 2302 789 2334 eas
797 2301 854 2335 con-

376 2349 503 2397 troversiae
519 2349 698 2411 disceptandas,
712 2350 772 2399 ibid.
796 2351 853 2399 Phi-

295 2474 299 2482 ,
378 2412 461 2477 lippus
470 2415 601 2475 inpendet
608 2415 712 2475 querelis
723 2415 851 2464 Theamlo-

376 2493 432 2527 rum
444 2476 482 2527 26.
506 2478 562 2527 eius·
576 2478 660 2526 minax
676 2479 778 2535 dictum,
793 2480 851 2529 ibid

377 2544 507 2605 respondet
524 2542 700 2591 Maronitarum
716 2550 743 2590 et
760 2543 851 2593 Eume·

376 2607 416 2655 nis
426 2607 510 2669 legatis
521 2609 560 2655 28.
581 2607 677 2655 animus
694 2608 746 2656 dus
761 2607 851 2656 alicua-

377 2676 418 2720 tus
434 2673 466 2720 ab
485 2671 613 2728 Romanis,
629 2670 688 2720 ibid
717 2672 852 2720 Maronitas

377 2735 666 2794 crudelitertrucidat34
683 2736 715 2783 ad
727 2738 852 2798 purganda

376 2799 479 2847 sumina
496 2798 574 2847 mittit
593 2798 756 2859 Demetrium,
774 2800 851 2847 mino-

376 2876 428 2909 rem
444 2862 532 2919 filium,
549 2863 655 2910 Βοιιιιιιιι
672 2875 711 2923 35.
736 2863 851 2913 sollicitat

375 2926 473 2973 accolas
483 2926 539 2973 latri
550 2925 666 2983 fluminis,
674 2933 702 2974 ut
713 2926 739 2975 in
751 2927 850 2977 Italiam

375 2989 745 3115 iiiiiihibihsifdfflui
756 2997 849 3103 tati

376 3118 423 3167 nris
433 3117 571 3166 dvitatmus
583 3119 609 3166 in
621 3118 754 3167 Paeoniam
769 3120 849 3168 tradu-

377 3182 420 3242 cit,
427 3188 453 3231 et
460 3185 532 3232 urbes
539 3182 675 3231 Thracibus
685 3184 787 3246 aliisque
798 3186 850 3231 bar-

376 3247 441 3295 baris
456 3249 530 3297 tradit
545 3247 689 3296 habitandas
700 3263 740 3307 4ο,
751 3262 774 3309 3.
799 3249 851 3297 eius

376 3312 516 3370 erudelitas,
526 3311 584 3359 ibid
595 3317 621 3359 et
631 3328 655 3371 4
676 3312 851 3361 eiDemetrius

375 3383 413 3423 est
435 3382 561 3437 susspectus
579 3388 601 3437 5.
631 3376 732 3424 Perseus
753 3382 850 3426 moueat

376 3438 532 3488 Demetrium
562 3441 629 3501 apud
660 3440 806 3503 Philippum
828 3442 850 3490 8.

376 3502 429 3551 eius
438 3504 471 3552 ad
482 3504 545 3552 lilios
558 3520 615 3552 suos
624 3504 709 3562 oratio,
719 3504 778 3554 ibid
800 3505 852 3553 eius

376 3566 423 3615 iter
432 3568 465 3616 ad
477 3568 602 3616 Haemum
613 3574 721 3617 montem
734 3583 771 3618 or.
791 3570 852 3617 duas

376 3646 430 3679 aras
442 3632 496 3680 lori
507 3637 532 3679 et
544 3631 589 3680 soli
601 3638 725 3681 consecrat
737 3647 775 3683 ns.
801 3633 850 3683 De-

917 1581 975 1630 reu
987 1581 1111 1642 paruum
1123 1591 1162 1640 st,
1173 1591 1214 1638 45·
1233 1579 1274 1638 s&
1285 1579 1328 1638 a&

887 1645 1017 1704 Philocles,
1038 1645 1177 1706 praefectus
1196 1642 1322 1704 Philippi,
1342 1641 1397 1689 mit-

917 1709 977 1758 titur
991 1709 1024 1757 ad
1039 1708 1194 1770 populandos
1203 1706 1396 1754 Atheniensem

917 1789 986 1836 agros
1014 1787 1053 1834 31,
1082 1769 1119 1820 16.
1151 1771 1243 1820 hurmra
1267 1786 1284 1818 o
1304 1775 1396 1832 pugnat

918 1837 1059 1886 Eleusinem
1078 1841 1104 1884 et
1123 1835 1236 1884 Athenas
1256 1786 1303 1884 sti
1321 1835 1396 1896 depo

918 1903 1017 1964 puletur
1038 1901 1098 1949 fines
1114 1898 1316 1956 Atheniensium,
1337 1899 1397 1946 ibid.

917 1965 1061 2016 Chalcidem
1086 1970 1154 2013 tenet
1178 1977 1218 2024 32,
1243 1961 1280 2012 16.
1310 1964 1397 2012 Corin-

916 2031 987 2079 thum
1005 2027 1130 2078 obsidione
1146 2027 1235 2076 liberat
1252 2041 1289 2087 ²3·
1312 2027 1336 2076 ei
1350 2029 1396 2076 Ar

915 2109 959 2156 gos
969 2093 1079 2156 proditur
1092 2107 1104 2140 2
1107 2105 1129 2154 5.
1142 2092 1239 2154 legatus
1249 2107 1265 2138 a
1277 2091 1396 2153 Philippo

918 2159 1025 2207 Romam
1036 2157 1142 2205 mittitur
1149 2157 1306 2218 speculatum
1315 2157 1347 2204 de
1357 2155 1396 2214 its,

917 2237 1020 2290 quorum
1039 2221 1141 2269 Perseus
1160 2219 1320 2268 Demetrium
1339 2219 1396 2268 insi·

917 2288 1028 2334 mulabst
1041 2299 1189 2342 sermonum,
1199 2299 1257 2332 cum
1273 2284 1396 2332 Remis

917 2351 1055 2398 habitorum
1067 2365 1107 2411 40,
1119 2363 1157 2398 so.
1173 2348 1322 2396 interficitur
1333 2361 1371 2410 55.

885 2415 1045 2475 Philocrates,
1056 2415 1169 2477 princeps
1183 2413 1315 2475 legationis
1325 2413 1394 2463 Rho·

915 2479 971 2529 diae
983 2492 1022 2541 45⁹
1035 2492 1072 2541 25·

885 2543 1053 2603 Philodemus,
1060 2542 1173 2604 Argivos,
1182 2542 1258 2591 tradit
1267 2542 1394 2589 mnndum

917 2608 1053 2670 Euryalum
1065 2608 1186 2656 Romanis
1197 2620 1236 2668 ²5,
1249 2618 1287 2666 25.

885 2672 1071 2734 Philopoemen,
1081 2677 1177 2733 praetor
1188 2670 1343 2719 Achaeorum
1351 2682 1395 2730 35,

916 2748 954 2796 25.
971 2738 1084 2784 adversare
1097 2736 1180 2784 Nabin
1192 2736 1295 2783 classem
1306 2735 1394 2783 educit

915 2799 953 2848 26.
977 2800 1088 2860 vincitur,
1105 2800 1164 2849 ibid
1184 2799 1294 2847 incendit
1313 2804 1394 2846 castra

915 2864 1020 2913 Nabidis
1040 2878 1079 2927 ιγ.
1102 2864 1236 2926 populatur
1254 2878 1326 2925 amris
1344 2862 1392 2910 Ls-

915 2928 1020 2987 conicos,
1029 2928 1087 2977 ibid
1099 2928 1151 2977 eius
1158 2927 1184 2975 in
1192 2928 1307 2976 ducendo
1314 2926 1392 2989 agnd-

914 3007 946 3040 ne
966 2993 1073 3054 locisque
1093 2992 1218 3053 capiendis
1236 2990 1348 3039 sollertia
1365 2996 1391 3039 et

913 3072 972 3104 usus
989 3058 1026 3105 28.
1049 3056 1125 3105 vincit
1139 3061 1165 3130 et
1181 3056 1250 3130 fugat
1267 3055 1392 3103 heedae

913 3119 1391 3245 mntem

913 3248 1015 3309 ferente,
1026 3250 1054 3297 fit
1064 3249 1095 3296 ab
1107 3247 1213 3297 Achaeis
1224 3249 1351 3297 decreturus
1366 3248 1391 3295 in

915 3312 1121 3362 Lacedaemonios
1142 3313 1182 3373 38,
1202 3326 1240 3372 3ι.
1267 3312 1391 3361 lacedse

914 3376 1392 3438 moncmaffligitetmemstdisdplins

916 3441 1022 3553 Lgcurgi
1033 3442 1129 3489 monta
1141 3454 1170 3501 33
1182 3446 1208 3488 et
1219 3454 1259 3499 34.
1271 3442 1302 3489 ct
1313 3450 1340 3489 et
1352 3454 1391 3515 39,

916 3520 930 3567 3
948 3542 954 3555 .
972 3506 1067 3568 capitur
1083 3521 1098 3552 a
1113 3504 1241 3553 Messeniis
1257 3518 1350 3569 39249
1366 3522 1391 3553 ιιι

915 3570 1004 3618 cellam
1031 3570 1075 3618 sub
1099 3574 1164 3617 terra
1188 3569 1328 3617 demittitur
1353 3582 1391 3629 50.

917 3650 1009 3683 veneno
1027 3633 1129 3691 tollitur,
1146 3632 1204 3682 ibid.
1226 3634 1259 3681 ab
1277 3633 1391 3681 universe

914 3698 1024 3747 Achaico
1051 3697 1155 3746 concilio
1181 3696 1309 3759 sepelitur,
1330 3698 1392 3747 ibid

913 3762 989 3810 divini
1000 3762 1103 3811 honores
1111 3762 1133 3809 ei
1142 3760 1310 3819 decrethrbid.
1325 3776 1392 3810 com-

914 3833 1013 3887 paratur
1024 3825 1160 3875 Hannibali
1171 3832 1195 3873 et
1204 3826 1324 3887 Scipioni,
1332 3827 1391 3875 ibid

883 3890 1054 3949 Philostratus,
1065 3891 1116 3938 dux
1127 3890 1233 3939 cohortis
1242 3909 1259 3950 4
1260 3905 1285 3951 3,
1298 3904 1311 3938 a
1313 3906 1336 3951 5.

376 3696 491 3744 manum
510 3696 613 3744 interfici
631 3696 700 3745 iubet
718 3712 756 3758 ²4-
783 3697 850 3745 inno

377 3760 481 3809 canuam
494 3760 614 3809 Demetrii
624 3761 732 3822 agnoscit
742 3772 773 3823 54
780 3768 804 3811 et
811 3773 850 3823 55.

435 3840 479 3872 um
493 3824 615 3886 Antigono
630 3824 767 3887 relinquere
783 3826 851 3888 cupit

377 3838 617 3949 &maritmibid

346 3952 485 4013 Philippus,
503 3952 570 4000 tilius
587 3953 722 4002 Alexandri
742 3954 850 4016 Megalo·
883 3954 1001 4015 Philotas,
1019 3956 1156 4017 praefectus
1173 3954 1289 4016 praesidii
1307 3954 1391 4017 Abydi

377 4016 482 4129 {fumi
499 4028 539 4077 ss,
557 4028 595 4077 47·
618 4033 634 4064 a
652 4018 778 4092 lihitum
795 4034 850 4081 rese
914 4030 955 4092 37,
965 4034 1002 4067 12-

407 4082 552 4138 aeedonum,
569 4082 601 4129 ad
623 4082 755 4129 ludibrium
776 4082 850 4130 irater
882 4081 1036 4144 Phhasii33,
1050 4096 1085 4142 14.

377 4146 517 4206 appellatur
533 4143 573 4205 36,
589 4159 625 4204 ι4
641 4146 667 4193 in
680 4146 784 4194 vinculis
798 4146 849 4195 Ro-
883 4144 1004 4195 Phliasius
1018 4162 1075 4208 ager
1089 4158 1129 4207 33,
1142 4161 1171 4206 ι4
1182 4152 1207 4195 et
1222 4156 1260 4207 15.
1277 4162 1334 4196 eum
1349 4150 1389 4197 de

377 4223 444 4256 mam
475 4209 588 4268 mittitur,
619 4209 677 4258 ibid.
712 4210 849 4271 praefectus
913 4210 1363 4274 populantureopiaerhffippi,1bid

377 4272 457 4319 hrerat
468 4272 596 4334 Zacyntho
606 4273 700 4321 insulae
711 4288 750 4333 3ι.
881 4274 968 4322 Phlius
979 4274 1019 4333 28,
1031 4286 1052 4336 7.

347 4334 477 4397 Philippus
491 4336 597 4395 Poenus,
608 4342 715 4385 smmum
730 4338 759 4387 L.
769 4338 848 4394 Quin·
881 4338 1002 4399 Phocaea,
1013 4340 1077 4400 urbs,
1085 4338 1151 4401 origo
1162 4338 1355 4390 Massiliensium
1365 4354 1388 4401 5,
