2934 4800
188 353 222 404 U.
235 356 264 404 C.
280 353 468 426 579.paratae
486 338 624 418 fuerunt,
640 361 721 426 quae
743 339 890 404 tollerent
911 356 1009 426 atque
1107 351 1236 417 rtarent,
1251 337 1398 404 auctori·

187 420 218 468 ¹·
235 421 266 468 ⁰*
282 431 408 489 ¹⁷⁵·tate
437 427 580 490 censoria
607 425 699 491 sociis
728 425 886 491 deterritis
914 426 949 490 id
1047 425 1176 512 ‘egium
1207 424 1396 512 prohibere.

343 512 420 577 Post
443 535 517 576 uam
536 535 647 578 censor
667 512 772 590 rediit,
788 513 924 600 tegulae,
939 512 1102 600 expositae
1123 511 1165 576 de
1186 513 1333 589 navibus,
1350 511 1396 576 ad

344 536 497 685 templum
512 600 726 686 portabuntur.
774 597 978 686 Quanquam,
993 598 1080 663 unde
1094 611 1210 676 essent,
1224 598 1395 674 silebatur,

343 707 409 749 non
432 698 538 750 tamen
560 685 656 750 celari
679 686 793 773 potuit.
838 685 994 750 Fremitus
1016 685 1114 772 igitur
1134 685 1280 750 incuria
1300 697 1396 749 ortus

344 783 412 836 est:
442 794 482 835 ex
504 773 651 838 omnibus
676 772 816 859 partibus
838 771 1065 859 postulabatur,
1086 785 1123 836 ut
1144 770 1291 836 consules
1315 793 1394 835 eam

344 880 412 922 rem
435 859 476 922 ad
499 872 643 923 senatum
662 859 822 924 referrent.
868 858 918 922 Ut
935 881 1011 923 vero
1030 857 1195 922 arcemitua
1213 858 1248 921 iu
1265 858 1395 922 curiam

345 967 456 1009 censor
466 945 562 1021 venit,
573 944 672 1010 multo
687 944 831 1009 infestius
844 945 962 1031 singuli
972 945 1173 1032 universique
1188 955 1394 1031 praesentem

344 1030 496 1096 lacerare:
518 1031 617 1097 ‘Tem
641 1030 708 1096 lum
719 1031 973 1118 augustimimum
1041 1031 1210 1108 ‘oniseiua
1242 1029 1311 1094 uod
1321 1052 1394 1094 non

346 1055 769 1217 ‘Pyrrhuanouldannibal
783 1054 1089 1195 violmenavffie
1293 1116 1392 1193 uisse,

347 1204 428 1268 ‘mi
443 1203 613 1269 detexisset
625 1204 728 1282 foede,
743 1227 781 1269 ac
794 1226 894 1291 prope
907 1204 1063 1269 diruisset.
1102 1139 1300 1268 bdelium
1320 1202 1394 1267 cul-

346 1298 441 1355 ‘men
467 1289 596 1378 templo,
617 1290 773 1358 nudatum
796 1304 918 1356 tectum
938 1304 1047 1378 patere
1073 1290 1225 1355 imbribus
1245 1289 1414 1376 panesa-8

346 1376 524 1442 ‘ciendum
559 1377 744 1456 Censorem,
756 1377 895 1442 moribus
985 1376 1056 1442 ndis
1070 1392 1222 1453 creatum,
1236 1376 1290 1441 cui
1304 1390 1414 1452 eartao

346 1472 451 1528 ‘tecta
468 1465 594 1564 exigere
616 1465 710 1530 sacris
732 1463 876 1551 publicis,
892 1477 926 1528 et
955 1487 1013 1529 oca
1034 1462 1163 1541 tuenda,
1178 1485 1266 1527 more
1287 1464 1412 1563 maio-J

346 1559 437 1614 ‘rum
459 1549 610 1615 traditum
632 1563 722 1629 esset,
738 1573 812 1616 eum
834 1572 892 1637 per
912 1551 1068 1615 sociorum
1090 1551 1184 1614 urbes
1204 1549 1391 1616 diruentem
1452 1588 1453 1591 =

345 1637 493 1723 ‘templa
508 1637 748 1738 nudantemque
762 1651 846 1701 tecta
859 1636 988 1701 aedium
1008 1634 1175 1713 sacrarum,
1191 1636 1317 1724 vagari:
1344 1649 1390 1713 et,

346 1723 466 1808 ‘quod,
486 1723 514 1786 si
535 1723 569 1786 in
590 1724 719 1810 privatis
739 1724 896 1788 sociorum
912 1723 1065 1788 aedificiis
1077 1723 1204 1800 faceret,
1216 1722 1391 1808 indignum

346 1807 466 1872 ‘videri
487 1823 602 1896 posset,
619 1809 653 1873 id
668 1809 765 1874 deum
780 1809 1006 1873 immortalium
1027 1824 1091 1875 tem
1114 1809 1146 1873 la
1158 1808 1410 1878 demolientemt

347 1895 486 1959 ‘faceret
508 1908 542 1959 et
552 1895 648 1959 obstri
694 1917 747 1960 ere
758 1895 814 1959 reli
838 1895 1075 1983 'onepopulum
1084 1833 1411 1974 llomanum‚rmnis4

346 1981 556 2068 ‘templorum
585 1917 704 2068 temiilr
732 2004 771 2068 ae
795 1982 802 1995 ’
828 1994 974 2047 cantem:
1012 1996 1165 2069 tanquam
1193 2005 1259 2046 non
1287 1981 1389 2047 iidem

345 2067 484 2154 ‘ubique
500 2067 544 2131 dii
560 2067 752 2133 immortales
766 2069 839 2146 sint,
851 2067 907 2132 sed
921 2069 1029 2156 spoliis
1043 2069 1175 2134 aliorum
1190 2068 1245 2132 alii
1258 2068 1389 2133 colendi

187 2174 292 2222 Relaue
345 2161 356 2193 ‘
366 2154 623 2242 exomendique?
669 2156 789 2233 Quum,
812 2156 861 2242 pri
921 2178 996 2219 uam
1017 2156 1195 2232 referretur,
1210 2169 1388 2242 appareret,

186 2237 252 2349 ξω
263 2253 333 2286 Μ’
344 2241 423 2328 quid
437 2241 591 2306 sentirent
605 2241 724 2318 Patres,
740 2178 999 2320 relationudlacta,
1013 2243 1049 2305 in
1066 2263 1164 2306 unam
1182 2263 1294 2306 omnes
1314 2264 1390 2306 aen·

198 2317 233 2351 ¹¹⁸⁴
345 2328 475 2394 tentiam
500 2328 616 2407 ienmt,
639 2343 675 2393 ut
700 2351 756 2393 eae
858 2328 906 2393 lae
932 2351 967 2392 re
990 2328 1140 2393 ortandae
1170 2327 1206 2392 iu
1230 2327 1388 2417 templum

343 2415 532 2494 locarentur,
555 2415 788 2517 piaculariaque
830 2416 930 2481 unoni
958 2352 1080 2481 librent
1128 2415 1220 2489 Quae
1246 2415 1289 2480 ad
1313 2415 1389 2481 reli-

342 2504 470 2590 gionem
484 2516 653 2589 pertinent,
670 2526 744 2568 cum
758 2526 834 2567 cura
846 2502 944 2567 factm
971 2502 1091 2589 tegulas
1112 2502 1238 2567 relictas
1257 2502 1293 2565 in
1314 2525 1389 2567 area

344 2591 463 2677 templi,
488 2590 564 2677 quia
589 2588 843 2679 reponendarum
867 2611 963 2654 nemo
987 2588 1101 2653 artifex
1126 2588 1206 2653 inire
1229 2588 1387 2653 rationem

344 2677 491 2762 potuerit,
507 2677 721 2763 redemptores
736 2676 932 2740 nuntiarunt.

389 2762 440 2827 Ex
454 2763 657 2849 praetoribus,
674 2762 730 2849 qui
745 2764 781 2825 in
794 2763 971 2848 provincias
985 2762 1096 2839 ierant,
1112 2760 1155 2826 N.
1167 2760 1283 2827 Fabius
1297 2762 1388 2827 Mas-

344 2848 431 2913 siliae
445 2848 587 2926 moritur,
600 2871 699 2935 quum
713 2850 748 2912 in
762 2848 940 2913 citeriorem
955 2847 1001 2912 Hi
1082 2849 1144 2913 'am
1157 2849 1226 2913 iret.
1260 2847 1386 2935 Itaque,

344 2957 443 3085 auum
465 2934 499 2998 id
521 2935 701 2999 nuntiatum
721 2958 741 2998 a
755 2872 1134 3035 Massiliensibussldgmatis
1152 2949 1243 3013 esset,
1257 2949 1387 3000 senatus
1452 2969 1453 2974 ι

341 207 385 268 42
730 199 843 269 ΤΙΤΙ
871 199 1007 268 LIVII

1452 744 1454 793 ι

1452 798 1453 841 ι

1452 846 1454 907 l

366 3021 492 3099 ecrevit,
505 3034 542 3087 ut
552 3021 589 3086 P.
600 3020 713 3085 Furius
728 3035 761 3085 et
774 3020 835 3086 Cn.
849 3020 1008 3099 Servilius,
1040 3023 1134 3086 uibus
1147 3021 1387 3099 succedebatur,
1452 3057 1453 3082 ;

344 3104 427 3171 inter
447 3130 480 3173 se
503 3108 696 3185 sortirentur,
719 3120 791 3171 uter
806 3107 985 3172 citeriorem
1008 3046 1196 3195 liispaniam
1217 3130 1276 3208 pro
1354 3121 1387 3172 to

343 3194 476 3294 imperio
490 3194 655 3259 obtineret.
703 3192 777 3258 Sors
791 3209 970 3281 opportuna
982 3194 1052 3273 fuit,
1065 3208 1102 3259 ut
1112 3195 1148 3260 P.
1160 3130 1386 3271 Funmriddm,
1452 3199 1453 3266 Ξ

343 3302 432 3345 curus
446 3303 485 3345 ea
499 3281 659 3367 provincia
672 3280 785 3359 fuerat,
800 3289 985 3345 remaneret.

375 3524 534 3573 srvadotum
544 3527 643 3584 actum]
671 3525 800 3574 Nudatum
813 3531 848 3574 te-
880 3541 1077 3576 ramcensorum.
1095 3528 1191 3577 umes.
1452 3563 1453 3570 .

342 3587 411 3648 gulis
912 3594 976 3652 31d
984 3594 1056 3642 ἀιιιιιι
1065 3594 1236 3642 immortalium
1246 3593 1386 3653 mpure

375 3652 455 3715 9Cui
470 3660 538 3701 sarta
554 3656 628 3713 tecta]
653 3654 847 3716 etSupmix.
879 3658 1013 3706 matrem
1022 3654 1121 3718 jacere]
1150 3656 1208 3704 Vox
1221 3657 1387 3705 demolientem

344 3727 382 3775 37.
407 3716 522 3765 Ceterum
531 3733 640 3766 censores
649 3718 847 3769 mrtutertaexi·
879 3734 929 3767 non
948 3725 1028 3768 exstat
1045 3719 1071 3767 in
1096 3720 1177 3783 prima
1193 3719 1307 3778 editione,
1323 3726 1386 3768 teste

342 3794 398 3839 gere
414 3779 564 3853 dicebantur,
578 3783 675 3843 quando
690 3798 720 3831 aa
735 3782 847 3845 inspicie-
881 3783 998 3832 Hearnio.
1031 3784 1097 3833 Sane
1115 3784 1191 3846 magis
1210 3784 1334 3846 placeret:
1360 3785 1387 3831 ld

343 3847 397 3889 rent
404 3843 569 3905 oderantque,
575 3860 606 3893 sn
615 3848 780 3909 redemptores
786 3862 847 3909 opus
879 3850 907 3895 in
916 3850 989 3897 ιίοιιιιι
999 3850 1169 3898 mulium
1185 3850 1279 3910 templi·
1289 3849 1385 3908 jacere.

344 3906 451 3953 locatum
468 3908 649 3968 praestitissent.
672 3910 847 3961 ct.Emest.in
879 3911 961 3961 (tarr.

344 3970 413 4019 Cluv.
426 3969 477 4019 Cic.
915 3977 1103 4039 mbas-inpare
1125 3977 1243 4037 relicinae
1265 3976 1385 4037 populun

281 4068 284 4077 .
378 4050 387 4082 1
406 4036 487 4084 Sacris
503 4034 618 4098 publicis]
639 4038 724 4086 Potest
740 4054 792 4087 ease
808 4054 846 4087 ca·
878 4040 1027 4099 Romanum]
1054 4038 1178 4089 subiicere
1194 4040 1315 4102 populum
1333 4038 1383 4087 Ro·

343 4099 492 4159 eustenius,
508 4115 552 4162 pro
567 4102 600 4160 od
614 4116 686 4150 sucro
700 4104 847 4164 publicant
878 4118 979 4151 manum
1006 4118 1101 4165 poenae
1122 4103 1267 4153 violatarum
1289 4102 1383 4165 religio·

342 4161 517 4275 igugknm
542 4164 642 4226 publica
667 4164 718 4213 fieri
746 4166 847 4227 possint.
867 4168 1043 4281 *numaedrgea
1110 4233 1122 4291 1
1152 4231 1174 4280 Γ
1222 4231 1335 4292 ,ΨΜ

1007 4248 1030 4279 ιιι
1084 4248 1110 4281 er
1167 4246 1175 4279 ι
1203 4247 1229 4280 ιιι
1347 4246 1383 4279 re·

376 4303 390 4335 a
406 4291 615 4353 attentanda]
638 4308 671 4341 sc.
684 4292 750 4340 Loca
766 4292 845 4354 publi·
878 4242 1010 4356 poitsnum
1020 4238 1203 4345 diducunt?

343 4368 380 4411 ca,
393 4368 494 4414 quorum
511 4356 589 4404 tutela
604 4356 741 4418 pertinebat
756 4357 789 4405 ad
805 4371 847 4405 cn·
1069 4397 1071 4400 .
