2934 4800
458 246 677 308 INDEX.

77 377 91 418 7.
110 359 229 424 Vorago
237 360 263 409 ln
270 361 323 410 t’oro
334 373 356 424 7,
363 359 386 411 6.
402 361 460 411 Vox
468 361 552 425 ingens

77 425 150 474 [dita
163 441 204 474 ex
216 426 306 474 Albani
314 425 404 474 montis
414 426 469 474 luco
483 441 504 485 ι,
511 439 550 488 3ι,

77 488 186 538 olentis
205 505 236 538 ex
253 490 351 539 Albano
369 495 453 539 moute
469 491 550 551 minsa,

614 362 1088 489 gaqltirlngillsonpiesnffl’inplffi

613 505 697 540 sauros
706 491 812 567 reposita
825 505 861 553 ι3.
959 503 962 510 ·

77 553 121 600 id.
143 569 183 601 ex
198 554 268 602 Arsia
282 554 344 602 silva
358 554 454 604 silentio
471 554 550 604 noetis
583 555 719 604 Provincias
734 561 798 604 mter
813 571 840 604 se
856 558 1017 608 sortiebantur
1030 575 1086 608 eou-

76 617 139 676 lito,
153 622 186 666 et
202 617 293 666 credita
306 618 398 667 Silvani
415 633 438 675 7,
451 629 472 680 7.
489 618 549 666 diri-

79 687 128 729 tus
142 682 241 730 emissa
254 683 286 732 de
300 683 408 731 adventu
419 682 548 731 Gallorum

75 761 149 858 ..35
159 746 549 874 §thirsulum

75 891 98 932 4,
109 885 156 934 45.
172 875 307 924 Vulturins
316 876 422 924 Priverni
429 875 549 937 hequenti

75 953 112 987 un
134 939 167 986 in
189 941 315 988 tabernam
333 940 432 988 devolat
450 951 490 1000 77,
512 954 548 989 ιι.

75 1007 145 1051 'aere
167 1003 263 1053 volarit
277 1005 304 1052 in
322 1004 409 1053 aedem
427 1003 493 1053 Iovis
509 1015 548 1066 77,

74 1081 98 1127 3.
120 1067 275 1130 Prodigium
283 1084 300 1117 a
310 1067 427 1116 matronis
437 1083 548 1130 procurer

74 1147 115 1180 111¹
131 1143 181 1194 2ι,
192 1143 231 1193 37·
249 1132 358 1195 rodinis
372 1147 421 1193 quo
432 1132 480 1180 niu
494 1147 549 1194 pro

74 1201 153 1244 urata
168 1211 211 1257 74,
225 1210 260 1246 ιο.
272 1201 297 1244 et
308 1195 406 1258 passim,
415 1196 458 1244 uhi
470 1196 549 1258 prodi-

73 1261 166 1309 torum
179 1261 280 1310 mentio.
298 1260 338 1308 vix
349 1260 448 1322 expiate
460 1271 499 1322 77,
510 1273 548 1322 73.

73 1339 199 1437 le'ntlgus
209 1388 304 1450 divinis,
314 1403 357 1438 sra
370 1388 424 1437 Iovi
440 1389 520 1437 Elicio
534 1405 551 1438 a

73 1452 158 1502 iuma
179 1453 261 1502 dicato
282 1468 304 1514 1,
323 1467 360 1502 7ο.
386 1452 549 1516 prodigiorum

72 1516 214 1566 coemtio
231 1517 335 1580 pertinet
351 1517 383 1566 ad
399 1517 549 1579 pontificem,

72 1580 124 1630 hid.
151 1597 239 1630 eornm
256 1581 340 1644 religio
359 1581 447 1630 retinet
464 1597 548 1630 eonsu-

72 1661 115 1692 em
130 1659 176 1707 73,
188 1643 226 1708 36.
244 1645 353 1708 prodigis
364 1643 441 1708 (quod
453 1645 549 1695 evenire

71 1710 131 1758 olet
159 1709 237 1758 motis
260 1710 336 1760 semel
361 1710 387 1758 in
408 1708 548 1772 religionem

71 1772 175 1838 mimis)
188 1775 269 1823 multa
284 1774 405 1834 nuntiato,
416 1779 441 1822 et
457 1780 549 1822 temere

71 1837 167 1887 redita
178 1852 219 1897 7ι,
230 1839 269 1888 67.
281 1839 344 1887 etet
357 1853 396 1898 74,
405 1851 440 1886 ιο.
458 1837 483 1886 in
494 1853 548 1912 pro-

70 1901 141 1964 ligiis
150 1902 294 1952 nuntiandis
300 1917 375 1966 prsrn
382 1901 466 1964 religio
473 1907 548 1950 stram

70 1966 184 2015 ninimis
197 1965 281 2015 inserit
295 1967 364 2016 Deos
378 1977 418 2026 77,
434 1979 471 2026 73.
494 1981 548 2028 pro-

613 619 729 687 sulas—10,
744 634 783 680 74,
798 624 824 668 et
840 625 892 670 tots
907 623 997 685 possim
1013 623 1087 672 histo-

613 683 655 732 ria.
678 689 801 746 praetores
812 698 851 743 77,
863 697 903 747 33,
917 691 943 734 et
958 688 1017 735 alibi
1034 703 1087 750 pes·

613 747 667 798 sim.
689 748 828 810 provinciae
841 755 912 798 extra
924 751 1034 800 ordinem
1045 752 1088 800 ds·

612 813 1087 888 Qmussssffinmm

613 889 663 924 eins
673 880 717 924 sut
726 881 805 924 sortrn
815 884 859 926 snt
869 893 1009 940 comparare
1024 879 1089 929 inter

612 954 639 988 se
654 941 766 988 consules
778 940 836 989 iussi
847 952 887 1002 37,
900 957 921 992 1.
948 943 1088 1006 provinciae

613 1009 755 1067 prorogatae
768 1005 792 1064 8,
806 1019 836 1066 73
848 1010 874 1053 et
884 1005 922 1056 76,
942 1021 980 1067 ιο,
994 1006 1029 1056 ι6.
1047 1021 1087 1066 77,

613 1070 1087 1183 eisarneinfflmhrs

612 1195 708 1322 1198977
725 1211 765 1261 79,
781 1209 819 1261 ι9.
834 1196 882 1246 rid.
893 1203 978 1247 tamen
995 1212 1033 1258 ιο,
1050 1200 1086 1249 ι8.

612 1275 627 1308 e
649 1274 662 1306 7
680 1273 736 1320 ,47.

167 1360 176 1374 .
204 1325 237 1374 nd
263 1324 372 1387 prodigio
392 1325 513 1374 elicienda
534 1339 549 1374 e
584 1323 723 1374 Provocatio
738 1324 771 1373 sd
787 1326 906 1388 populum
922 1327 976 1389 lego
993 1327 1087 1376 sancita

614 1403 638 1448 7,
653 1389 675 1439 8.
693 1402 717 1450 3,
728 1399 767 1449 33.
786 1403 857 1454 ιο,9.
878 1391 1018 1452 provocatio
1035 1407 1086 1440 non

613 1458 650 1501 est
665 1467 683 1500 a
697 1452 816 1502 dictatore
830 1468 853 1513 7,
867 1455 981 1520 restro.
1004 1471 1086 1504 οιοιιι-

612 1521 653 1565 tur
667 1516 797 1566 decemviri
812 1517 865 1566 sina
896 1518 1051 1568 rovooatione
1062 1533 1086 1580 3,

613 1594 651 1642 37.
676 1583 726 1656 lex,
742 1582 846 1644 nequis
864 1534 944 1631 ullum
962 1583 1086 1646 megistus·

612 1650 665 1694 tum
676 1659 728 1694 siue
739 1646 910 1709 pmrocstione
920 1653 1027 1697 meant:
1044 1647 1086 1710 qui

612 1713 723 1769 cresum,
739 1725 796 1758 eum
812 1711 851 1759 ius
866 1711 951 1774 Aque
967 1715 1031 1760 esset
1046 1727 1086 1761 oo·

612 1773 661 1822 cidi
673 1785 711 1835 55.
727 1773 777 1823 rid.
787 1779 871 1824 umen
882 1790 906 1834 4,
917 1787 953 1837 ι3.
972 1791 1086 1838 provoca·

612 1837 673 1886 tioni
685 1838 750 1887 cedit
760 1837 866 1888 dimeter
876 1841 900 1898 8,
911 1852 949 1900 33.
971 1855 1086 1902 provoce-

612 1900 647 1950 tio
663 1918 712 1951 non
728 1908 766 1951 est
782 1902 877 1966 longius
894 1905 926 1952 sb
940 1903 1001 1952 urbe
1016 1904 1087 1954 mille

612 1981 727 2028 pssmum
738 1979 763 2026 3,
774 1981 813 2017 7ο.

70 2030 137 2092 ligio
148 2027 221 2079 nulle
231 2031 365 2080 admodum
374 2029 548 2079 nuntiabantur
581 2029 705 2078 Proxenus
714 2031 747 2078 ab
758 2031 897 2080 Orthobula
906 2046 982 2081 uxore
992 2047 1086 2082 veneno

70 2109 91 2141 n
105 2095 239 2156 publicum
251 2095 315 2144 Livii
326 2110 387 2144 aevo
399 2108 438 2155 43,
453 2105 488 2156 15.

611 2094 707 2142 tollitur
716 2108 757 2153 4ι,
768 2107 807 2154 3ο

69 2159 189 2208 editionis
205 2174 278 2222 supra
291 2158 445 2222 septuaginta
455 2157 549 2207 Nolani
582 2157 685 2218 Prusias,
695 2157 891 2234 Bithyniaeurem
900 2158 926 2208 in
942 2160 1004 2210 lines
1078 2161 1086 2174 ⁶

69 2221 185 2272 damnati
195 2224 272 2272 securi
282 2221 451 2286 percutiuntur
462 2235 501 2284 73,
511 2237 547 2285 ι7.

69 2287 180 2336 editores
201 2287 319 2336 hhertatis
337 2288 397 2336 dant
415 2301 506 2349 pomae
526 2301 548 2346 7,

68 2361 136 2493 gello
155 2416 285 2467 Gallorum
301 2415 380 2493 prima
395 2418 460 2479 plus,
474 2430 548 2477 quam

68 2494 190 2541 suorum,
199 2490 321 2545 postremo
330 2496 420 2539 minus,
429 2496 504 2543 quum

68 2547 197 2595 minarum
213 2552 276 2597 mut.
293 2544 341 2595 vid.
354 2544 430 2595 Galli.
453 2544 548 2607 inipso

68 2610 212 2659 discrimine
228 2610 314 2675 proelii
330 2611 425 2673 templs
438 2608 493 2659 Diis
508 2623 547 2659 vo

69 2676 146 2725 rendi
158 2690 211 2724 mos
224 2690 261 2735 ιο,
272 2690 310 2737 47.

68 2753 157 2799 cerne,
168 2738 286 2803 oppidum
298 2736 337 2801 36,
351 2753 387 2799 ι4.

68 2804 237 2853 omentorium
262 2802 422 2853 Anemurium
447 2816 487 2865 33,
509 2818 548 2853 7ο.

71 2868 199 2930 Apollinis
215 2883 254 2931 3ο,
270 2882 308 2928 74.
336 2866 511 2927 Brundisino,
526 2882 547 2917 7.

70 2933 203 2983 Calabriae
218 2948 257 2993 47,
271 2934 308 2992 48.
336 2932 493 2994 Calycadnus
509 2932 548 2992 38,

73 2998 112 3057 38.
135 2998 311 3048 Canastraeum
321 3011 361 3059 44,
375 3009 411 3044 ιι.
433 2995 548 3045 chelido

72 3061 130 3111 niae
142 3075 182 3123 33,
193 3076 224 3112 7ο
234 3068 259 3109 et
270 3076 308 3121 4ι,
331 3062 452 3123 Corycum
467 3070 506 3121 37,
520 3074 548 3108 ιι

73 3129 99 3173 et
109 3140 149 3192 79.
166 3126 268 3175 Iunonis
279 3126 387 3174 Actaeae
398 3138 438 3185 37,
447 3137 485 3185 73.
502 3124 548 3173 Le-

74 3194 132 3239 cton
145 3202 183 3252 37,
195 3202 232 3253 37.
254 3190 362 3239 Leucate
372 3185 412 3247 76,
423 3186 461 3238 76.
482 3188 548 3251 Lily-

612 2221 691 2271 Attali
709 2224 882 2286 transgreditur
897 2224 936 2284 78,
952 2235 974 2286 7.
995 2241 1012 2274 n
1027 2225 1049 2274 P
1068 2225 1077 2236 “

612 2285 682 2348 lippo
701 2286 864 2336 Macedoniae
883 2303 940 2351 rege
959 2288 1087 2338 aserrhitnr

612 2349 703 2399 foederi
720 2365 777 2401 cum
791 2351 911 2401 Romanis
922 2353 985 2401 inito
996 2367 1035 2418 79,
1049 2368 1085 2404 ι7.

612 2416 692 2465 sooius
710 2421 736 2465 et
751 2417 846 2465 smicm
862 2417 973 2479 Philippi
990 2430 1030 2477 37,
1046 2432 1086 2493 34.

514 2480 548 2529 ie
611 2480 1086 2531 adeumdecimommlsssertstescn-

611 2544 678 2593 bitur
688 2556 727 2605 33,
739 2556 778 2604 3ο.
804 2558 861 2592 eum
877 2544 908 2593 sd
924 2544 1018 2592 bellum
1028 2561 1085 2594 con·

611 2608 671 2657 citet
682 2608 819 2657 Antiochus
831 2620 870 2671 37,
878 2620 916 2669 73.
934 2614 1061 2658 revocetur
1070 2625 1087 2659 a

611 2671 732 2722 Romanis
753 2673 785 2721 ad
806 2672 909 2721 oonsilio
932 2672 1011 2735 pacis,
1026 2674 1086 2724 ibid.

611 2738 724 2786 adversus
746 2736 884 2785 Eumenem
904 2737 998 2785 bellum
1024 2738 1087 2801 gerit

612 2799 899 2929 enomere.
905 2799 1087 2929 ”timi

611 2930 644 2977 od
657 2930 783 2979 Romame
798 2930 830 2978 de
846 2944 907 2992 pecs
923 2944 979 2978 enm
997 2929 1087 2980 Perseo

613 2993 766 3042 conciliando
781 3010 823 3055 44,
839 3008 874 3054 ι4.
899 3008 955 3043 oum
972 2994 1024 3042 tilio
1041 2994 1086 3043 Ni·

612 3058 713 3105 comede
725 3058 833 3106 Romam
845 3056 911 3105 venit
922 3068 1011 3118 45‚44.
1034 3058 1088 3108 eius

611 3120 746 3179 humilitus
756 3120 816 3169 ihid.

581 3186 727 3249 Prytsnm
739 3184 822 3247 Cyzici
832 3199 873 3243 41,
884 3198 921 3247 73.

74 3254 164 3303 beeum
176 3266 214 3316 77,
226 3266 250 3316 5.
266 3254 364 3303 Maleae
375 3266 415 3314 34,
426 3266 464 3313 37.
482 3252 547 3301 Mer·
582 3248 700 3313 Prytanis,
710 3264 821 3298 summus
830 3250 897 3311 spud
909 3248 1020 3298 Rhodios
1034 3264 1086 3299 ma-

75 3319 136 3367 curii
149 3334 187 3382 79,
198 3330 236 3380 77.
253 3318 381 3367 Minervae
391 3331 431 3377 4ο,
444 3318 481 3364 ι8.
499 3316 547 3365 Mi·
611 3313 725 3377 gistratus
735 3327 775 3373 47,
785 3325 824 3375 43.

76 3383 128 3431 seni
144 3398 183 3443 74,
196 3397 231 3444 ι3.
242 3383 407 3459 ΙΜγοιιιιοιιιι
423 3391 463 3442 37,
478 3392 508 3441 77
524 3386 549 3429 et
583 3376 1085 3491 Pssltriseguandoprimumadditaeepn·

77 3460 115 3561 {ll
141 3448 372 3569 inimi..
389 3444 549 3573 hinet
582 3443 861 3568 ultimae...
878 3520 965 3566 4...
983 3504 1088 3555 on..

79 3586 116 3635 77.
141 3576 244 3639 Pyrenes
261 3571 349 3639 26‚19.
371 3572 549 3636 Sarpedonium

611 3586 627 3620 a
637 3570 803 3619 fundmentis
812 3569 852 3631 67.

79 3640 118 3699 38,
129 3642 165 3701 38.
187 3639 299 3697 Sunium,
310 3637 408 3687 Atticas
421 3643 498 3686 terrae
509 3650 549 3698 37,
583 3636 722 3686 Ptolemaeo
738 3634 896 3697 Philopatori‚
906 3634 1012 3697 Aegypti
1028 3634 1089 3697 regi,

81 3714 117 3765 ι7.
140 3705 350 3764 Toronse31‚45.
373 3700 497 3751 Zelasium
509 3714 549 3762 31,

68 3765 199 3882 rgsficenium
216 3832 248 3881 sd
266 3832 352 3881 aedem
370 3830 493 3893 Apollinis
510 3845 550 3890 40,

70 3906 187 4023 ‘glinon
198 3974 237 4022 ²4.
248 3974 286 4025 39·
307 3958 467 4023 Poeninas
478 3974 550 4022 meu·

82 4024 144 4073 niam
154 4026 259 4075 reienmt
269 4026 359 4074 fluctus
367 4024 394 4072 in
404 4023 483 4071 vicina
492 4024 550 4071 feno

612 3700 644 3748 sd
670 3700 835 3747 reuocandam
860 3698 994 3747 amicitiam
1021 3699 1086 3747 dono

611 3764 686 3813 missa
696 3768 754 3826 toga
763 3770 789 3811 et
798 3762 884 3811 tunice
898 3777 1020 3837 purpureo
1030 3778 1087 3811 cum

613 3828 675 3877 sells
684 3829 791 3877 eburnea
801 3837 874 3887 77,4.
895 3840 918 3875 1s
932 3826 1008 3874 mittit
1022 3827 1086 3889 legn-

612 3897 651 3940 tos
671 3893 703 3941 sd
724 3891 886 3940 dirimendum
907 3890 1001 3939 bellum
1024 3890 1088 3940 inter

614 3956 760 4019 Philippum
771 3962 797 4005 et
808 3955 908 4004 Aetolos
919 3968 957 4017 3ο.
968 3955 1000 4003 ot
1011 3961 1036 4002 et
1047 3968 1089 4016 37,

614 4035 654 4083 33·

83 4088 150 4137 litora
161 4104 199 4155 79,
212 4091 248 4139 ι8.
270 4088 375 4138 thesauri
391 4088 551 4150 spoliantura
585 4086 738 4136 Ptolemaeus
754 4081 906 4145 Epiphanes,
922 4098 965 4131 rex
981 4082 1088 4161 Aegypti

84 4152 115 4208 Q.
125 4154 249 4214 Pleminio,
257 4153 380 4217 praesecto
388 4151 472 4201 Locris
481 4166 519 4217 79,
528 4162 548 4212 7.

84 4230 150 4279 super
167 4233 196 4267 ea
216 4234 242 4267 re
261 4216 418 4267 Locrensium
437 4216 550 4279 querelae

68 4304 70 4315 »
88 4282 120 4330 ι8.
141 4282 242 4344 pecunia
251 4298 282 4331 ex
294 4281 333 4330 his
344 4280 463 4331 thesauris
478 4284 550 4328 nocte

86 4344 143 4394 clun
152 4346 248 4397 sublata
259 4359 298 4407 31,
312 4360 348 4396 ι7.
369 4342 520 4406 mdlegium
535 4360 550 4393 n

613 4164 653 4211 3ι,
665 4163 687 4199 7.
711 4149 743 4196 ad
760 4162 816 4195 eum
833 4147 906 4210 legati
921 4146 994 4195 Rom.
1012 4149 1090 4209 mirsi,

613 4214 672 4262 ibid.
699 4212 752 4261 cius
768 4213 800 4260 od
816 4212 940 4265 Romanos
959 4212 1048 4274 legatio
1063 4229 1087 4279 9.

614 4276 729 4326 Antiochi
744 4275 821 4325 filiam
831 4275 901 4325 ducit
927 4287 952 4338 5,
966 4290 1002 4338 ι3.
1023 4278 1087 4341 lega·

613 4347 653 4391 tos
669 4342 775 4391 Rornsm
794 4340 871 4390 mittit
940 4358 963 4400 4
987 4342 1088 4404 pollice-
