2934 4800
327 199 369 260 ³2
716 190 828 257 ΤΙΤΙ
858 191 995 257 LlVlI

173 337 404 411 11.e.578.‘tet.
451 329 502 394 Ac
523 329 649 406 scimus,
669 329 795 407 Persea,
818 351 917 416 regno
939 342 1079 416 accepto,
1102 327 1114 392 l
1174 341 1224 393 tos
1239 329 1407 396 Romami

171 414 202 465 A.
220 411 249 464 ⁰·
267 415 481 493 ¹⁷4·‘misisse,
504 439 541 480 sc
562 439 596 480 re
619 438 671 481 em
694 440 713 480 a
736 415 854 503 populo
878 415 1025 480 Romano
1045 438 1127 503 appe
1151 427 1258 480 atum:
1285 415 1386 480 audi·

331 511 429 581 ‘mus‚
445 501 566 590 legatos
588 439 750 567 liomanos
764 503 887 567 venisse
909 501 950 566 sd
972 525 1089 590 regem,
1108 513 1141 566 et
1162 525 1216 566 eos
1237 502 1383 587 benigne

331 597 509 677 ‘exceptos
556 588 647 654 Haec
663 589 771 654 omnis
784 591 871 676 pacis
885 588 1035 675 equidem
1059 589 1151 675 signa
1168 611 1236 653 esse
1257 589 1383 664 iudico,

329 685 415 740 ‘non
427 675 519 741 belli:
539 699 599 740 nec
612 676 775 742 Romanos
787 675 906 740 offendi
921 698 1022 762 poffle,
1031 675 1068 751 si,
1079 689 1115 740 ut
1129 675 1248 740 bellum
1262 699 1384 762 geren-

330 772 396 827 ‘tes
416 786 470 828 eos
491 762 593 828 secuti
613 785 730 839 sumus,
746 785 976 848 huncquoque
998 762 1084 848 pacis
1105 777 1248 827 auctores
1261 786 1385 849 sequa·

330 859 429 914 ‘mun
464 847 533 914 Cur
544 849 674 935 quidem
687 872 745 913 nos
756 848 949 936 inexpiabile
960 849 1103 912 omnium
1118 848 1176 913 soli
1189 849 1308 913 bellum
1319 850 1383 914 ad-

330 946 456 1001 ‘versus
470 959 604 1022 regnum
620 935 836 1001 Macedonum
892 957 1007 1012 ramus,
1022 958 1086 999 non
1102 934 1205 1000 video.
1248 935 1383 1022 Oppor-

329 1023 419 1087 ‘tuni
429 1022 666 1110 propinquitate
676 1023 744 1109 ipsa
753 958 963 1086 Macediiniae
974 1022 1102 1086 sumus?
1118 1044 1160 1085 an
1171 1022 1381 1086 infirmissimi

328 1111 501 1187 ‘omnium
523 1123 684 1258 tanquam,
704 1131 784 1195 qnos
805 1131 909 1194 nuper
928 1108 1073 1185 subiecit,
1094 1107 1259 1195 Dolopes?
1303 1108 1381 1173 Imo

328 1205 458 1260 ‘contra
479 1219 525 1273 ea,
546 1219 584 1260 ve
620 1195 739 1260 viribus
760 1195 885 1271 nostris,
908 1193 1005 1259 deum
1026 1195 1232 1281 benignitate,
1251 1195 1304 1260 vel
1325 1207 1405 1260 re-6

329 1292 339 1322 ‘
347 1283 450 1369 gionis
466 1281 631 1347 intervallo
647 1282 716 1347 tuti.
765 1281 829 1346 Sed
843 1281 940 1345 simiis
955 1304 1056 1368 aeque
1070 1282 1205 1346 subiecti
1219 1304 1255 1346 ac
1271 1282 1404 1349 Thes-7

329 1368 404 1433 ‘sali
419 1369 610 1456 Aetolique:
634 1368 737 1432 nihilo
756 1368 828 1456 plus
847 1367 924 1432 fidei
945 1369 1203 1454 auctoritatisque
1220 1368 1380 1434 habemus

321 1455 495 1521 ¹‘adversus
511 1455 684 1532 Romanos,
700 1456 757 1542 qui
771 1477 897 1541 semper
915 1454 992 1519 socii
1011 1469 1108 1541 atque
1129 1455 1223 1519 amici
1243 1456 1377 1533 fuimus,

234 1593 240 1599 .
328 1552 442 1629 ‘quam
459 1543 577 1619 Aetoli,
592 1543 649 1628 qui
706 1541 771 1606 ullo
785 1554 859 1606 ante
875 1541 981 1606 hostes
993 1541 1146 1606 fuemnt?
1192 1541 1291 1617 Quod
1308 1542 1379 1606 Ae·

328 1629 428 1707 ‘tolia
443 1629 531 1716 quod
547 1565 716 1704 Themalib,
732 1628 821 1716 quod
841 1627 1094 1714 Epirotis,omni
1112 1626 1251 1715 denique
1271 1627 1378 1694 Grae·

327 1716 413 1780 ‘ciae
428 1739 501 1780 cum
519 1713 749 1780 Macedonibus
768 1715 845 1779 iuris
860 1728 918 1791 est,
933 1714 1020 1778 idem
1041 1727 1075 1779 et
1095 1715 1187 1779 nobis
1206 1716 1255 1778 sit.
1303 1714 1379 1780 Cur

327 1811 338 1841 ‘
345 1800 545 1866 exsecrabilis
570 1801 630 1864 ists
655 1801 748 1865 nobis
770 1799 844 1864 solis
864 1800 952 1864 velut
971 1800 1116 1867 dissertio
1141 1801 1218 1866 iuris
1239 1801 1376 1866 humani

328 1888 418 1954 ‘esti
462 1885 587 1952 Fecerit
601 1885 723 1974 aliquid
738 1885 822 1950 Phili
846 1909 916 1973 pus,
931 1909 989 1951 cur
1002 1887 1153 1952 adversm
1173 1909 1247 1953 eum
1270 1910 1377 1953 arma-

327 1984 415 2040 ‘tum
437 1986 470 2038 et
491 1973 611 2038 bellum
631 1985 797 2060 gerentem
820 1909 881 2037 loc
903 1973 1165 2039 decerneremus:
1193 1974 1273 2062 quid
1294 1975 1376 2040 Pcr-

326 2070 426 2138 ‘seus‚
447 2083 547 2125 novus
566 2083 632 2137 rex,
657 2059 760 2124 omnis
778 2059 912 2124 iniuriae
933 2060 1051 2138 insons,
1066 2083 1124 2126 suo
1138 2061 1294 2126 beneficio
1316 2085 1375 2149 pa-

326 2157 450 2212 ‘ternas
479 2146 653 2212 simultates
683 2145 864 2224 obliterans,
892 2147 1033 2212 memit?
1062 2170 1119 2212 cur
1142 2147 1202 2212 soli
1227 2149 1375 2213 omnium

327 2234 450 2299 ‘hostes
471 2235 502 2298 ei
525 2234 658 2299 sumus?
705 2233 899 2321 Quanquam
922 2249 955 2298 et
978 2233 1060 2298 illud
1084 2233 1191 2299 dicere
1215 2247 1373 2321 poteram,

326 2331 434 2388 ‘tanta
447 2321 587 2408 priorum
603 2319 814 2405 Macedoniae
835 2341 948 2408 regum
968 2321 1081 2385 merita
1097 2343 1173 2409 erga
1192 2344 1251 2386 nos
1264 2321 1373 2399 fiaisse,

233 2492 234 2499 ἵ
327 2418 337 2449 ‘
346 2421 381 2474 ut
401 2408 542 2495 Philippi
561 2408 656 2473 unius
674 2407 816 2485 iniurias,
831 2408 859 2471 si
895 2430 955 2473 uae
969 2408 1049 2493 forte
1069 2408 1208 2486 fixerunt,
1224 2410 1242 2444 ⁸
1257 2410 1371 2496 ntique

327 2506 416 2583 ‘post
441 2508 575 2569 mortem
587 2519 611 2571 ;.
627 2517 725 2582 quum
753 2494 858 2559 classis
873 2432 1031 2560 (itomana
1057 2494 1233 2561 Cenchreis
1258 2508 1369 2574 staret

326 2582 455 2647 ‘consul
470 2604 543 2646 cum
558 2582 701 2648 exercitu
716 2578 838 2645 Elatiae
853 2594 945 2658 esset,
954 2581 1095 2646 triduum
1109 2604 1168 2646 nos
1181 2582 1217 2647 in
1230 2583 1368 2647 concilio

326 2668 449 2745 ‘fixisse
467 2668 690 2746 consultantes,
711 2682 819 2731 utrum
842 2666 1014 2744 Romanos,
1037 2691 1080 2732 an
1101 2667 1297 2755 Philippum,
1316 2692 1369 2733 se-

326 2764 522 2843 ‘quercmun
570 2754 662 2819 Nihil
683 2766 786 2819 metus
804 2776 954 2840 praesens
971 2756 1010 2819 ab
1027 2753 1181 2819 Romanis
1198 2756 1395 2820 sentcntiass

327 2852 465 2908 ‘nostras
480 2841 655 2905 inclinarit:
678 2840 740 2904 fuit
753 2858 838 2904 certe
853 2854 961 2905 tamen
975 2840 1106 2927 aliquid,
1117 2841 1208 2927 quod
1222 2855 1287 2906 tam
1301 2842 1374 2907 lon-

325 2938 418 3015 ‘gsm
442 2927 701 2992 deliberationem
724 2926 859 2991 faceret:
888 2927 923 2991 id
944 2927 1032 3014 quod
1057 2941 1125 2993 erat
1147 2942 1272 2993 vetusta
1294 2952 1375 2994 con·

325 3014 465 3080 ‘iunctio
487 3036 559 3079 cnm
581 3013 822 3090 Macedonibus,
838 3027 945 3078 vetera
959 3028 992 3077 et
1007 3036 1122 3100 magna
1135 3014 1170 3079 in
1184 3038 1244 3079 nos
1257 3038 1373 3115 regum
1454 3023 1455 3108 l

326 3102 466 3166 ‘merita
511 3100 649 3165 Valeant
670 3112 703 3165 et
725 3120 813 3164 nunc
834 3099 947 3164 eadem
969 3100 1032 3177 illa,
1053 3123 1119 3165 non
1139 3115 1176 3166 ut
1200 3124 1372 3189 praecipue
1454 3119 1455 3144 ¹

326 3198 337 3228 ‘
345 3188 447 3265 amici,
463 3185 518 3252 sed
538 3210 579 3251 ne
601 3187 770 3274 praecipue
785 3186 907 3249 inimici
920 3186 1028 3251 umus„
1074 3186 1127 3251 Ne
1141 3187 1186 3265 id,
1201 3188 1290 3275 quod
1304 3206 1394 3256 non9

327 3284 337 3315 ‘
344 3275 457 3362 agitur,
472 3272 666 3351 Callicrates,
676 3272 933 3337 simulaverimus.
980 3272 1087 3339 Nemo
1101 3296 1200 3339 novae
1211 3275 1373 3341 soeicmtis
1454 3313 1455 3346 ι

357 3463 485 3525 5Ls9a'toa
492 3460 593 3511 Rosam
600 3460 705 3520 minim]
718 3459 831 3522 ctSupr.
862 3461 978 3509 mnu
989 3464 1056 3508 recte
1070 3461 1211 3509 mandarit
1221 3462 1371 3512 Pcrisonius.

217 3546 220 3553 ·
324 3527 360 3575 xl.
372 3526 411 3587 58.
863 3526 938 3583 Areo,
952 3529 980 3573 ut
994 3524 1132 3574 ὒτονίετίω
1147 3525 1249 3584 notarit,
1264 3527 1319 3575 vult
1334 3527 1371 3576 in-

356 3586 480 3640 somna
499 3590 541 3650 aa]
568 3588 685 3637 Formula
703 3588 765 3637 haec
787 3603 831 3651 pro
863 3588 941 3651 telligi
958 3588 1128 3637 Romanorum
1144 3595 1247 3650 metum,
1266 3605 1370 3652 quorum

323 3654 437 3715 simplice
451 3660 535 3702 contra
550 3652 609 3701 abbi
624 3652 754 3702 adhibetur
765 3653 832 3714 apud
863 3652 947 3701 classis
962 3650 1104 3712 mumma
1118 3654 1238 3702 exercitas
1252 3655 1372 3704 terrestris

325 3724 442 3767 nosmm.
458 3717 490 3765 ef.
503 3732 569 3779 supr.
583 3716 634 3766 xxi.
646 3730 684 3766 so.
701 3716 757 3766 infr.
771 3716 830 3765 xliv.
864 3714 962 3765 Elatiae
969 3716 1372 3778 mdamdelssiemrentacbaei,

326 3794 365 3843 43.
862 3779 889 3828 in
903 3796 978 3830 causa
993 3780 1075 3840 huna
1092 3796 1135 3830 cur
1150 3782 1182 3830 ad
1199 3782 1255 3831 illos
1267 3782 1370 3833 inclina
1454 3797 1455 3808 ¹

360 3855 374 3907 7
396 3844 445 3893 Sed
469 3844 545 3893 dmm
571 3860 600 3894 na
674 3844 775 3894 motion
802 3860 832 3893 ac
863 3850 918 3893 rent
935 3844 1126 3893 consultantium
1144 3846 1228 3895 animi.
1261 3846 1311 3896 Sed
1327 3848 1370 3895 de-

327 3908 583 3982 Tborealidetolm]
623 3912 715 3956 atetex
727 3908 832 3969 iisquse
863 3922 927 3966 mus,
940 3907 1029 3969 inquit,
1043 3908 1106 3962 nibil
1123 3916 1183 3958 tunc
1198 3910 1302 3959 valuisse
1319 3926 1370 3959 me-
1454 3935 1455 3964 i

325 3978 468 4035 sequuntur,
486 3971 534 4034 legi
553 3971 640 4019 debera
658 3974 831 4035 Epirotacqae.
864 3972 1006 4020 tamillum.
1034 3973 1109 4021 Certe
1118 3972 1211 4035 aliquid
1222 3980 1305 4023 nmen
1313 3975 1370 4034 siit,
1454 3977 1455 3986 ¹

326 4038 443 4088 Ceterum
460 4036 522 4085 haec
538 4034 575 4084 ita
592 4036 752 4099 intelligenda
766 4040 832 4095 sunt,
863 4036 929 4096 qnod
942 4042 994 4084 tam
1009 4036 1319 4099 longamdelibsrstionam
1334 4040 1369 4087 fs·
1454 4061 1455 4064 ¹

326 4106 354 4149 nt
370 4116 400 4149 aa
415 4101 479 4149 Areo
490 4100 536 4148 sibi
550 4100 603 4161 ipse
614 4099 721 4159 obiiciat,
732 4115 762 4148 sc
772 4101 832 4148 dum
864 4105 938 4149 oeret,

324 4164 410 4214 obiicit
424 4164 528 4213 refellat.
560 4164 832 4213 Sulisotlidsmestac
926 4166 967 4214 Nc
987 4166 1023 4224 td,
1044 4167 1109 4228 quod
1129 4182 1180 4215 non
1200 4169 1298 4229 affine]
1326 4166 1369 4217 Ne

325 4242 400 4291 supra
418 4230 556 4292 opportuni.
589 4226 644 4281 Nisi
667 4228 730 4276 forte
745 4229 832 4290 legen·
863 4178 982 4277 subiicere
997 4228 1122 4279 videamur
1132 4231 1301 4281 deliberationi
1314 4246 1368 4280 nos

327 4292 527 4355 dumestpotitu
536 4294 649 4355 rmpccti.
666 4292 747 4342 cm.
863 4298 917 4341 tras
942 4293 1044 4355 aliquid,
1070 4295 1102 4343 ds
1128 4309 1178 4356 quo
1203 4308 1254 4345 non
1280 4296 1366 4358 agitm.
1454 4345 1455 4348 ,

359 4357 465 4406 snitu
473 4364 551 4407 matur
558 4358 688 4420 precam]
706 4358 782 4405 Mlti
788 4371 833 4418 pro
864 4356 960 4407 Rascn.
1454 4355 1455 4406 1
