2934 4800
383 202 479 271 um.
502 203 628 271 xmv.
657 203 768 272 car.
791 211 822 270 s
900 289 903 308 Ι
1066 211 1126 274 127

46 341 128 408 late
151 353 290 430 patente
307 363 350 407 ex
368 341 518 443 tunultu
538 342 615 443 iugc
635 355 816 432 pruspectu,
832 341 932 409 oculis
951 343 1126 410 subiicitur.
1138 361 1286 426 lto-583.

51 429 171 504 Quae
190 451 241 494 ree
256 427 405 494 accendrt
423 427 519 494 mihti
537 451 670 507 ammos
684 443 854 518 postquam
869 451 1026 494 summam
1040 429 1126 509 belli,
1137 429 1168 479 ὲ
1184 429 1215 479 ⁰·
1232 426 1286 494 1⁶⁹

50 539 99 617 ac
129 515 242 601 regias
267 537 379 580 omnes
403 515 520 603 copias,
544 527 726 604 terramque
752 516 901 581 hostilem
924 529 988 581 tam
1012 539 1031 580 e
1054 539 1128 618 pro-

51 624 209 752 5⁰⁰⁰
235 615 517 753 metu
530 600 645 689 ⁰⁰⁰⁰
801 602 964 754 ue
981 616 1127 754 ⁰⁰3⁰

55 710 269 874 „tem
287 710 395 840 ee,
411 775 481 839 ,t
500 711 882 877 „a
927 711 1041 841 tut
1060 712 1128 854 ti}

55 875 345 1046 usum
361 859 622 1046 terete
635 861 1126 1036 metretum

58 1055 192 1098 mrssus
211 1045 299 1097 erat:
323 1055 390 1118 qm,
407 1055 450 1098 ex
471 1056 537 1120 quo
558 1046 660 1098 caena
677 1034 827 1100 Romana
847 1034 882 1100 iu
903 1034 1027 1100 tumulo
1048 1026 1283 1100 con-1²'¹⁵P¹⁰⁰⁴

59 1117 194 1219 spexit,
215 1119 409 1206 praeparatis
432 1119 474 1184 ad
499 1133 661 1185 certamen
685 1120 800 1185 animis
821 1143 961 1199 suorum,
983 1121 1125 1187 venienti
1135 1091 1276 1204 ma„
1343 1103 1349 1122 ’

61 1206 198 1292 agauni
230 1203 369 1269 consulis
400 1204 514 1270 obvius
543 1205 615 1270 filit.
661 1205 706 1271 Et
736 1206 876 1272 Romani
908 1207 1053 1294 expediti
1085 1207 1187 1272 adbus.

61 1313 219 1392 pugnam
233 1291 387 1370 exierant,
399 1303 434 1356 et
447 1291 562 1357 hostes.
608 1288 705 1357 Levis
718 1307 877 1358 armatura
891 1307 968 1372 erat,
983 1307 1127 1381 prompt·

62 1399 220 1442 rssrmum
256 1399 358 1464 genua
393 1378 435 1443 ad
470 1377 689 1443 lacesendum
724 1392 896 1444 certamen.
955 1378 1006 1444 Co
1065 1382 1127 1445 essi

63 1464 177 1550 igitur
188 1463 360 1550 extemplo,
371 1463 436 1529 tela
449 1465 664 1530 coniecerrmt.
698 1464 807 1531 Multa
821 1464 981 1565 utrimque
995 1487 1038 1529 vu
1072 1487 1128 1530 era

65 1550 247 1615 temerario
271 1549 400 1614 incursu
425 1564 460 1616 et
483 1564 625 1652 accepta,
647 1563 682 1616 et
706 1550 812 1616 illata:
839 1573 935 1638 paucr
960 1550 1126 1640 utriusque

64 1637 177 1723 partis
210 1635 405 1736 occidentur.
450 1636 585 1702 Irritatra
620 1637 656 1704 in
688 1649 851 1724 posterum
881 1636 974 1703 diem
1000 1637 1125 1716 animis,

67 1809 151 1874 satis
176 1808 263 1873 ade
332 1808 466 1874 eandam
492 1810 595 1874 aciem
619 1809 739 1875 fuisset.
795 1809 912 1898 Iugum
938 1810 1064 1888 montis,
1089 1811 1125 1875 in

44 1907 248 1982 sangustum
293 1917 401 1960 orsum
425 1909 607 1973 cuneatum,
631 1897 686 1960 vix
711 1898 810 1962 ternis
835 1896 1000 1962 ordinibus
1023 1919 1125 1961 arma·

69 1995 183 2048 torum
197 1981 233 2046 in
245 1980 351 2046 fronte
364 1981 477 2069 patuit
515 1979 640 2068 Itaque,
655 1982 765 2070 paucis
779 1984 1004 2070 pugnantibm,
1018 1995 1124 2048 uetera

70 2066 260 2145 multitudo,
282 2068 452 2155 praecipue
474 2069 532 2154 qui
614 2068 701 2168 vium
726 2082 1012 2169 armorumerant,
1033 2091 1124 2158 spec-

71 2167 196 2218 tatores
219 2175 347 2254 pugnae
371 2155 505 2220 stabant
609 2177 656 2218 vra
680 2167 840 2220 armatura
863 2167 959 2220 enam
984 2177 1043 2242 per
1066 2179 1124 2220 an·

70 2240 196 2304 fractus
213 2241 281 2327 ingr
298 2262 494 2341 procurrere,
510 2252 544 2306 et
562 2241 602 2305 ab
622 2239 773 2305 hteribue
791 2263 865 2305 cum
884 2241 948 2305 leri
966 2255 1124 2307 armatura

47 2347 471 2415 aeonserere,per1n1qua
494 2339 592 2414 atque
616 2348 720 2413 aequa
745 2326 815 2391 loca
838 2348 979 2414 pugnam
1003 2339 1121 2414 petere.

75 2414 140 2490 Ac,
155 2411 299 2500 pluribus
318 2435 357 2477 ea
374 2412 428 2479 die
447 2412 629 2490 vulneratis,
644 2436 743 2500 quarn
763 2413 947 2490 interfectis,
966 2412 1122 2501 proelium

74 2512 174 2565 nocte
187 2498 381 2599 diremptum
396 2512 453 2564 est

121 2584 235 2650 Tertio
263 2584 316 2649 dre
344 2608 439 2672 egere
467 2584 599 2650 consilio
624 2585 792 2649 Romanus
820 2583 1010 2683 imperator:
1048 2605 1124 2649 nam

75 2694 185 2759 neque
205 2692 335 2736 manere
356 2672 391 2735 in
412 2672 488 2758 iugo
509 2671 609 2758 inopi,
627 2693 734 2758 neque
756 2669 881 2757 regredr
903 2670 971 2734 sine
992 2670 1123 2757 flagitio,

76 2772 176 2845 atque
196 2757 293 2822 etiam
315 2757 467 2845 periculo,
485 2757 512 2821 si
532 2757 660 2822 cedenti
682 2779 724 2821 ex
746 2756 959 2843 superioribus
978 2756 1055 2823 locis
1074 2758 1124 2821 in-

76 2856 175 2910 staret
196 2843 305 2921 hostis,
326 2857 469 2931 poterat:
491 2864 554 2908 nec
576 2842 665 2907 aliud
687 2843 834 2921 restabat,
853 2864 950 2931 quam
973 2843 1125 2909 audacter

77 2930 280 2996 commissum
303 2930 458 3016 pertinaci
479 2928 622 3006 audacia,
642 2952 725 3017 quae
748 2929 888 3017 prudens
906 2929 1068 2995 interdum
1088 2930 1124 2995 in

78 3016 170 3085 exitu
198 3029 256 3092 est,
287 3016 452 3103 corrigere.
498 3014 641 3080 Ventum
672 3014 803 3102 quidem
834 3030 902 3081 erat
935 3037 986 3093 eo,
1019 3030 1065 3095 ut,
1096 3017 1124 3081 si

78 3104 202 3167 hostem
229 3101 368 3166 similem
397 3102 538 3188 antiquis
563 3100 781 3167 Macedonum
806 3102 933 3189 regibus
963 3102 1124 3167 habuisset

79 3188 199 3265 conari,
213 3210 330 3276 magua
341 3187 449 3253 clades
462 3188 564 3275 accipi
577 3189 727 3275 potuerit.
767 3187 842 3266 Sed,
854 3210 954 3276 quum
968 3188 1010 3253 ad
1021 3188 1123 3253 Dium

79 3274 253 3426 satu
273 3274 1123 3449 ,m⁰⁰⁰⁰;,„,⁰⁰⁰t„

81 3468 141 3512 nec
160 3383 377 3533 mpmcopioe
396 3446 537 3534 integros
557 3446 646 3511 fessis
666 3446 906 3522 summittendo,
922 3468 944 3509 n
987 3468 1028 3509 ue
1045 3444 1123 3531 ipse,

82 3532 167 3619 quod
178 3532 351 3620 plurimum
365 3532 525 3610 intererat,
536 3533 702 3598 certamini
715 3533 825 3596 affuit:
841 3553 943 3617 quum
1010 3552 1124 3595 manus

67 1721 250 1787 maioribus
264 1745 368 1958 {epus
385 1735 482 1809 atque
501 1723 647 1787 infestius
665 1745 854 1788 concursum
874 1723 1001 1802 abillis,
1016 1725 1043 1788 si
1063 1724 1125 1790 loci

83 3791 226 3857 ultimum
247 3792 283 3856 in
306 3791 457 3857 audacter
479 3790 647 3856 commisso
670 3802 900 3877 perseverant:
928 3803 970 3868 et,
986 3788 1124 3877 Popillio

83 3878 187 3943 relicto
207 3878 243 3942 in
264 3877 408 3943 custodia
426 3878 503 3965 iugi,
518 3898 576 3965 per
595 3876 682 3940 invia
700 3891 919 3963 transgressus,
934 3876 1123 3964 praemissis,

85 3964 138 4052 qui
159 3976 365 4052 repurgarent
389 3964 461 4042 iter,
485 3962 635 4029 Attalum
660 3975 695 4027 et
717 3960 929 4051 Misagenem,
953 3984 1028 4027 cum
1048 3983 1123 4027 suae

117 4150 230 4210 ΗΜ
247 4150 387 4209 ordinibus]
419 4148 525 4199 Ordines
543 4147 585 4197 hic
617 4160 724 4197 morum.

86 4212 195 4262 mm
214 4212 587 4332 Pmoemfflfflglssk
619 4210 822 4326 Dduoomm]
839 4212 999 4273 nnuma
1009 4222 1124 4272 pugnam.

87 4281 299 4402 3⁰:¹2th
311 4354 328 4388 a
343 4345 412 4401 terge
427 4339 513 4400 longua
526 4338 586 4389 ordo
