2934 4800
337 237 400 317 422
578 238 858 312 SYLLABUS
894 242 1166 311 CODICUM

339 388 449 453 arbem
470 387 561 470 apud
577 384 741 458 Hennam,
762 382 797 444 in
819 379 955 445 formula
975 379 1065 445 finali
1088 379 1178 446 libn’
1195 377 1274 442 Vll.
1291 399 1375 441 meaae

341 485 450 548 ratam,
467 492 549 556 qnae
565 467 800 534 Nicomachum
818 466 1005 531 flavianum
1023 466 1206 531 Dextrum
1230 465 1343 529 tertium
1354 486 1376 524 t

343 555 570 706 qtffirtunhsibi
584 553 739 703 delegerit
751 552 944 703 immin}
962 554 1107 702 norfliuis
1130 549 1378 701 Ρτωξὲοωω

343 657 1242 816 εῇέριῆῖὼςω
1257 659 1380 819 aas

345 815 471 902 Bagaco
491 835 567 879 vero
587 813 664 878 urba
683 814 776 898 apud
788 813 951 888 Hennam,
965 811 1126 896 qnoniam
1145 811 1281 876 Henna
1291 809 1383 872 finon

344 924 408 988 que
423 923 509 964 nunc
526 897 658 974 incolis3
682 899 820 962 lHaine
834 896 960 974 dicitur,
975 895 1017 960 ad
1032 895 1195 962 Montes.
1205 917 1310 996 usque
1323 892 1384 956 Han

344 987 459 1050 uoniae
486 1008 517 1050 m
582 1005 671 1048 arum
697 983 827 1048 navium
853 983 986 1069 patiens,
1013 982 1148 1048 duabus
1178 983 1289 1048 leuca
1311 981 1345 1043 ab
1362 1002 1386 1041 a

345 1073 452 1137 abest:
477 1072 517 1136 ob
600 1083 743 1134 cautem
758 1068 950 1146 distantiam,
967 1089 1070 1155 quum
1089 1072 1181 1136 arbe
1200 1071 1256 1135 ad
1267 1067 1385 1133 Hm

345 1158 409 1258 dici
431 1168 580 1244 nequeat,
595 1167 739 1220 vocatam
758 1156 954 1255 essearbem
974 1158 1068 1255 opad
1080 1156 1268 1254 Hennam.
1310 1151 1387 1253 Veri·

344 1236 1388 1414 igidiir’NididradfiudmnIViviaerfflexffitdmffigfiffi

346 1417 570 1503 antiquiorem,
603 1415 694 1478 cuius
728 1412 940 1478 Chifletinnua
976 1425 1104 1478 tantum
1145 1428 1201 1479 est
1243 1434 1334 1478 exem
1381 1457 1387 1482 ς

346 1502 538 1579 emendavit,
552 1501 648 1566 fnisse
664 1499 793 1564 tertium
809 1499 872 1562 iam
889 1497 1085 1586 praefectum
1101 1498 1310 1652 mbssle

346 1611 431 1667 nam,
443 1589 508 1654 sive
523 1609 621 1675 prope
636 1585 769 1650 fiuvium
782 1583 943 1662 Hennam,
955 1584 989 1649 id
999 1599 1047 1649 est
1057 1583 1192 1672 Bagaci
1246 1585 1388 1651 aviana

346 1673 468 1740 Verum
483 1673 597 1738 fluvius
612 1671 676 1750 ille,
691 1686 728 1737 ut
747 1684 781 1735 et
799 1671 897 1758 regio,
913 1671 965 1734 cui
985 1693 1106 1736 nomen
1120 1672 1238 1752 dedit,
1254 1691 1389 1756 aempm

346 1761 549 1848 scriptoribus
564 1758 688 1824 Latinis
706 1771 741 1822 et
754 1755 883 1822 Francia
902 1779 960 1843 per
978 1757 1115 1845 primam
1133 1760 1302 1836 vocalem,
1315 1753 1388 1819 erui

346 1845 520 1997 {implicem
544 1845 594 1947 rel
617 1843 778 1995 Viplioein
799 1843 964 1994 aliterartn
979 1844 1114 1994 ἕαὶηα,
1129 1845 1389 1993 {Iugum

386 1957 406 1996 α
433 1953 589 2006 noceam.
660 1951 855 2010 aucmenta,
891 1949 932 1993 au
1016 1953 1241 1998 amentem
1274 1953 1294 1993 v
1383 1973 1389 1988 .

347 1957 515 2084 flaianum
540 2017 635 2082 etiam
662 2014 713 2080 vel
736 2015 904 2080 Honoiam
928 2015 964 2078 in
987 2013 1220 2082 Inatmmento
1246 2011 1388 2082 divisium

346 2127 380 2168 re
425 2103 436 2166 i
457 2101 675 2189 lotharingici
698 2101 783 2166 inter
801 2099 1001 2165 Ludovicum
1020 2099 1269 2168 Germanicum
1291 2117 1324 2166 et
1342 2097 1389 2162 Cs-

347 2212 383 2254 ro
397 2211 450 2252 nm
467 2187 622 2265 Calvum;
647 2209 813 2274 nunqnam
825 2188 949 2252 Henna
964 2184 1015 2251 vel
1029 2187 1300 2265 rimaranes,
1311 2184 1387 2250 muln

347 2275 452 2338 minua
473 2273 635 2361 Bagacum
657 2273 851 2339 Nerviorum
872 2273 1002 2338 nomine
1023 2273 1116 2338 arbit
1137 2279 1242 2360 apud
1257 2277 1387 2342 Hem

347 2361 514 2427 indicatur.
561 2360 674 2448 Longe
688 2360 787 2449 igitur
800 2358 1007 2448 praeferenda
1021 2372 1071 2423 est
1084 2361 1261 2427 sententia
1276 2357 1387 2427 Hauriti

348 2448 467 2513 Valesii
489 2448 542 2514 lib.
565 2446 591 2512 Ι.
612 2447 653 2512 de
675 2447 785 2512 Critic.
802 2470 840 2511 ca
894 2444 1059 2511 XXXIV.
1080 2446 1319 2525 existimantis,
1336 2444 1388 2511 Fe

347 2535 476 2600 viannm
493 2534 726 2600 Nicomachum
737 2532 779 2597 V.
794 2531 834 2598 C.
929 2532 1048 2598 fectum
1062 2532 1151 2596 urbis
1169 2528 1388 2619 Romanu&

349 2620 499 2686 Hennam
516 2621 625 2685 urbem
644 2617 769 2685 Siciliae
785 2618 870 2683 Livii
887 2618 1032 2683 historias
1048 2618 1244 2685 emendasse
1257 2646 1269 2698 ;
1294 2620 1353 2695 ubi,
1363 2630 1388 2679 at

347 2720 380 2771 et
398 2708 431 2770 in
448 2706 543 2772 Notis
559 2705 686 2772 Clarisa
703 2705 762 2768 viri
782 2703 819 2769 P.
836 2703 1022 2782 Burmanni,
1037 2704 1130 2792 plura
1148 2704 1194 2770 de
1214 2708 1300 2771 viris
1318 2706 1388 2771 Itu:-

347 2794 458 2871 tribns‚
484 2794 541 2880 qui
566 2792 651 2879 apud
678 2790 842 2856 Romanoa
865 2789 1111 2878 interpretandis
1132 2804 1167 2855 et
1190 2790 1388 2859 emendanda

347 2878 435 2943 libris
462 2902 482 2944 o
523 2902 590 2943 ram
619 2877 788 2955 dederunt,
814 2876 915 2942 videri
945 2889 1085 2964 possunt.
1132 2876 1302 2944 Similiter
1331 2876 1389 2943 iliud

347 2968 439 3111 «grad
491 2988 601 3030 ennom
624 2963 795 3029 Reinesius
814 2963 961 3113 ezgosuit
976 2962 1076 3063 Epist.
1092 2962 1134 3026 ad
1154 2962 1353 3031 Hoffmann
1369 2981 1389 3026 a

382 3062 486 3202 ”Pit
502 3048 828 3222 attritu.
841 3048 1390 3226 sifidoefiffiffli

385 3244 500 3287 ennam
522 3224 554 3287 in
573 3222 681 3287 Sicilia
698 3236 854 3287 moratum
874 3243 951 3287 ease.
999 3221 1164 3286 Sententia
1186 3222 1275 3288 haec
1300 3224 1390 3289 mulia

348 3309 445 3371 astrui
468 3323 583 3397 posset,
610 3308 666 3373 sed
688 3309 797 3395 paucis
818 3308 1106 3373 contenderimus.
1152 3306 1186 3372 Is
1209 3311 1326 3398 igitur,
1348 3310 1389 3398 qu

349 3392 476 3457 Livium
500 3393 690 3471 emendavit,
706 3394 740 3457 in
763 3393 1044 3482 subscriptionibus
1063 3394 1225 3460 variorum
1245 3396 1389 3462 libror-an

347 3493 478 3545 vocatur
492 3482 711 3546 Nicomachus
726 3482 867 3546 Dexter.
915 3480 998 3545 Vide
1013 3480 1166 3544 adfinem
1181 3480 1239 3547 lib.
1257 3482 1324 3548 III.
1343 3483 1388 3547 rt.

348 3580 380 3631 et
406 3565 447 3631 V.
475 3567 695 3632 Nicomochus
721 3567 898 3631 Fauianae.
944 3564 1028 3630 Vide
1058 3565 1100 3630 ad
1124 3566 1227 3632 finem
1256 3569 1315 3635 lib.
1342 3570 1389 3633 Vl

349 3654 568 3718 Nicomochus
583 3650 711 3716 Lis-imi.
746 3650 832 3715 Vide
847 3651 1000 3717 adfinem
1015 3652 1068 3717 lib.
1081 3650 1159 3716 VH.
1175 3656 1390 3721 Nicomochus

348 3738 535 3803 Flavianus.
582 3736 667 3801 Vide
697 3735 738 3801 ad
763 3736 861 3802 finem
887 3737 940 3802 lib.
966 3736 1042 3803 VII.
1067 3750 1100 3803 ct
1122 3736 1223 3803 VIII.
1272 3738 1390 3806 Dicitur

346 3824 419 3889 III.
434 3822 484 3888 vel
499 3823 592 3888 IIII.
610 3824 700 3887 Prae
718 3834 778 3888 ect.
796 3824 864 3889 urb.
909 3822 995 3889 Vide
1015 3823 1057 3888 ad
1078 3822 1176 3888 finem
1198 3823 1256 3891 liu
1274 3826 1334 3891 vl
1349 3840 1388 3891 ar

346 3906 396 3973 vel
412 3908 463 3975 tei·
477 3908 570 3993 Pref.
588 3910 656 3973 urb.
728 3908 781 3973 ide
796 3909 837 3973 ad
852 3910 950 3973 finem
964 3908 1018 3974 lib.
1031 3908 1107 3975 VII.
1125 3920 1177 3975 ter
1191 3912 1314 4000 Praeti
1330 3916 1384 3977 erl

347 3990 431 4060 Vide
447 3994 488 4059 ad
503 3994 600 4059 finem
616 3992 668 4059 lib.
680 3992 775 4059 VIII.
793 3994 921 4060 Livium
936 3994 1117 4060 emendavit
1130 4000 1226 4085 opud
1237 3999 1383 4064 Hem

347 4076 432 4144 Vide
447 4079 600 4145 adfinem
615 4078 687 4144 libri
702 4078 780 4145 VH.
796 4084 888 4167 opud
904 4082 1008 4147 Tema
1052 4076 1137 4147 Vide
1151 4082 1194 4146 ad
1209 4084 1313 4149 finem
1327 4084 1383 4150 hori

347 4160 441 4227 VIII.
497 4164 616 4227 Parcus
645 4164 714 4228 eius
743 4165 921 4252 appellatur
947 4168 1195 4233 Clementioam.
1243 4170 1381 4235 Videad

347 4246 445 4309 finem
463 4247 535 4310 libri
550 4247 590 4311 V.
639 4248 707 4312 Hes
720 4250 871 4317 formulas
890 4254 1025 4339 pessime
1045 4276 1065 4318 a
1083 4253 1228 4332 librariis,
1245 4260 1381 4359 aequein

349 4326 497 4394 Mediceo
528 4354 564 4395 ac
590 4330 742 4397 Leidensi
773 4334 893 4414 codice,
919 4337 1052 4416 habitas,
1079 4338 1264 4427 multosque
1295 4345 1381 4407 mis
