2934 4800
392 153 459 214 260
778 145 1061 215 ΕΡΙΤΟΜΑΕ

395 283 598 361 dimissurum
628 283 787 347 exercitus
816 296 956 370 negaret,
982 284 1045 348 nisi
1074 308 1094 349 a
1119 283 1275 372 Pompeio
1298 284 1379 347 diuite

396 381 515 435 rentur.
562 367 605 433 Et
631 369 667 434 C.
686 369 834 435 Curionis
860 369 978 434 tribuni
1003 369 1107 456 plebis
1132 370 1272 458 primurn
1295 369 1380 434 adress

395 459 575 533 Caesarem,
597 453 715 519 deinde
760 477 795 520 ro
812 457 948 544 Caesare
970 456 1111 521 actiones
1132 455 1285 522 continet
1323 456 1382 529 Qun

396 539 702 607 senatusconsultum
739 555 846 606 actum
869 555 959 618 esset,
980 555 1017 606 ut
1040 565 1205 608 successor
1226 542 1335 608 Caesari
1350 542 1383 602 ni·

395 640 527 706 teretur,
545 626 593 693 M.
605 627 751 706 Antonio
771 639 804 691 et
824 625 865 702 Q.
879 626 989 692 Cassio
1010 629 1145 693 tribunis
1164 627 1277 716 plebis,
1292 629 1384 714 quonia

394 712 672 779 intercessionibus
702 713 737 777 id
767 713 1074 779 senatusconsultum
1107 713 1327 802 impediebant,
1347 713 1385 774 ub

395 798 503 888 pulsis,
518 798 705 864 mandatum
719 812 768 864 est
782 821 801 862 a
815 813 927 864 senatu
946 799 1130 866 consulibus
1148 815 1185 865 et
1206 801 1267 866 Cn
1281 799 1385 884 Pompeia

395 897 433 950 ut
454 885 609 962 riderent,
634 907 675 950 ne
701 885 782 985 quid
807 885 984 972 respublica
1007 886 1198 951 detrimenti
1227 897 1344 972 caperet
1370 883 1385 944 l

396 972 522 1048 Caesar,
555 969 640 1037 bello
675 972 821 1036 immicos
856 984 1088 1060 persecuturus,
1118 995 1198 1038 cum
1235 967 1385 1036 exercitui

394 1056 520 1122 Italiam
542 1057 650 1122 venit:
676 1056 855 1122 Corfinium
878 1079 951 1123 cum
974 1056 1012 1122 L
1026 1057 1174 1123 Domitio
1198 1072 1234 1123 et
1255 1053 1387 1122 Planub

395 1143 624 1295 cepititepsque
638 1143 767 1293 dilartisit.
815 1143 877 1209 Cn.
890 1143 1081 1231 Pompeium
1102 1159 1291 1230 ceterosque
1305 1141 1387 1228 panim

395 1253 464 1295 erus
510 1251 693 1317 araexpur

879 1578 952 1644 ox.

395 1760 432 1822 C.
452 1756 640 1821 CAESAR
666 1752 941 1830 MASSILIAM,
964 1775 1046 1839 quae
1070 1767 1177 1840 portas
1199 1754 1261 1842 ipsi
1279 1752 1387 1817 cana

392 1842 535 1908 obsedit:
559 1855 601 1918 et,
617 1841 734 1905 relictis
749 1841 782 1904 in
798 1839 961 1906 obsidione
977 1839 1062 1903 urbis
1079 1839 1148 1904 eius
1168 1839 1291 1927 legatis,
1306 1835 1400 1902 utre

390 1930 488 1994 bonio
509 1942 542 1993 et
563 1927 606 1993 D.
620 1925 731 2003 Bruto,
754 1925 913 2013 profectus
935 1925 969 1989 in
993 1923 1194 2011 Hispaniam,
1219 1925 1258 1990 L
1271 1920 1386 2014 Arrun

390 2029 424 2080 et
439 2016 487 2080 Μ.
503 2013 676 2089 Petreium,
691 2012 721 2076 le
764 2028 813 2077 tos
832 2011 893 2076 Cn.
907 2009 1063 2098 Pompeii,
1079 2033 1153 2076 cum
1167 2026 1291 2100 septem
1344 2007 1387 2068 ‘on-

389 2102 450 2166 bus
464 2100 506 2165 ad
519 2099 657 2164 Ilerdem
673 2099 707 2162 in
722 2035 919 2163 diditionem
929 2097 1060 2183 accepit,
1072 2119 1252 2185 omnesque
1266 2097 1331 2192 inco
1338 2109 1388 2186 um?

389 2186 519 2264 dimisit,
534 2185 679 2251 Varrone
698 2207 745 2271 qu
788 2207 828 2249 ue
850 2183 954 2272 legato
972 2182 1120 2270 Pompeii
1141 2207 1220 2248 curn
1241 2195 1387 2272 marcuit

432 2286 577 2339 testatem
613 2293 703 2336 suam
739 2293 773 2334 re
834 2284 876 2334 to.
935 2267 1102 2334 Gaditanis
1138 2269 1300 2335 civitatem
1328 2261 1386 2328 dedu

388 2296 613 2437 blassilienses,
632 2356 758 2424 duobus
781 2355 944 2422 navalibus
967 2354 1093 2442 proeliis
1113 2355 1200 2434 victi,
1304 2350 1386 2447 longao

389 2447 586 2513 obsidionem
597 2443 746 2534 potestati
760 2442 904 2509 Caesaris
914 2464 948 2507 se
960 2442 1179 2529 permiserunt.
1249 2442 1387 2506 nnuma
1401 2444 1402 2463 ¹

387 2532 511 2620 legatus
525 2530 677 2607 Caesaris,
693 2529 775 2594 male
790 2542 901 2595 contra
915 2528 1128 2627 Pompeianos
1138 2528 1179 2628 ‘in
1195 2526 1317 2617 Illyrico
1329 2522 1385 2615 rebat

386 2630 728 2780 ammissa
750 2606 1386 2766 {tumlttfatusbrttl

386 2789 502 2877 potius,
517 2811 614 2876 quam
628 2791 662 2853 in
676 2800 866 2876 potestatem
883 2786 1024 2851 hostium
1037 2786 1193 2863 venirent,
1210 2787 1292 2850 inter
1304 2805 1330 2847 se
1341 2798 1386 2875 (Ψ

386 2888 548 2940 currentes
583 2874 809 2940 occubuerunt
866 2874 903 2938 C.
921 2872 1029 2949 Curio,
1062 2871 1186 2960 legatus
1221 2867 1384 2939 Caestrlsffl

386 2961 506 3039 Africa,
530 2983 630 3048 quum
654 2983 804 3048 prospere
831 2958 978 3024 adversus
1003 2957 1134 3035 Varum,
1163 2956 1384 3045 Pompeianarum

385 3047 523 3134 partium
542 3047 667 3123 ducem,
682 3058 864 3133 pugnasset,
880 3068 900 3109 a
919 3043 1008 3121 Iube,
1024 3066 1098 3131 rege
1117 3044 1385 3117 Mauritaniam

385 3134 528 3199 exercitu
542 3155 651 3199 caesus
665 3145 722 3197 est.
769 3132 806 3196 C.
819 3133 938 3215 Caesar
951 3131 985 3193 in
1002 3129 1170 3195 Graeciam
1187 3129 1311 3197 traiecit

862 3549 953 3616 CXL

381 3724 430 3790 M.
446 3722 652 3792 COELIUS
671 3724 826 3793 RUFUS
844 3744 979 3815 praetor,
996 3750 1095 3816 quum
1114 3726 1283 3793 seditiones
1295 3714 1381 3787 inurit

379 3811 562 3889 concitaret,
578 3835 732 3879 novarum
755 3813 931 3878 tabularum
953 3836 1008 3901 epe
1030 3814 1123 3902 plebe
1145 3812 1312 3885 sollicitata,
1324 3804 1382 3869 abre

378 3910 453 3986 gato
468 3898 651 3986 magistratu
666 3899 774 3986 pulsus
790 3900 877 3977 urbe,
894 3898 1011 3965 Miloni
1026 3898 1138 3977 exsuli,
1151 3899 1208 3986 qui
1223 3896 1380 3985 fugitivorum

378 3984 554 4049 exercitum
569 3997 779 4063 contraxerat,
794 4008 827 4051 se
845 3986 1022 4051 conirmxit
1069 3985 1225 4073 Uterque,
1240 3966 1381 4072 quunltel

376 4067 444 4133 lum
459 4070 657 4147 molirentur,
669 4071 829 4138 interfecti
843 4086 926 4137 sum.
962 4072 1141 4158 Cleopatra,
1153 4068 1289 4159 Aegypti
1298 4077 1379 4152 regfflffi

376 4176 396 4218 a
421 4154 605 4227 Ptolemaeo
631 4157 725 4223 fratre
752 4180 766 4221 r
832 4180 852 4223 o
881 4158 972 4246 pulsa
1001 4168 1056 4223 est
1103 4157 1238 4244 Propter
1264 4152 1300 4230 Q.
1313 4152 1379 4241 Q

375 4241 527 4327 praetoris
548 4243 711 4307 avaritiam
734 4180 1021 4331 critilblitatemque
1046 4242 1266 4311 Cordubenses
1286 4241 1313 4305 in
1330 4228 1377 4297 HL*
