2934 4800
363 208 458 274 LIB.
481 207 594 274 XLII.
619 208 730 275 CAP.
755 215 806 276 59.
1072 219 1092 277 8

40 345 171 410 nisu-o
189 344 395 412 MValerius
412 345 573 412 laevinus
593 346 751 412 sociorum
773 368 815 410 ex
837 343 969 412 Graecis
990 369 1033 434 po
1090 349 1160 414 istt.
1171 363 1201 414 c,
1217 364 1273 426 581.

41 433 196 518 equites
210 432 355 510 habebat,
369 445 403 498 et
417 432 559 498 eiusdem
573 433 678 519 gentis
691 432 795 497 levem
810 445 1008 500 armaturam.
1082 459 1116 500 e·
1125 428 1155 478 Α·
1172 431 1202 480 ⁰·
1220 441 1273 491 ¹7¹·

18 518 152 584 rdiam
179 532 287 584 autem
308 520 409 584 aciem
430 541 504 584 cum
523 517 655 583 delectis
675 519 837 605 equitibus
859 521 1116 588 extraordinariis

44 607 201 670 tenebat
232 605 274 681 Q,
299 604 437 670 Mucius.
487 604 630 670 Ducenti
657 606 782 693 equites
808 604 893 671 Galli
923 619 996 673 ante
1025 607 1116 696 signa

46 692 186 758 horum
208 693 363 769 instructi,
379 706 412 758 et
431 691 473 756 de
492 691 619 756 auxiliis
634 691 789 756 Eumenis
806 691 991 780 CyrtIorum
1012 695 1116 782 gentis

50 780 214 844 trecenti.
241 769 406 845 ‘Thessali
427 778 653 865 quadringenti
678 779 803 866 equites
828 802 924 866 parvo
950 781 1115 848 intervallo

19 877 166 952 osuper
180 866 305 931 laevum
319 888 417 932 cornu
433 864 535 930 locati.
582 864 743 931 Eumenes
761 888 818 932 rex
834 866 1025 955 Attalusque
1040 891 1115 934 cum

50 953 157 1016 omni
173 975 271 1018 manu
284 975 342 1018 sua
355 954 396 1019 ab
410 967 499 1040 tergo
519 953 604 1017 inter
624 967 815 1039 postremam
830 953 932 1020 aciem
946 977 983 1020 ac
997 953 1115 1020 vallum

50 1053 236 1104 steterumt.

106 1124 153 1190 In
179 1126 267 1190 hunc
295 1124 425 1190 modum
454 1126 591 1189 maxime
617 1125 789 1190 instructae
814 1127 907 1204 acies,
933 1149 990 1214 par
1014 1129 1112 1197 ferme
1169 1137 1220 1204 59.

54 1213 167 1277 utrim
191 1235 232 1278 ue
246 1233 396 1278 numerus
410 1212 553 1298 equitum
568 1235 605 1278 ac
619 1211 697 1277 levis
710 1223 897 1290 armaturae,
911 1225 1112 1293 concurrunt,
1123 1222 1256 1276 Proelium

56 1322 80 1364 a
102 1235 324 1364 firnditoribus
344 1297 638 1385 iaculatoribusque,
655 1299 711 1385 qui
732 1312 979 1386 praecesserunt,
994 1302 1114 1388 proelio

59 1399 148 1450 orto.
196 1384 297 1450 Primi
311 1386 453 1450 oninium
469 1385 618 1462 Thraces,
634 1385 722 1450 haud
743 1408 832 1451 secus
847 1409 943 1472 quam
959 1386 1016 1451 diu
1030 1387 1115 1452 clau-

59 1473 141 1537 stris
162 1485 304 1538 retentae
323 1471 417 1548 ferae,
437 1471 484 1536 ira
506 1472 656 1536 concitati
677 1495 752 1536 eum
774 1473 897 1559 ingenti
919 1472 1054 1538 clamore
1079 1475 1114 1538 in

61 1560 222 1624 dextrum
242 1581 353 1634 cornu,
371 1557 499 1623 Italicos
517 1558 651 1645 equites,
673 1558 884 1637 incurrerunt,
901 1572 938 1624 ut
959 1581 1019 1624 usu
1040 1560 1115 1625 belli

64 1660 105 1710 et
122 1645 252 1732 ingenio
270 1645 315 1708 im
356 1644 431 1709 vida
450 1667 528 1732 gens
549 1645 737 1709 turbaretur.
783 1644 927 1732 'gladiis
940 1645 1045 1712 hastas
1059 1669 1115 1734 pe-

67 1749 140 1797 tere
162 1731 293 1819 pedites
343 1731 360 1767 “
374 1753 462 1796 nunc
482 1731 645 1796 succidere
659 1753 752 1796 crura
766 1731 865 1818 equis,
882 1755 968 1798 nunc
981 1731 1037 1798 ilia
1050 1734 1115 1799 suf·

40 1820 190 1884 tfodere.
225 1818 369 1896 Perseus,
380 1818 415 1882 in
426 1818 563 1883 mediam
577 1817 721 1882 invectus
732 1818 843 1895 aciem,
858 1817 998 1886 Graecos
1011 1820 1114 1908 primo

65 1907 197 1992 impetu
220 1905 340 1971 avertit
394 1903 521 1980 Quibus
545 1927 645 1990 quum
673 1905 776 1990 gravis
799 1905 838 1970 ab
865 1919 955 1992 tergo
983 1907 1115 1974 instaret

66 1993 184 2068 bostis,
199 1991 419 2058 Thessalorum
434 1991 604 2091 equitatus,
619 1991 676 2076 qui
690 2013 710 2054 a
723 1990 813 2056 laevo
828 2014 927 2056 cornu
942 1993 1029 2058 brevi
1044 2015 1115 2080 spa·

67 2079 119 2144 tio
141 2077 314 2147 diaunmus
333 2079 367 2142 in
390 2077 538 2142 subsidiis
558 2075 660 2142 fuerat
680 2090 772 2142 extra
793 2100 990 2155 concursum,
1011 2079 1114 2166 primo

65 2177 230 2251 spectator
257 2165 445 2241 certaminis,
471 2163 599 2240 deinde,
625 2161 777 2229 inclinata
804 2185 849 2241 re,
874 2165 1013 2230 maximo
1042 2165 1114 2230 rrsui

66 2253 141 2316 fuir.
189 2249 350 2316 Cedentes
369 2251 453 2314 enim
474 2250 591 2314 sensim
612 2249 743 2336 integris
757 2250 930 2328 ordinibus,
946 2265 1113 2353 postquem

66 2363 103 2405 se
124 2337 280 2403 Eumenis
300 2337 426 2403 auxiliis
444 2336 669 2414 adiunxerant,
690 2348 817 2402 etcum
837 2360 877 2403 eo
901 2351 1006 2405 tutum
1029 2353 1113 2405 tuter

68 2426 199 2491 ordines
226 2447 299 2489 suos
327 2437 491 2511 receptum
515 2423 608 2489 sociis
632 2423 708 2510 lisga
732 2423 890 2511 dissipatis
916 2425 1044 2503 dabant,
1069 2439 1111 2503 et,

67 2534 172 2600 quum
189 2512 294 2575 minus
308 2511 439 2575 conferti
459 2510 565 2575 hostes
581 2510 744 2587 instarent,
760 2510 908 2661 prqgredi
922 2512 1018 2577 etiam
1033 2512 1111 2589 ausi,

44 2598 189 2663 smultos
211 2597 402 2685 fugientium
425 2597 534 2663 obvios
556 2610 761 2683 exceperunt
841 2620 878 2663 ec
901 2599 990 2685 regii,
1015 2598 1114 2687 sparsi

69 2688 134 2751 iam
156 2686 218 2772 ipsi
238 2685 353 2771 passim
370 2683 543 2770 sequendo,
558 2706 632 2749 cum
646 2683 800 2748 ordinatis
815 2696 848 2749 et
861 2696 947 2749 certo
963 2684 1114 2752 inoeden·

69 2774 156 2838 tibus
166 2772 266 2859 gradu
277 2794 390 2835 manus
399 2792 565 2836 conserere
577 2769 745 2835 audebant
786 2769 897 2846 Quum
905 2772 1033 2837 victore
1058 2794 1114 2838 ue·
1122 2790 1178 2841 Rex
1190 2806 1262 2853 eque-

46 2860 127 2933 ostri
153 2858 274 2945 proelio
297 2880 364 2933 rex,
388 2857 511 2921 ‘Parvo
537 2870 700 2921 momento
725 2857 753 2921 si
779 2856 981 2937 adiuvissent,
1005 2859 1046 2925 de
1087 2856 1163 2929 l-tifi
1178 2856 1272 2919 proelio

72 2947 192 3011 ‘latum
217 2945 319 3021 esse3'
348 2958 526 3032 opportune
551 2942 732 3008 adhortanti
757 2945 939 3031 supervenit
959 2945 1112 3045 phalanx,
1122 2926 1206 2969 ΨΜ·

95 3055 169 3098 uam
189 3055 246 3097 sua
267 3045 390 3118 sponte,
412 3054 454 3095 ne
476 3029 588 3095 audaci
611 3043 724 3116 coepto
745 3030 900 3109 deessent,
922 3030 1059 3120 Hippias
1080 3048 1114 3099 et

69 3058 257 3185 leonnatus
266 3118 383 3205 raptim
394 3117 602 3193 adduxerant,
614 3130 782 3203 postquam
795 3139 943 3205 prospere
957 3140 1113 3206 pugnasse

71 3206 211 3293 equitem
231 3217 431 3304 acceperunt.
477 3202 666 3269 fluctuante
685 3226 761 3289 rege
776 3204 860 3269 inter
873 3227 963 3293 spem
977 3220 1113 3271 metum-

72 3316 135 3379 que
150 3306 255 3357 tantae
277 3313 324 3357 rer
343 3288 516 3367 conandae,
534 3290 698 3355 Cretensis
711 3289 873 3369 Euander,
889 3314 955 3379 quo
969 3292 1113 3357 ministro

106 3471 267 3533 5ls'quitr'bue
287 3469 502 3528 extraordinariis]
545 3469 576 3517 et.
609 3467 715 3517 hostium
731 3469 820 3529 aciem,
831 3468 858 3517 in
874 3470 971 3519 laevum
987 3486 1062 3519 cornu
1078 3470 1113 3519 ia-

75 3540 144 3597 Supr.
160 3532 234 3581 xxvii
255 3547 291 3581 ra.
327 3532 385 3580 Vox
403 3534 500 3581 deleam
519 3533 576 3581 Cre·
609 3538 693 3581 vectus
719 3549 778 3581 esse.
820 3533 861 3581 Ita
888 3534 979 3581 nodum
1006 3534 1115 3597 explicat

77 3600 147 3649 vierio
157 3603 269 3660 suspecta
280 3602 325 3655 est,
335 3596 377 3658 qni
388 3602 431 3644 aut
445 3596 514 3644 illam
526 3612 577 3644 era-
609 3596 753 3646 crea-terius.

74 3666 178 3713 desdam
193 3668 286 3720 certast,
300 3666 344 3709 sut
359 3660 504 3723 particulam
520 3674 577 3708 oon-
640 3661 656 3707 8
672 3660 903 3723 &praeparation
913 3662 974 3723 ipsi]
998 3662 1114 3712 Macedo·

76 3728 205 3777 inuetitum
220 3726 360 3775 addendam
377 3732 433 3787 post
448 3728 577 3788 equitibus,
608 3740 660 3782 nes,
676 3724 719 3785 qui
737 3729 763 3773 at
780 3724 837 3786 ipsi,
853 3724 912 3772 dum
928 3732 1062 3787 sequuntur
1077 3729 1114 3779 fu-

78 3795 111 3841 ita
121 3798 147 3840 ut
157 3807 188 3839 ex
198 3790 321 3853 equitibus
330 3788 525 3837 extraordinariis
536 3789 576 3836 de·
608 3788 709 3851 gientes,
725 3788 822 3837 ordines
838 3789 966 3839 solverant.
1001 3790 1071 3841 Nihil
1088 3792 1114 3842 in

78 3856 133 3905 lecti
147 3870 240 3905 rursum
254 3853 331 3915 aliqui
342 3853 452 3912 minent,
462 3853 503 3914 qui
514 3868 576 3901 seor
609 3853 674 3901 hunc
693 3852 785 3910 locum,
801 3858 887 3913 utpote
906 3854 963 3902 clari
981 3855 1114 3906 admodum

79 3936 129 3969 sum
139 3926 242 3982 agerent.
264 3918 295 3968 ct.
308 3919 394 3979 Polyb.
407 3918 438 3967 vi.
449 3932 487 3978 31.
609 3932 701 3973 sensus,
715 3922 906 3975 annotassemus,
922 3918 968 3968 nisi
983 3920 1116 3970 Douistius

109 3984 322 4047 superuenere
331 3984 421 4041 romu]
445 3982 519 4031 Ultra
527 3983 576 4031 lae
608 3984 687 4043 reptos
702 3980 863 4030 intellexisset
881 3982 999 4033 Eumenis
1016 3985 1114 4034 milites

81 4066 134 4098 vam
143 4047 261 4105 cornuin
271 4046 390 4095 nrbsidiis
406 4047 486 4096 Casa.
609 4047 690 4096 cmv.

111 4114 279 4175 rlmdiara
289 4114 400 4161 inuretur
409 4112 494 4168 noim,
502 4113 577 4160 Grue-
642 4125 657 4175 9
672 4111 700 4159 Si
718 4110 877 4169 odierium,
892 4113 1035 4161 tenturam
1050 4115 1113 4173 serr]

80 4196 116 4232 cor
184 4177 284 4236 namu]
314 4176 402 4231 Quum
420 4174 508 4223 Graeci
527 4190 576 4223 non
609 4174 692 4235 Vulgo
707 4176 729 4223 α’
744 4176 884 4233 musana
898 4176 1040 4225 butema
1054 4184 1115 4227 met

80 4242 179 4290 mediam
194 4240 300 4289 consulis
315 4240 403 4297 wiem,
418 4240 461 4287 sed
479 4240 576 4287 laevum
607 4238 703 4299 legitur.
725 4240 885 4289 adiuvissent
892 4238 1114 4287 Walehiuaemen·

82 4322 151 4355 cornu
164 4309 389 4363 tmematneeasse
404 4309 442 4350 est
456 4302 576 4363 intellige·
608 4301 682 4349 davit.
722 4302 851 4350 Belrkerus
871 4300 1001 4351 lectionem
1024 4303 1114 4363 Kmys
1163 4318 1166 4329 ·

83 4378 120 4418 tur
138 4370 243 4427 Perseus,
258 4375 313 4430 post
332 4372 451 4417 &smum
470 4366 575 4415 medum
608 4363 724 4427 sigism
737 4367 831 4427 probat
1046 4378 1062 4409 a
