2934 4800
315 112 379 176 212
695 105 809 173 ΤΙΤΙ
839 105 975 173 LIVII

161 261 238 376 {lu-g·
254 259 310 387 {gg
318 246 419 398 gilbus
447 246 681 409 “3⁰¹1quss
706 246 749 396 Sit
765 243 813 311 Μ.
832 243 983 312 Servilius
1012 245 1134 334 aliique
1165 245 1306 334 privati,
1335 245 1397 330 qm

234 362 241 376 ·
304 361 311 376 ·
355 355 427 398 cere
441 355 547 397 veen
610 355 726 397 rxrssen

211 424 263 492 37.

365 419 452 484 Tum
469 417 638 484 Servilius:
664 418 837 494 ‘Quantus
855 419 1028 506 imperatur
1041 418 1080 483 L.
1092 418 1265 484 Aemilius
1282 417 1384 490 fueri}

164 510 334 586 &uiliore‘
346 504 499 584 Quirites,
514 506 543 570 si
559 528 601 570 ex
620 505 682 570 alia
699 527 734 570 re
755 504 844 570 nulls
861 506 1018 570 aestimari

163 639 265 703 umpho.

164 574 201 623 tio
211 590 256 637 1³1⁰
266 581 307 624 tn·
323 600 421 672 serat,
445 592 543 679 quod,
567 615 669 679 quum
692 605 758 658 tam
786 591 951 656 seditiosos
979 606 1015 656 et
1032 519 1144 658 mni,
1159 505 1305 668 dilig
1319 518 1388 653 ἶξ

324 679 495 756 ‘nobilem
508 692 573 744 tarn
583 678 796 755 temerarium,
809 690 874 744 tam
885 677 1089 765 eloquentem
1103 677 1148 743 ad
1164 677 1387 764 imngandm

324 765 584 832 ‘multitudinem
604 765 768 830 inimicum
788 765 823 830 in
843 765 951 830 castris
968 765 1109 842 haberet,
1126 765 1260 829 nullam
1278 765 1321 828 iu
1340 785 1390 826 er-

323 853 447 919 ‘ercitu
460 853 650 918 seditionem
663 851 785 916 habuit.
824 850 947 917 Eadem
961 852 1110 917 severitas
1125 852 1274 938 imperii,
1292 873 1389 937 qum

326 947 434 1004 ‘nuuc
456 939 605 1017 oderunt,
628 951 707 1003 tunc
729 961 785 1002 cos
806 938 975 1003 continuit
1025 936 1154 1025 Itaque,
1175 939 1325 1024 autiqm
1346 936 1389 999 di·
1425 925 1426 967 l

325 1027 392 1092 ‘sci
414 1026 481 1090 lina
500 1025 612 1103 habiti,
627 1025 645 1060 ⁴*
660 1047 702 1090 ne
726 1048 767 1090 ue
785 1025 937 1090 fecerunt.
984 1023 1051 1089 Ser.
1068 1024 1208 1111 quidem
1228 1023 1354 1098 Galba,
1367 1023 1403 1084 ri:

326 1114 382 1178 ‘in
443 1112 556 1178 Paullo
570 1049 746 1178 accusando
762 1110 944 1176 tirocinium
958 1133 1087 1198 ponere,
1099 1124 1135 1176 et
1146 1111 1386 1176 documennmr

327 1200 548 1287 ‘eloquentiae
564 1199 639 1263 dare
653 1197 764 1275 voluit,
779 1220 846 1262 non
864 1196 1060 1284 triumphum
1078 1198 1123 1260 im
1169 1197 1246 1262 dire
1262 1197 1386 1271 debuit¹

327 1294 455 1375 ‘quem,
470 1285 592 1350 sinihil
606 1283 703 1362 aliud,
718 1296 848 1349 senatus
862 1285 980 1348 iustum
995 1305 1062 1348 esse
1076 1285 1110 1347 iu
1137 1285 1307 1349 'caverat:
1334 1281 1384 1348 mi
1424 1311 1426 1401 q

327 1380 474 1460 ‘postero
487 1373 551 1451 die,
563 1394 660 1459 quam
675 1371 906 1458 triumphatum
920 1383 977 1448 est,
988 1369 1148 1458 privatum
1165 1393 1248 1435 curn
1263 1373 1399 1436 vim

327 1467 338 1498 ‘
348 1472 441 1537 esset,
455 1481 574 1524 nomeu
588 1458 736 1536 deferret,
752 1471 785 1522 et
806 1456 929 1544 legibus
950 1457 1180 1544 interrogarct3
1205 1470 1271 1522 aut
1289 1458 1401 1522 serius·
1425 1521 1426 1553 q

328 1547 465 1633 ‘paullo,
494 1568 595 1632 quum
623 1544 763 1632 primum
792 1543 992 1631 magistratus
1020 1543 1087 1631 ipse
1117 1544 1277 1631 cepisset,
1302 1543 1383 1608 diem

327 1631 480 1710 ‘diceret
495 1632 661 1696 inimicum
675 1631 717 1696 nd
730 1628 886 1718 populum
901 1642 1069 1695 accusaret.
1115 1628 1169 1696 Ita
1189 1644 1225 1694 et
1247 1631 1384 1718 pretium

328 1725 338 1756 ‘
348 1731 435 1783 recte
445 1719 521 1783 facti
532 1718 733 1805 triumphum
747 1717 879 1782 haberet
893 1715 931 1780 L
942 1716 1073 1782 Paullus
1083 1738 1141 1804 pro
1153 1719 1295 1804 egregie
1304 1715 1382 1782 bello
1422 1747 1424 1802 ξ

325 1810 520 1957 'instit
537 1825 684 1956 llll
699 1803 1221 1967 ⁸³stllftltttn¹⁰ltfflt
1247 1817 1382 1955 {iffi

329 1915 474 2042 ‘nuugpn
525 1978 654 2043 rubrum
678 1976 785 2042 dicere
810 1987 944 2063 poterat,
970 1977 1039 2041 eius
1064 1976 1249 2042 obtrectare
1277 1977 1382 2041 laudm
1423 1899 1426 2002 l

329 2063 459 2130 ‘voluit
502 2001 602 2128 luem
620 2064 782 2150 integrum
800 2062 950 2128 hesterno
969 2062 1022 2127 die
1041 2061 1083 2127 ad
1103 2063 1330 2129 accusandum
1347 2063 1379 2127 L
1424 2102 1426 2157 q

330 2149 501 2214 ‘Paullum
566 2149 636 2214 tiit:
660 2162 811 2236 quattuor
824 2149 927 2226 horna,
943 2164 1098 2236 quantum
1119 2163 1297 2238 supererat
1312 2151 1379 2225 dier,

330 2235 488 2301 ‘dicendo
505 2258 525 2300 a
545 2235 689 2322 sumpsit.
737 2236 820 2311 Quis
836 2258 979 2322 uuquam
1000 2249 1064 2301 tam
1083 2259 1209 2302 nocens
1224 2260 1305 2302 reus
1318 2238 1380 2310 firir,

329 2324 441 2389 ‘cuius
459 2321 537 2387 vitia
556 2322 638 2387 vitae
660 2334 709 2386 tot
728 2322 815 2387 horis
834 2323 979 2410 expromi
998 2345 1064 2388 nou
1086 2325 1248 2411 possent?
1300 2321 1392 2399 Quid
1422 2285 1426 2423 l

330 2412 479 2478 ‘interim
494 2410 620 2487 obiecit,
631 2409 720 2496 qnod
736 2408 774 2473 L
786 2409 926 2487 Paullus,
938 2409 965 2474 si
979 2432 1105 2475 causam
1116 2410 1217 2489 dicat,
1231 2434 1254 2475 n

330 2499 453 2563 ‘veliti
497 2497 588 2562 Duas
616 2496 696 2561 mihi
725 2495 840 2582 aliquis
868 2496 1037 2562 conciones
1065 2518 1243 2584 pammper
1322 2498 1377 2561 iat:
1424 2490 1426 2557 l

330 2592 341 2623 ‘
353 2607 450 2650 unam
477 2584 616 2649 militum
645 2582 949 2659 Macedonicorum
983 2605 1094 2671 puram
1124 2582 1274 2663 alteram,
1305 2586 1380 2649 iute-

331 2669 463 2756 ‘grioris
481 2669 593 2735 iudicii
609 2681 643 2734 et
659 2692 680 2735 a
691 2669 798 2734 favore
817 2681 851 2733 ct
870 2668 954 2747 odio,
969 2669 1116 2735 universo
1137 2670 1312 2736 iudicante
1330 2694 1393 2758 p⁰·=

331 2755 430 2842 ‘pulo
456 2754 613 2819 Romano.
661 2756 762 2843 Apud
788 2754 974 2820 concionem
1001 2767 1138 2843 togatam
1165 2768 1200 2821 ct
1228 2759 1379 2824 urbanam

331 2842 440 2927 ‘prius
462 2862 535 2907 rcus
557 2852 676 2927 agatur.
725 2840 816 2917 Quid
838 2842 925 2942 apud
946 2842 1088 2917 Quirites
1112 2842 1297 2923 Romanos,
1319 2843 1393 2909 Seni
1424 2902 1425 2909 ,

332 2926 468 3005 ‘Galba
483 2926 630 2991 diceres?
655 2925 710 2993 illa
732 2928 819 2993 euim
844 2927 901 2993 trbi
924 2939 991 2993 tota
1011 2930 1130 2995 abscisa
1151 2931 1260 2997 oratio
1282 2944 1377 2997 met:

332 3021 376 3052 ‘⁸‘
386 3012 427 3078 Iu
441 3013 576 3079 statione
590 3015 730 3079 severius
748 3027 781 3079 et
798 3014 952 3079 intentius
966 3014 1127 3093 institisti3
1150 3016 1288 3103 vigiliae
1302 3040 1379 3083 acer·
1425 3076 1426 3079 ,

332 3100 457 3167 “‘bius
478 3112 511 3165 et
530 3099 715 3188 diligentius
736 3101 918 3166 circumitae
940 3115 1035 3179 sunt3
1059 3102 1162 3189 operis
1185 3103 1275 3190 plus,
1291 3126 1379 3193 quau

366 3296 383 3350 6
402 3300 601 3359 meuiarnnt]
636 3300 840 3347 Pronuntiumnl
872 3296 926 3346 inlr.
938 3298 1054 3348 dicerent
1067 3314 1194 3357 occamre,
1206 3314 1309 3350 necnon
1325 3316 1379 3362 mpr.

332 3380 364 3414 ex
374 3364 546 3414 emendations
557 3362 655 3413 Dulreri
663 3361 794 3411 Bekkerus
804 3376 840 3411 re·
870 3363 998 3424 prinam
1008 3378 1064 3413 sam
1074 3365 1173 3412 virm
1184 3372 1258 3416 mee

333 3428 422 3491 posuit.
907 3439 917 3473 r
937 3426 1015 3475 Ocius
1025 3428 1086 3475 uitia
1097 3428 1175 3488 uitas]
1195 3431 1280 3479 Initia
1297 3446 1340 3493 pru
1352 3432 1377 3479 ri

367 3504 381 3554 7
398 3494 413 3520 ⁴
422 3509 501 3557 nsqroe
511 3491 641 3553 serment]
661 3490 730 3540 Tunc
745 3491 839 3554 quisve·
872 3492 908 3538 tia
918 3490 1027 3551 reposuit
1038 3490 1145 3541 Beklrer,

332 3563 402 3617 matt,
412 3558 478 3619 quod
491 3555 621 3607 Rubenius
636 3555 766 3616 legendum
784 3569 840 3603 cou-
905 3568 919 3601 n
936 3556 972 3603 Et
981 3556 1093 3615 ascoors
1103 3563 1127 3605 et
1136 3556 1205 3617 odio]
1227 3558 1266 3607 ΕΙ
1277 3561 1378 3621 esum

332 3621 399 3679 iecit,
410 3623 497 3683 probat
505 3619 648 3670 Orerierius
681 3618 797 3667 Ceterum
809 3618 840 3667 ad
872 3624 897 3668 st
912 3618 943 3667 ab
958 3621 1011 3669 odio
1027 3618 1166 3669 onustius
1182 3624 1296 3673 mavult.
1331 3624 1377 3673 En

332 3684 467 3745 marginem
478 3686 516 3734 ed
526 3682 640 3735 curionis
649 3681 729 3730 virum
740 3683 840 3731 doctum
872 3683 906 3732 ad
917 3696 1001 3731 rocem
1013 3684 1153 3745 tanneris
1164 3684 1314 3737 referendae
1324 3698 1377 3738 snut.

331 3746 840 3870 &concertantem
872 3746 1377 3873 recensentem

331 3876 439 3939 gendum
449 3876 824 3937 neqmsediamnfmranes'
873 3889 917 3923 cur
927 3875 1028 3924 Mureto
1042 3892 1100 3925 rens
1115 3884 1208 3938 water
1225 3879 1376 3942 displicuerit

365 3941 381 3988 8
394 3940 581 4001 Triumphalem
591 3940 638 3997 ert]
653 3940 841 4001 Triumphalem
872 3940 953 3988 Reum
967 3938 1032 3991 euim
1046 3955 1120 4001 spsrs
1135 3955 1165 3988 sc
1178 3956 1307 4005 peragere
1322 3947 1376 3993 locu

332 4011 393 4052 essse
413 4003 521 4064 reposuit
538 4001 646 4069 Belrlrer.
664 4004 842 4064 triumphatum
873 4000 953 4050 tiones
970 4008 1027 4052 sunt
1046 4004 1146 4065 optimis
1161 4005 1326 4067 scriptoribus
1339 4008 1375 4057 mi·

332 4073 356 4114 st
370 4069 496 4125 privatum
507 4065 646 4114 Gronovius
656 4066 759 4113 mavult.
782 4068 840 4115 Pri·
872 4070 947 4115 tatne.
986 4067 1092 4115 Necnon
1114 4068 1234 4117 Servilius
1260 4072 1311 4121 hoc
1333 4075 1375 4122 loo

332 4135 425 4184 natum,
436 4144 468 4175 sc
480 4128 614 4175 Aemilium
626 4128 749 4177 Paullum.
872 4128 931 4189 agit,
942 4130 1010 4191 quasi
1023 4132 1127 4180 Paullus
1137 4147 1153 4179 a
1163 4132 1249 4182 Galba
1262 4150 1375 4185 annuan-

364 4205 380 4252 9
394 4191 521 4248 Deferret]
534 4192 840 4253 Deferreetinterroyure‚
873 4197 913 4239 tur
925 4194 958 4241 ud
973 4195 1101 4255 populum.
1134 4197 1183 4246 Res
1193 4210 1240 4259 pro
1252 4216 1313 4250 rear
1324 4201 1375 4251 licl-

331 4254 384 4301 sub.
406 4252 496 4308 delata
512 4253 621 4312 reponut
643 4251 750 4303 Belrker.
766 4260 841 4316 utque
874 4255 947 4303 kerus
957 4257 1073 4319 reposuit.
