2934 4800
252 170 257 177 ’
367 198 464 265 ms.
491 199 600 267 xm.
629 199 742 266 cau.
769 204 819 265 13.
1058 204 1119 267 :ss

73 334 158 399 muni
171 334 302 400 nomine
316 336 402 423 rogis
414 347 449 402 et
461 335 661 424 Cleopolme,
672 337 788 425 gratias
802 346 948 423 egerunt,
960 344 971 375 ‘
976 332 1054 401 Plus
1065 356 1120 401 eos
1130 350 1165 401 11.
1177 350 1207 403 c.
1224 352 1280 415 ³⁸⁴·

75 422 212 485 ‘senatui
233 420 418 521 populoque
438 422 597 501 Romano,
638 445 713 489 uem
733 423 919 511 parentibus
940 422 1015 499 suis,
1059 420 1119 501 lus,
1130 416 1160 466 Ᾰ·
1177 417 1208 469 ⁰·
1226 415 1280 469 ¹⁶⁸·

77 515 187 593 ‘quam
214 506 278 571 dris
309 509 550 587 immortalibus,
579 508 621 574 de
662 532 718 575 re:
757 529 816 597 per
844 530 925 597 quos
954 507 1021 574 obsi
1046 530 1119 573 :one

78 593 267 659 ‘miserrima
279 592 407 660 liberati
420 608 537 672 essent,
552 617 686 683 regnum
704 593 842 683 patrium
857 616 957 683 prope
971 594 1121 659 amimum

81 678 306 766 ‘reoepissent’
350 679 553 768 Responsum
582 682 623 747 eb
651 695 763 747 senatu
792 692 860 746 est:
900 680 1120 746 ‘Antiochum

82 772 178 829 ‘reete
202 777 301 865 atque
326 766 438 831 ordine
463 767 585 845 fecisse,
609 766 732 855 quodl
775 767 834 832 stis
860 766 1024 855 paruisset,
1106 802 1121 817 ·

78 859 224 937 ‘tumque
250 849 286 916 sd
311 874 381 917 esse
405 854 531 918 senatui
555 852 738 942 populoque
798 853 933 917 omano’
978 851 1060 939 Regi
1084 874 1122 917 us

78 937 222 1025 Aegypti,
238 936 424 1003 Ptolemaeo
441 938 714 1027 Cleopatraeque:
740 938 892 1026 ‘Siquid
914 960 972 1027 per
990 960 1024 1003 se
1044 938 1121 1003 boni

78 1022 315 1109 ‘eommodique
340 1024 507 1103 evenisset,
532 1025 566 1091 id
593 1047 786 1113 magnopere
813 1038 960 1090 senatum
989 1024 1118 1089 laeteri:

80 1109 306 1196 ‘daturumque
319 1132 459 1197 operam,
474 1124 512 1177 ut
525 1113 616 1200 regni
633 1112 683 1177 sui
698 1112 874 1177 maximum
888 1132 1015 1199 semper
1029 1133 1121 1198 prae-

80 1194 205 1259 ‘sidium
219 1196 361 1282 positum
375 1218 443 1263 esse
458 1198 493 1261 in
508 1197 572 1263 fide
587 1197 698 1299 populi
714 1197 854 1263 Romani
869 1196 1009 1262 ducaut’
1042 1194 1120 1261 Mu·

79 1304 147 1347 nera
166 1281 281 1368 legetis
305 1296 344 1347 ut
365 1306 408 1347 ex
430 1284 577 1350 instituto
600 1283 758 1349 mrttends
779 1296 913 1358 curaret,
938 1281 978 1347 Ο.
991 1279 1121 1369 Papirio

79 1368 205 1454 praetori
225 1367 422 1434 mandatum.
466 1368 596 1435 Literae
610 1370 730 1437 deinde
750 1393 769 1435 e
787 1368 983 1435 Macedonia
996 1367 1120 1445 allatae,

79 1477 151 1539 quae
175 1454 328 1520 victoriae
353 1454 507 1555 laetitiam
531 1457 750 1543 geminarent:
788 1453 928 1520 ‘Perses
951 1474 1060 1541 regem
1085 1452 1120 1520 in

96 1540 623 1727 wffiffisstgfflffim
642 1628 728 1693 inter
742 1627 875 1693 Pisanos
890 1625 1119 1727 Lunensesque

79 1710 210 1863 Ἕως
238 1713 364 1777 Prsams
384 1714 602 1800 querentibus,
624 1736 700 1801 egro
720 1737 755 1779 se
779 1736 799 1778 s
821 1712 941 1777 colonas
965 1711 1120 1778 Romanis
1250 1776 1257 1791 ,

80 1821 115 1885 pe
136 1800 165 1875 '3
192 1798 402 1864 Lunensibus
423 1799 661 1877 affirmantibus,
683 1821 769 1876 eum,
786 1798 828 1865 de
848 1822 913 1887 quo
936 1811 1059 1886 agatur,
1079 1798 1119 1863 eb

81 1886 241 1951 uiumviris
266 1906 378 1971 agrum
406 1886 468 1950 sibi
492 1886 684 1973 assignatum
708 1908 786 1952 esse.
834 1884 979 1963 Senatus,
1001 1883 1119 1985 quide

80 1971 186 2037 finibus
203 1984 434 2057 eognoecerent
449 1986 698 2059 statueremque,
738 1972 942 2058 uinqueviros
958 1970 1052 2047 misit,
1076 1969 1117 2045 Q

80 2056 203 2123 Fabium
226 2057 418 2133 Buteonem,
439 2056 476 2123 P.
491 2056 677 2123 Cornelium
701 1994 892 2135 illasionem
915 2056 955 2121 Τ.
971 2055 1119 2143 Sempro-

80 2145 159 2242 nium
174 2143 333 2222 Muscam,
350 2142 389 2208 L
402 2138 562 2210 Naevium
578 2143 725 2221 Balbum,
743 2143 783 2209 C.
795 2142 994 2231 Appuleium
1010 2140 1119 2208 Satiu-

80 2252 220 2382 mnffib
243 2315 391 2381 Eumene
414 2329 448 2381 et
469 2317 510 2383 ab
528 2317 640 2383 Attalo
658 2329 693 2382 et
713 2316 754 2381 ab
772 2314 943 2382 Athenaeo
959 2314 1117 2393 fratribus,

81 2404 280 2468 eommunisl
339 2405 384 2469 tio
404 2403 445 2468 de
464 2404 596 2470 victoria
614 2404 806 2504 gratulatum
823 2404 919 2469 venit.
965 2401 1010 2466 Et
1030 2401 1246 2494 Mas-Magrus

80 2491 180 2640 ff&
194 2490 280 2577 1085ss
332 2575 340 2590 ,
369 2490 377 2504 ⁶
404 2490 482 2556 issae
496 2489 573 2567 filio,
589 2489 732 2556 Puteohs
747 2481 1271 2593 nave-egresso,praestqp²1ssm=e

119 2576 281 2654 t›Obviffln
296 2598 410 2641 111188118
424 2598 498 2640 cum
517 2577 664 2664 peoimiu
680 2575 718 2641 L.
731 2575 875 2640 Manhus
886 2585 1046 2724 quaestor,
1061 2595 1119 2660 qm
1150 2580 1158 2597 ·

82 2660 210 2728 Romam
224 2683 301 2728 eum
314 2661 443 2748 publioo
460 2675 590 2750 sumptu
609 2663 807 2750 perduceret.
852 2661 886 2725 A
909 2658 1049 2724 venienti
1064 2681 1120 2725 ex-

82 2748 192 2836 templo
205 2761 334 2814 senatus
348 2747 441 2813 datm
458 2761 515 2814 est
559 2747 592 2812 Is
605 2747 789 2814 adolescens
803 2747 848 2812 ita
862 2747 985 2811 locutus
999 2759 1056 2824 est,
1072 2759 1119 2824 ut,

82 2856 155 2919 quae
182 2836 280 2900 rebus
307 2848 398 2920 grata
424 2847 525 2912 erant,
550 2835 686 2921 gratiora
715 2832 819 2898 verbis
847 2831 974 2898 faceret.
1021 2830 1121 2897 Com-

82 2917 1120 3156 {lablellitlmllttslttffllhltt

84 3099 92 3128 ‘
120 3095 225 3158 oniam
246 3093 390 3158 misisset.
438 3091 503 3158 Sed
523 3093 602 3158 duas
622 3115 673 3158 res
694 3093 724 3157 ei
748 3091 853 3156 rubori
871 3091 987 3156 finisse:
1012 3113 1118 3169 unam,

85 3180 183 3266 ‘quod
202 3192 344 3267 rogasset
364 3201 439 3244 eum
459 3201 518 3280 per
536 3178 657 3267 legatos
678 3191 816 3254 senatus,
831 3199 913 3265 quse
937 3175 978 3241 ad
1000 3176 1119 3242 bellum

85 3271 175 3364 ‘opus
194 3277 311 3342 essent,
327 3276 361 3330 et
378 3287 445 3330 non
464 3279 666 3351 imperasset:
690 3263 831 3342 alteram,
847 3261 933 3350 quod
951 3261 1119 3350 pecuniam

85 3357 129 3414 ‘es
141 3374 200 3439 pro
213 3351 375 3416 frumento
389 3352 532 3418 misisset.
567 3350 768 3415 Masinissam
784 3349 974 3424 meminisse,
986 3368 1120 3435 regnum

86 3443 120 3500 ‘a
137 3437 257 3526 populo
282 3437 429 3502 Romano
453 3450 580 3524 partum
605 3449 798 3522 anuumque
820 3449 854 3500 et
876 3432 1120 3519 multiplicatum

87 3522 233 3590 ‘haberes
268 3547 330 3588 usu
358 3523 448 3610 regni
477 3536 664 3588 contentum
689 3523 779 3598 scire,
806 3519 984 3584 dominium
1011 3530 1044 3582 et
1072 3517 1122 3581 ius

69 3616 216 3687 t‘somm
237 3609 296 3696 qui
314 3609 471 3686 dederint,
489 3631 566 3675 esse.
613 3609 746 3674 Sumere
769 3608 876 3692 ituque
898 3602 1037 3680 eosdem,
1056 3624 1121 3669 non

68 3703 132 3761 4‘se
144 3719 266 3784 rogare,
281 3718 421 3784 aequum
436 3717 513 3774 esse,
529 3717 634 3782 neque
653 3715 759 3758 emere
777 3715 815 3757 ee
832 3713 872 3756 ex
887 3689 1041 3754 fructibus
1055 3690 1122 3777 agri

87 3893 134 3928 eum
147 3882 221 3930 min
231 3881 323 3944 legatio
337 3896 353 3929 a
363 3879 484 3930 Romanis
496 3879 583 3929 fueret.
615 3878 709 3940 aliquid
719 3893 751 3926 ex
765 3877 845 3934 rebus,
856 3891 918 3938 quas
933 3874 979 3939 ipsi
994 3875 1123 3936 dederint:

89 3943 185 4008 :impu
196 3945 255 3994 xliv.
270 3960 307 4008 sq
616 3943 684 4018 prius
701 3942 734 3990 ud
754 3939 918 4000 Masinissam,
937 3941 1005 3989 cuius
1024 3942 1123 3990 nomine

115 4012 200 4068 3Non
216 4027 243 4059 so
260 4009 362 4071 rogaro]
391 4006 531 4056 Perizonius
552 4007 584 4055 sd
616 4005 753 4057 restituitur
763 4003 847 4052 oratio.

89 4068 161 4122 deret.
178 4073 284 4122 Minerv.
303 4072 329 4122 ii.
352 4086 389 4122 η.
408 4071 505 4120 monuit
525 4069 584 4118 reei-
649 4088 664 4130 4
680 4072 723 4118 Ex
739 4069 867 4128 sumtibus
888 4069 944 4130 apri
963 4069 993 4116 ab
1012 4084 1038 4116 se
1056 4068 1121 4128 dati]

89 4147 180 4192 prom
194 4154 220 4187 se
234 4137 259 4184 iu
274 4137 322 4185 boe
337 4136 453 4184 orationis
467 4141 585 4184 oontextu
618 4134 675 4182 Vox
680 4133 809 4193 sumtibus
819 4132 872 4181 soei
886 4149 934 4180 suu
947 4131 1088 4206 opponitur,
1098 4137 1124 4180 et

90 4196 122 4245 bis
131 4201 232 4259 positum
247 4202 279 4250 sd
291 4200 400 4249 disemos
412 4198 511 4248 reterri:
531 4213 584 4260 pos·
617 4196 749 4246 Mennim
766 4195 859 4244 smum
880 4195 930 4258 agri
949 4209 986 4243 sm
1005 4199 1123 4257 tanquam

90 4262 156 4311 urbis
172 4266 238 4314 enim
256 4281 283 4314 ss
302 4263 432 4312 manifeste
452 4261 534 4311 referri
553 4261 586 4310 ed
618 4258 744 4320 vectigalis
752 4259 838 4322 populi
848 4259 954 4308 Romani
963 4259 1061 4308 arbitrio
1073 4259 1123 4305 Ro·

91 4322 216 4390 Romanos,
231 4345 292 4392 quos
309 4343 359 4378 non
377 4332 488 4391 oporteat
505 4341 586 4375 emere
617 4337 746 4376 manorum
757 4324 867 4374 modeste
875 4321 985 4374 subiecit.
1007 4325 1124 4374 caseum
