2934 4800
346 217 662 286 EDITIONUM
697 220 842 287 LIVII.
1053 229 1118 292 465

147 353 280 441 quibus
312 353 396 420 Livii
430 355 578 420 historiae
609 369 641 420 et
671 379 779 421 earum
809 357 967 445 epitomae
1001 361 1116 446 partim

145 441 383 519 emendentur,
416 442 531 528 partim
568 443 799 528 explanantnr3
837 457 875 508 ut
905 457 949 508 et.
971 444 1115 510 eiusdem

152 525 287 614 Sigonii
315 528 351 591 in
379 528 508 592 eosdem
538 527 634 592 libros
658 529 882 616 Chronolugia,
907 531 1115 616 ipsorummet

148 630 326 678 auctorum
352 614 455 678 verbis
481 612 675 680 confirmata.
723 614 850 680 Erravit
874 617 982 702 itaque
1009 616 1114 682 Hear-

146 699 242 777 nius‚
273 700 329 786 qui
361 699 495 765 Scholiis
526 699 649 800 Sigonii
681 701 928 788 Chronologiam
960 702 1112 768 Glareani

147 786 302 850 iunctam
323 786 358 850 in
379 786 439 850 hac
461 798 495 851 et
516 785 584 850 alhs
607 786 729 873 Sigonii
751 788 943 853 editionibus
964 789 1110 866 credidit,

146 894 256 1022 {pem
291 873 360 937 eius
396 893 534 938 errorem
570 873 746 960 improvide
783 873 944 962 adoptavit
973 873 1110 940 Ioannes

199 979 312 1024 cneus.

41 1046 145 1146 }6.
178 1044 329 1146 Veneriis
351 1044 437 1131 apud
459 1044 595 1109 Paulum
617 1043 812 1122 Manutium‚
836 1045 916 1110 Aldi
939 1045 1050 1123 lilium,
1073 1047 1108 1111 in

46 1147 203 1194 torma
217 1151 346 1196 marore.

198 1215 272 1280 Hac
305 1216 446 1282 editione
482 1217 617 1304 repetita
649 1229 724 1280 sunt
755 1215 789 1280 Si
812 1217 878 1280 onii
911 1219 946 1281 in
977 1218 1106 1282 Livium

152 1299 295 1380 Scholia,
311 1303 452 1368 eiusdem
477 1325 527 1380 ue,
548 1325 613 1366 non
627 1323 714 1378 vero,
734 1315 772 1366 ut
828 1304 953 1367 samius
976 1315 1009 1366 et
1032 1304 1107 1368 Cle-

148 1387 239 1452 ricus
262 1389 429 1466 affirmant,
485 1389 613 1466 lareani,
636 1387 850 1474 chronologia
873 1390 1018 1454 Liviana.
1065 1389 1105 1454 In

152 1473 293 1540 Scholiis
312 1489 418 1540 autem
441 1473 588 1562 Sigonius
609 1474 709 1538 multa
727 1476 871 1552 mutavit,
887 1475 1019 1539 meliora
1039 1476 1104 1539 sive

149 1583 166 1624 s
193 1575 278 1639 onte,
294 1562 358 1626 sive
373 1583 393 1626 a
407 1561 540 1638 Februo,
557 1559 753 1637 Robortello,
768 1559 912 1648 aliisque,
928 1561 1069 1626 edoctus.

46 1653 150 1712 58.
167 1583 387 1726 h'rancofmti,
403 1649 437 1712 in
451 1649 552 1712 forma
567 1647 694 1710 maiore.

198 1732 359 1800 Fabricius
373 1735 407 1798 in
423 1732 574 1798 Biblioth.
594 1732 667 1797 Lat.
685 1733 740 1797 ubi
759 1732 842 1798 hanc
862 1733 1036 1798 editionem
1053 1756 1103 1797 re·

149 1833 270 1898 censet,
286 1834 429 1899 testatur,
447 1818 692 1971 εαῑιιέτοάἰίεεε
714 1841 788 1883 curu
808 1819 919 1884 Vallae
942 1820 1104 1884 Emenda-

149 1906 303 1984 tionibus,
328 1905 488 1994 Notisque
561 1904 675 1983 bellici,
701 1906 913 1983 Velcurionis‚
941 1907 1102 1984 Rhenum,

152 1991 294 2071 Gelenii,
312 1992 472 2070 Glareani‚
488 2006 522 2057 et
538 1992 669 2076 sigonii,
686 1990 816 2056 Ioannis
830 1993 908 2056 item
926 1991 1055 2056 Saxonii
1070 2006 1104 2056 ct

152 2077 351 2144 Godelevaei
368 2078 657 2145 observationibus.
704 2077 810 2164 Ipsam
830 2077 913 2141 hanc
928 2079 1102 2142 editionem

149 2187 317 2253 nunquam
329 2166 436 2232 videre
451 2164 593 2251 contigit,
609 2163 666 2228 sed
679 2164 710 2228 ei
724 2163 860 2228 similem
875 2181 971 2250 atque
986 2187 1026 2228 ex
1042 2165 1101 2229 hac

150 2273 194 2316 ex
217 2274 332 2317 ressam
378 2267 443 2329 uto,
465 2274 548 2338 quae
570 2249 726 2314 decennio
748 2263 858 2336 postea
900 2251 997 2316 rodiit
1017 2274 1102 2316 anno

152 2274 335 2404 Mthx
371 2335 434 2405 Ill.
465 2338 541 2426 quia
569 2335 604 2401 in
633 2359 672 2402 ea
700 2337 857 2423 quaedam
877 2273 1103 2403 i’raefationes

151 2438 333 2503 occurrunt,
349 2448 431 2513 quae
451 2426 545 2490 huius
565 2422 713 2488 editionis
735 2446 856 2489 annum
873 2426 1100 2511 praescriptum

151 2510 281 2589 habent,
297 2526 331 2577 et
345 2513 420 2576 inde
435 2512 586 2599 repetitae
602 2525 685 2575 sunt.

53 2600 150 2663 572.
176 2596 324 2663 Venetiis
337 2600 371 2663 in
387 2599 518 2663 aedibus
533 2598 740 2673 Manutianis,
756 2598 790 2660 in
805 2596 906 2660 forma
919 2595 1047 2660 maiore.

197 2682 287 2749 Haec
307 2686 400 2750 tertia
418 2698 466 2749 est
482 2682 681 2749 Scholiorum
696 2696 729 2747 et
745 2683 885 2747 Chronol
929 2682 976 2745 'ae
992 2681 1101 2745 Livia-

151 2792 213 2835 nae
232 2770 341 2836 editio.
388 2770 515 2835 Scholia
534 2782 640 2834 autem
658 2770 698 2833 ab
712 2784 840 2834 auctore
859 2792 914 2833 mu
927 2768 967 2832 tis
981 2768 1014 2831 in
1030 2790 1102 2854 par-

153 2856 237 2921 tibus
252 2870 344 2921 sucta
358 2878 435 2934 esse,
451 2855 562 2921 titulus
577 2868 718 2920 testatur.

41 2945 150 3008 1573.
175 2940 322 3007 Lutetiae
340 2943 532 3008 Parisiorum
554 2943 640 3029 apud
660 2940 856 3006 Micha'e'lem
880 2940 1036 3006 Sonnium
1051 2940 1102 3003 via

88 3028 261 3106 Iacobaea
279 3028 338 3094 sub
353 3043 443 3095 scuto
458 3028 641 3105 Basileensi,
657 3029 691 3092 in
704 3028 807 3092 forma
820 3028 947 3092 maiore.

198 3114 270 3180 Hac
299 3116 439 3181 editione
472 3116 677 3181 continentur
712 3114 856 3177 omnium
892 3114 1102 3211 interpretum

154 3202 391 3279 Commentarii,
429 3226 448 3267 e
485 3224 518 3266 re
542 3202 613 3265 ‘oue
650 3200 818 3264 verborum
855 3197 941 3261 Livii
982 3197 1100 3260 inserti.

153 3287 323 3354 Praeterea
339 3288 460 3376 Sigonii
475 3288 510 3352 in
557 3287 654 3351 isium
671 3284 806 3351 Scholiis
821 3297 854 3348 et
869 3282 1101 3367 chronologiae

153 3374 357 3475 interpositas
379 3388 454 3440 sunt
469 3374 621 3439 Glareani
644 3370 845 3437 defensiones
862 3382 895 3433 et
913 3367 1100 3455 antilogiae3

153 3461 217 3525 sive
240 3462 274 3525 rd
296 3462 444 3548 primum,
463 3462 498 3525 in
520 3461 581 3525 hac
603 3458 744 3524 editione
765 3457 883 3521 factum
907 3456 957 3528 sit,
975 3455 1050 3531 sive,
1067 3468 1104 3518 ut

153 3548 258 3634 potius
273 3548 378 3625 credo,
391 3549 454 3612 iam
469 3561 563 3612 antea
576 3546 611 3610 in
622 3545 763 3611 editione
774 3542 850 3607 anni
865 3538 1102 3605 MDLXVIII.

154 3654 249 3719 quam
278 3633 387 3699 videre
418 3655 584 3721 nunquam
612 3631 692 3695 mihi
721 3628 863 3715 contigit.
926 3627 1102 3691 Praefuisse

154 3719 279 3785 videtur
311 3721 386 3786 huic
419 3720 563 3797 editioni,
594 3732 649 3783 aut
685 3730 771 3783 certe
800 3737 870 3779 eam
901 3714 944 3779 Ι).
968 3712 1104 3777 Nicolao

156 3806 303 3885 Thuano,
325 3810 503 3873 Carnutum
520 3804 680 3880 Antistiti,
698 3802 858 3867 dedicavit
879 3799 1014 3865 Iacobus
1036 3798 1105 3864 Go-

155 3892 271 3971 hon'us‚
287 3895 378 3959 cuius
392 3894 489 3960 etiam
507 3914 626 3981 paucae
647 3891 682 3953 in
697 3888 782 3953 Livii
796 3887 893 3953 hbros
907 3901 971 3951 tres
984 3886 1104 3973 priores

156 3979 457 4045 Animadversioues
493 3979 726 4044 raemittuntur.

65 4066 155 4129 1578.
177 4064 375 4132 Francofurti
398 4066 439 4131 ad
503 4086 621 4130 oenum
645 4061 731 4150 apud
751 4060 930 4126 Iohannem
950 4071 983 4123 et
1007 4058 1105 4145 Sigis-

105 4151 256 4251 muudum
286 4152 509 4241 Feyerabendt
537 4151 662 4217 duobus
690 4147 914 4223 voluminibus,
941 4145 975 4208 in
1004 4146 1106 4209 forma

107 4258 227 4304 murore.

198 4324 238 4389 In
249 4326 328 4390 tomi
341 4324 366 4391 l.
377 4326 473 4393 huius
484 4325 632 4391 editionis
644 4322 737 4388 titulo
749 4320 803 4386 illa
813 4320 1000 4468 mbilm
1011 4330 1104 4383 nota:

111 4428 179 4475 vos.
195 4432 240 4476 ιν.
895 4428 919 4469 n
