2934 4800
357 235 422 297 448
513 227 793 295 SYLLABUS
823 229 1271 295 PRAECIPUARUM

360 371 444 433 1483
445 399 675 432 ·······
695 388 755 453 per
780 365 975 432 Michaelem
1004 364 1236 431 Manzolinum
1263 363 1395 428 Parm-

400 474 477 531 aem,
493 451 526 518 in
541 453 644 518 forma
656 453 786 518 maiore.

489 538 585 604 Hanc
621 539 796 604 editionem
833 561 875 604 ex
911 539 1109 605 bibliotheca
1152 537 1387 603 Hohendorhez

444 625 554 690 laudat
577 625 740 691 Maittaire
768 625 884 691 Annal.
910 625 1054 726 Typogr.
1084 639 1167 691 torn
1195 624 1256 689 [v.
1281 647 1315 712 p.
1339 631 1391 688 4541.

446 711 497 778 Ex
528 711 590 776 illis
619 724 736 789 antem,
763 735 845 800 quae
874 712 918 777 ad
945 713 1084 777 similem
1115 712 1308 788 editionem,
1332 735 1391 774 mn·

445 798 753 864 MCCCCLXXX.
774 821 934 876 excusam,
954 799 1033 875 dixi,
1053 811 1196 875 constat,
1215 799 1302 863 hamc
1323 800 1393 861 ee:

401 933 414 946 .
444 886 629 970 impressam
642 885 738 950 titisse
753 885 900 950 Tarvisii.
946 884 998 950 Ita
1009 885 1074 950 snit
1088 884 1267 950 Tarvisina
1279 887 1368 950 tertia

362 975 464 1074 1485..
481 971 615 1036 Tarvisii
652 993 711 1059 per
747 971 925 1037 Iohannem
957 970 1216 1049 vercellensem,
1250 974 1287 1036 in
1321 973 1392 1036 brn

403 1081 531 1123 merore.

490 1143 585 1209 Hane
610 1145 707 1210 etiem
733 1144 907 1210 editionem
932 1167 952 1208 a
975 1142 1068 1209 Luca
1090 1146 1201 1210 Porro
1224 1146 1391 1232 recognim

447 1253 524 1309 esse,
540 1253 582 1296 ex
596 1231 669 1309 illia,
684 1253 768 1318 quae
782 1229 934 1296 adfinem
949 1231 1022 1296 libri
1038 1233 1276 1308 sufficiuntur,
1289 1247 1388 1297 coner

448 1317 529 1382 Eam
551 1318 660 1382 usibus
681 1319 762 1382 meis
781 1317 995 1382 commodavit
1010 1316 1074 1381 Vir
1097 1318 1312 1384 clarissimus
1331 1319 1391 1402 See

446 1405 554 1470 bertus
582 1402 853 1491 Havercampius3
885 1426 981 1491 quam
1013 1404 1099 1468 male
1131 1406 1170 1469 in
1201 1407 1292 1471 notia
1312 1405 1391 1469 Trni-

446 1493 547 1557 tinam
574 1490 747 1556 secundam
772 1513 830 1577 pro
856 1503 969 1577 quarta
994 1513 1014 1554 a
1037 1513 1091 1555 me
1120 1493 1319 1593 appellatam
1339 1513 1389 1554 eze.

446 1577 710 1666 praecedentibus
732 1599 931 1664 consequens
954 1593 1011 1642 eat.
1058 1578 1156 1644 Atib1
1179 1580 1284 1644 etiam
1304 1601 1392 1642 menz»
1418 1616 1420 1623 ,

446 1677 546 1729 ratam
561 1665 670 1729 inveni
684 1664 860 1729 editionem
875 1663 915 1728 T.
929 1662 1014 1727 Livii
1029 1658 1246 1730 Tarvisium
1261 1689 1302 1731 ex
1314 1688 1389 1749 reete

446 1749 568 1815 nitione
606 1749 714 1816 Lucae
751 1750 837 1838 typis
879 1749 1032 1815 Iohannis
1070 1750 1298 1818 Vercellenaia
1333 1774 1389 1814 amr

446 1837 716 1903 Mccccxcv.
733 1837 791 1902 aed
809 1858 928 1901 ennom
943 1836 1034 1900 illum
1048 1860 1234 1925 operarum
1248 1859 1388 1922 errorepr

446 1943 532 1987 anno
562 1923 877 1989 MCCCLXXXV.
909 1921 1019 1988 datum
1051 1945 1125 1989 eme
1157 1927 1329 1991 veridmrle
1352 1943 1388 1986 ei
1418 1982 1419 1995 ,

448 2007 546 2075 Certe
562 2007 726 2084 Maittaine
746 2009 954 2075 recentiorem
975 2009 1059 2074 hanc
1080 2011 1117 2074 in
1136 2011 1267 2077 Annal.
1282 2013 1385 2098 Typan-

445 2117 511 2160 non
535 2097 731 2173 memoravit,
757 2119 779 2160 n
822 2096 983 2161 ucetiam
1010 2094 1185 2163 Iohannes
1212 2096 1387 2165 vercellensi

446 2203 531 2246 anno
569 2180 796 2249 MCCCCXC
833 2231 841 2248 .
869 2180 1004 2247 Tarvieii
1037 2185 1299 2273 typographimn
1325 2203 1386 2248 exet·

446 2269 547 2332 cuirse
562 2268 697 2334 videtur.

363 2359 457 2422 1485.
480 2353 619 2433 Parisiis,
634 2355 736 2421 forma
749 2356 878 2421 maiore.

490 2441 584 2507 Hanc
620 2442 795 2508 editionem
833 2455 987 2507 memorat
1022 2441 1201 2510 Maittaire
1236 2448 1270 2509 in
1300 2441 1385 2509 Anntl

447 2526 478 2592 T
543 2552 590 2616 gr.
607 2544 681 2595 tom.
696 2526 738 2593 V.
754 2552 786 2617 p.
804 2528 849 2594 IL
865 2552 896 2616 p.
913 2533 986 2594 532.

364 2619 457 2681 1491.
513 2616 627 2681 enetiie
657 2638 729 2681 cum
758 2616 1030 2680 Annotationibua
1060 2612 1234 2696 Sabelliei,
1260 2621 1293 2683 in
1316 2617 1385 2681 form

403 2723 531 2767 maiore.

491 2788 586 2853 Hanc
615 2787 790 2853 editionem
823 2810 865 2852 ex
896 2787 1031 2852 Fabricii
1061 2786 1277 2856 Bibliotheca
1302 2788 1383 2854 Latin

383 2870 385 2877 '
446 2887 600 2939 memorat
630 2873 793 2940 Maittaire
821 2876 857 2938 in
887 2872 1004 2938 Annal
1036 2872 1067 2936 T
1157 2878 1256 2964 raph.
1285 2890 1347 2941 tom
1366 2870 1382 2933 l·

445 2982 476 3109 p.
494 2966 567 3026 309.
615 2959 680 3027 Sed
700 2975 775 3026 tom.
797 2960 856 3025 IV.
872 2983 905 3048 p.
922 2965 997 3025 532.
1013 2960 1053 3024 ad
1077 2961 1112 3037 it,
1134 2962 1178 3026 ad
1203 2966 1277 3029 eiua
1296 2961 1381 3026 ater

468 3068 528 3111 ano
556 3047 723 3112 formulam
761 3047 917 3112 adiectam
955 3068 1041 3111 esee:
1077 3046 1260 3135 ‘Impresa
1291 3050 1335 3113 die
1357 3042 1381 3103 l-

447 3132 668 3211 ‘Novembria
692 3134 1078 3200 Meccctxxxxl.
1102 3152 1268 3219 regnante
1288 3137 1381 3218 Auge

447 3219 537 3285 ‘tino
552 3219 729 3284 Barbadico
745 3220 826 3284 duce
843 3218 1070 3283 venetiarum!
1115 3219 1231 3286 Cuius
1245 3246 1314 3287 vero
1325 3216 1381 3307 typi·
1418 3291 1419 3302 χ

446 3327 562 3370 excusa
584 3306 690 3383 fuerit,
716 3320 832 3370 neutro
857 3306 928 3370 loco
951 3320 1154 3372 memoratur.
1205 3308 1283 3396 Ipse
1304 3302 1381 3371 salt·
1418 3331 1420 3418 p

445 3390 525 3456 licus
550 3392 583 3455 in
613 3392 808 3479 praefatione
833 3392 938 3468 refert,
966 3414 999 3456 ee
1025 3392 1154 3456 Livium
1181 3396 1230 3458 ad
1258 3408 1379 3459 renatum
1418 3423 1419 3476 p

445 3478 617 3579 exemplar,
636 3502 676 3543 ex
699 3478 891 3543 bibliotheca
912 3478 1080 3579 Benedicti
1105 3477 1262 3545 Comarii
1284 3472 1378 3573 Potrici·
1418 3479 1419 3486 '

445 3563 1377 3727 litltltttttthhthllttlffittl‘thtll

443 3736 554 3823 gulari,
571 3752 607 3802 ut
621 3737 828 3802 clarissimam
841 3737 1004 3802 historiam
1023 3736 1187 3824 aliquanto
1201 3738 1374 3825 integriorem

443 3844 544 3887 novae
559 3824 758 3910 impressioni
773 3824 950 3888 subiiceret.
984 3824 1106 3888 Verum
1118 3823 1195 3888 licet
1205 3826 1310 3911 plnroe
1318 3820 1375 3883 ciro

442 3908 1372 4063 4444..

442 4083 646 4147 vocomenais.
722 4117 724 4121 ·

359 4170 452 4231 1492.
476 4166 631 4247 Venetiis,
648 4170 679 4233 in
696 4170 797 4234 forma
811 4170 938 4234 maiore.

488 4252 578 4317 Haec
601 4256 699 4318 editio
721 4278 763 4319 ex
786 4255 978 4321 bibliotheca
1002 4255 1083 4321 Adr.
1100 4256 1200 4321 Pauw
1222 4264 1369 4321 recenant

1418 4233 1420 4266 l
