2934 4800
355 188 451 255 LIB.
479 189 604 255 XLIV.
637 190 748 257 cAP.
773 194 825 258 37.
1055 197 1113 259 161

20 333 173 385 »entes
185 322 295 400 acutis
310 323 435 410 nisique
452 324 526 411 pilis
543 326 677 390 stabant
724 327 810 392 Tum
832 326 895 391 iam
915 339 1024 414 aperte
1045 326 1111 415 pri·
1122 344 1156 395 U.
1168 346 1198 396 c.
1214 348 1269 408 584

20 405 110 469 riis
137 407 306 474 ordinibus
329 410 475 497 imperat,
497 424 694 476 metarentur
714 411 851 477 frontem
873 425 1055 492 castrorum,
1075 409 1149 478 etl·
1165 410 1196 461 ⁰·
1216 409 1268 461 ¹⁶⁸·

21 493 292 578 mpedimenta
315 497 555 562 constituerent.
604 497 703 574 Quod
724 498 780 564 ubi
803 498 873 564 fieri
897 499 1013 565 milites
1035 522 1108 564 sen-

20 599 138 678 iprq,
162 578 217 644 alii
236 581 376 668 gaudere
398 582 513 684 palam,
531 583 620 671 quod
640 585 737 650 fessos
755 585 825 649 viae
847 585 953 686 labore
972 586 1107 686 flagran-

20 669 1107 843 ffliss‘lqlllffillffiquffii‘llfflffi

20 837 280 924 approbantes,
296 863 396 926 quum
417 865 440 928 p
526 855 633 908 turum
652 843 815 909 consulem
834 844 1026 910 credebant:
1049 867 1107 910 ne·

20 946 120 1008 que
148 925 235 989 enirn
262 948 304 991 ne
329 927 380 992 his
400 928 457 1014 qui
480 951 533 993 em
558 930 793 995 cunctationem
817 945 984 1018 aperuerat
1005 953 1104 996 suam.

20 1009 155 1074 Tunc
177 1012 354 1086 mutatione
375 1014 499 1079 consilii
517 1015 622 1080 subita
635 1038 736 1102 quum
757 1016 812 1081 alii
833 1016 971 1095 silerent,
988 1016 1107 1084 Nasica
1115 1025 1222 1104 Nasicae

20 1099 361 1248 qipffiggpumnibus
374 1123 468 1200 ausus
482 1113 531 1166 eat
549 1123 679 1167 monere
693 1103 867 1253 complem,
884 1103 956 1168 ‘Ne
970 1103 1104 1205 hostem,
1114 1091 1264 1205 {ffflflff

21 1269 140 1332 ‘bn
168 1199 641 1351 andillmilllf‘l‘lml
649 1188 764 1340 filil
783 1201 1146 1374 imbibi&

23 1362 41 1391 ‘
58 1354 221 1419 maximo
241 1354 349 1422 labore
378 1380 416 1422 ac
443 1359 587 1445 periculo
614 1359 648 1424 in
677 1361 792 1425 intima
813 1359 1024 1425 Macedoniae
1046 1360 1105 1438 sit;

24 1443 1105 1598 ffimffimwm

30 1621 48 1652 ⁶
65 1635 274 1701 magnopere
297 1616 440 1695 suadere,
456 1617 537 1682 dum
560 1618 593 1682 in
607 1555 730 1706 agap-ppo
754 1617 877 1705 patenti
886 1555 1026 1683 abostem
1049 1618 1107 1684 ha·

32 1709 48 1738 ‘
67 1699 165 1776 beat,
299 1702 391 1781 iatur,
405 1726 467 1768 nec
481 1704 617 1769 oblatam
632 1704 831 1770 occasionem
845 1703 995 1769 vincendi
1014 1705 1107 1770 amit·

33 1795 51 1824 ‘
70 1786 147 1851 tat’
243 1787 326 1864 usul,
340 1789 421 1854 nibil
435 1791 575 1856 offensus
594 1791 695 1855 libera
712 1790 929 1856 admonitione
948 1803 1012 1856 tam
1030 1791 1107 1858 clari

35 1871 278 1952 adolescentis,
294 1874 357 1939 ‘Et
373 1877 453 1963 ego,’
471 1876 587 1963 inquit,
609 1877 770 1942 ‘animuin
791 1877 887 1944 istum
908 1876 1015 1954 habui,
1038 1877 1107 1942 Na·

38 1957 656 2115 iffitffmntittttilttttt
674 1985 748 2114 iim
764 1985 925 2114 tttt¹¹⁰
942 1963 1107 2114 ‘'tltt

43 2139 60 2170 ‘
76 2131 212 2217 quando
235 2133 460 2214 abstinendum
482 2158 591 2222 pugna
613 2135 664 2201 sit
709 2071 788 2200 bili
814 2158 834 2201 o
875 2072 990 2200 peugpit
1009 2097 1106 2201 stanti

46 2225 64 2256 ⁶
77 2239 171 2283 nunc
191 2217 228 2282 in
247 2219 315 2284 acie
334 2219 459 2298 dooere,
474 2221 591 2309 quibua
604 2220 646 2285 de
660 2221 762 2286 causis
781 2221 803 2285 h
848 2221 877 2287 'e
892 2222 1016 2308 quiesse
1038 2244 1107 2287 me·

49 2313 66 2343 ‘
77 2302 145 2368 lius
157 2304 207 2370 sit.
253 2303 408 2372 Rationes
426 2307 502 2373 alias
519 2307 695 2394 reposcitoi·
716 2329 803 2372 nunc
818 2309 1003 2373 auctoritate
1018 2320 1106 2372 vete-

50 2389 125 2455 ‘ris
153 2390 351 2479 imperatoris
378 2408 548 2459 contentus
576 2393 657 2459 eria'
705 2393 872 2460 Conticuit
900 2393 1104 2471 adolescens3

50 2476 149 2541 haud
165 2478 262 2544 dubie
276 2479 385 2545 ridere
403 2479 512 2568 aliqua
531 2480 762 2631 impedimenta
783 2503 909 2567 pugnae
932 2478 1105 2556 consulem,

52 2564 222 2650 quaesibi
242 2588 309 2631 nou
325 2579 522 2655 apparerent
596 2566 709 2643 aulius,
724 2580 893 2654 postquam
908 2578 1025 2629 metata
1038 2586 1106 2630 cas-
1203 2624 1213 2642 ,

54 2664 110 2715 tra
135 2649 426 2750 impedimentaque
449 2652 604 2718 collocata
628 2651 860 2729 animadvertit,
884 2674 926 2715 eir
948 2663 1107 2739 postrema

55 2736 130 2800 acie
152 2737 275 2802 triarios
298 2739 418 2825 primos
436 2739 602 2804 subducit:
625 2738 744 2804 deinde
766 2738 935 2826 principes,
950 2738 1107 2805 stantibus

56 2822 96 2886 in
117 2822 222 2909 prima
241 2825 308 2889 acie
330 2824 469 2903 hastatis,
491 2824 620 2912 siquid
641 2824 740 2890 hostis
761 2837 919 2889 moveret:
947 2838 1107 2913 postremo

57 2908 212 2988 hastatos,
235 2911 276 2976 ab
298 2910 412 2977 dextro
436 2911 576 3000 primum
599 2933 700 2976 comu
722 2910 917 2998 singulorum
942 2910 1107 2997 paullatim

57 2995 226 3081 signorum
246 2996 363 3063 milites
382 2998 578 3065 subtrahens.
624 2997 675 3063 Ita
694 2998 827 3085 pedites,
850 2998 1011 3083 equitibus
1033 3020 1107 3063 cum

59 3081 126 3147 levi
143 3096 301 3148 armatura
317 3096 391 3151 ante
411 3086 514 3151 aciem
535 3084 619 3151 hosti
638 3084 800 3173 oppositis,
815 3083 884 3148 sine
900 3083 1038 3149 tumultu
1053 3084 1109 3149 ab·

60 3166 173 3232 ducti:
196 3192 257 3233 nec
271 3183 354 3249 ante,
370 3194 468 3257 quam
487 3171 589 3259 prima
602 3172 688 3236 frons
702 3170 777 3236 valli
797 3192 834 3235 ac
852 3168 936 3235 fossa
956 3169 1111 3257 perducta

60 3266 123 3331 est,
138 3275 179 3318 eii
194 3255 328 3321 statione
341 3257 467 3343 equites
484 3257 623 3323 revocati
636 3269 719 3322 sunt
766 3256 840 3321 Rex
853 3278 993 3343 quoque,
1009 3276 1110 3341 quum

61 3340 134 3405 sine
152 3339 381 3407 detrectatione
403 3355 530 3430 paratus
548 3366 572 3430 p
637 3364 691 3407 are
710 3366 751 3407 eo
767 3341 820 3407 die
842 3342 962 3417 fiiisset,
977 3354 1111 3405 conten·

60 3442 126 3504 tus,
141 3426 230 3514 quod
247 3450 305 3515 per
317 3428 443 3494 bostem
456 3440 578 3493 moram
628 3429 635 3443 '
706 3449 833 3515 pugnae
853 3427 981 3502 scirent,
996 3424 1110 3524 etipse

63 3514 100 3576 in
117 3525 219 3577 castrii
237 3514 344 3601 copias
364 3514 501 3580 reduxit
548 3512 670 3579 Castris
774 3509 937 3588 unitisc.
952 3509 1112 3597 Sulpicius
1120 3524 1228 3587 Eciipiii

66 3597 182 3663 Gallus
196 3599 340 3665 tribunus
361 3600 500 3667 militum
514 3599 673 3666 secundae
700 3598 831 3685 agionis,
847 3596 905 3684 qui
918 3608 1046 3684 praetor
1059 3589 1207 3663 sustuna

64 3684 190 3835 pqriore
205 3707 290 3787 anno
303 3686 414 3764 fuerat,
429 3686 567 3812 consulis
630 3684 744 3749 rmissii
765 3683 808 3748 ad
829 3682 1015 3783 concionem
1019 3682 1110 3834 tpuli
1120 3654 1245 3781 §miss
1254 3668 1271 3703 ⁸

66 3783 905 4007 putitiu
928 3791 1114 3957 ,ii

68 3951 79 3982 ⁶
111 3964 199 4008 oram
222 3944 325 4009 noctis
344 3944 454 4010 lunam
476 3944 671 4011 defecturam
689 3964 766 4007 esse.
812 3940 830 4006 I
852 3990 862 4021 ,
881 3964 958 4030 quia
978 3940 1115 4007 naturah

102 4152 116 4203 5
133 4141 226 4189 Priiiiii
235 4141 375 4200 miii]
393 4154 427 4188 sc.
437 4139 577 4188 Primornm
609 4150 718 4200 pugnare
729 4136 865 4198 cupienter,
876 4152 905 4185 aa
917 4134 1028 4198 proinde,
1038 4152 1117 4199 quum

69 4204 182 4253 ordinum
201 4203 392 4264 centurionibus,
407 4208 437 4252 iit
453 4218 519 4266 supr.
537 4214 577 4264 33.
609 4205 775 4264 pugnaturum
787 4201 912 4273 consulam
923 4200 1064 4259 credebant,
1074 4216 1117 4261 ap·

71 4269 102 4317 cs.
115 4268 203 4330 Polyb.
214 4267 247 4317 ri.
260 4282 298 4330 34.
610 4266 742 4327 probantes
751 4264 799 4314 hoc
810 4263 948 4313 consilium.
964 4264 1047 4314 (ἔην.

102 4330 119 4380 6
141 4333 231 4381 oiim
268 4332 444 4395 approbanter]
485 4330 579 4381 Onne·

115 4414 189 4459 VOL.
204 4414 252 4457 iv.
920 4408 946 4450 Μ
