2934 4800
367 181 462 248 LIB.
485 179 611 246 XLIV.
642 181 755 248 CAP.
779 189 830 248 31.
1064 191 1125 252 149

41 317 237 383 Genusum
259 340 435 405 regressus,
449 317 492 383 ad
507 316 742 382 Bassanitarum
758 317 912 383 auxilium
933 320 1212 419 properarunt).
1228 337 1284 398 584·

39 402 77 468 N
78 427 127 469 on
142 404 321 469 sustinuit
332 404 449 468 famam
464 404 665 469 adventantis
675 404 831 503 praetoris
845 403 992 482 Gentius,
1009 404 1125 471 soluta·
1134 400 1165 451 A.
1181 400 1212 451 0·
1231 397 1284 450 ¹⁶⁸·

38 513 109 576 que
125 490 320 556 obsidione
337 490 490 555 Scodram
511 513 545 555 se
563 489 700 555 contulit
714 502 779 555 tarn
795 490 919 578 trepida
933 490 1017 578 luga,
1033 505 1125 556 utne

39 589 155 640 totum
182 577 333 677 quidem
356 577 533 642 exercitum
555 576 735 640 abduceret.
781 575 903 677 Magna
926 599 997 664 pars
1019 578 1126 679 copia:

38 661 417 836 'i‘ffaffto‘lrlll
441 662 1126 838 ttttttt⁰tlftlttlttff¹⁰⁸aett²t
1182 757 1234 816 31.

42 847 79 898 et
94 836 205 900 urbes
219 835 372 922 regionis
385 835 456 899 eius
470 834 557 899 idem
571 835 739 912 faciebant,
755 835 925 901 adiurante
947 834 1126 901 inclinatio·

42 942 127 984 nem
159 922 362 986 animorum
385 920 556 984 clementia
578 922 612 985 in
634 942 744 986 omnes
767 935 800 986 et
825 921 946 986 iustitia
996 923 1126 988 raetoris

45 1005 215 1071 Romani.
271 1006 329 1072 Ad
346 1005 499 1071 Scodram
517 1005 593 1071 inde
607 1021 739 1070 ventum
754 1006 915 1107 estquod
934 1009 974 1072 be
1000 1009 1007 1022 '
1030 1023 1127 1095 caput

46 1105 142 1168 erat3
169 1115 251 1157 non
272 1115 315 1157 eo
332 1091 445 1169 solum,
461 1092 549 1179 quod
566 1091 704 1157 Gentius
725 1115 795 1157 eam
818 1093 878 1158 srbi
898 1107 1025 1180 ceperat
1039 1095 1127 1160 velut

47 1179 149 1264 regni
174 1179 289 1244 totius
311 1201 426 1255 arcem,
442 1178 609 1242 sedetiam
625 1177 714 1264 quod
728 1177 918 1244 Labeatium
938 1180 1042 1266 gentis
1056 1202 1126 1244 mu-

48 1264 227 1330 nitissima
250 1264 351 1351 longe
377 1276 427 1328 est
449 1277 483 1328 et
505 1262 641 1328 difficilis
660 1263 759 1329 aditu.
807 1263 884 1329 Duo
904 1264 1037 1351 cingunt
1056 1287 1127 1330 eam

49 1349 212 1428 flumina,
247 1349 401 1415 Clausala
429 1349 527 1415 latere
553 1349 650 1428 urbis,
672 1350 762 1437 quod
786 1350 822 1414 in
848 1351 1002 1416 orientem
1028 1364 1126 1438 patet,

52 1437 266 1521 praefluens,
287 1436 460 1502 Barbanna
480 1436 521 1500 ab
541 1436 672 1522 regione
694 1435 877 1514 oecidentis,
893 1459 934 1500 ex
953 1434 1127 1502 Labeatide

52 1519 183 1606 palude
209 1523 332 1587 oriens.
379 1520 426 1586 Hi
447 1520 513 1587 duo
534 1544 644 1586 amnes
667 1522 864 1587 confluentes
883 1521 1031 1588 incidunt
1054 1521 1129 1588 Ori-

55 1607 143 1671 undi
166 1609 325 1685 flumini3
349 1607 448 1695 quod,
474 1621 580 1672 ortum
603 1629 645 1672 ex
668 1621 777 1672 monte
805 1607 935 1684 Scordo,
962 1607 1069 1673 multis
1095 1621 1129 1672 et

57 1692 132 1757 aliia
154 1708 299 1760 auctum
319 1693 419 1780 aquis,
435 1694 514 1758 mari
529 1692 718 1758 Hadriatico
732 1693 875 1759 infertur.
921 1693 1020 1759 Mons
1036 1695 1128 1759 Scor·

60 1777 135 1855 dus,
149 1779 261 1868 longe
283 1779 451 1844 altissimus
472 1779 612 1879 regionis
631 1780 709 1856 eius,
729 1780 770 1845 ab
793 1781 914 1845 oriente
930 1780 1127 1846 Dardaniam

60 1863 255 1930 subiectam
276 1865 384 1942 habet,
401 1889 422 1930 a
441 1865 575 1930 merrdie
590 1865 825 1943 Macedoniam,
841 1869 881 1932 ab
896 1889 1008 1934 occaau
1023 1866 1128 1955 Illyri-

63 1971 151 2015 cum.
206 1951 406 2039 Quanquam
432 1951 593 2015 munitum
620 1952 684 2016 situ
709 1952 846 2016 naturali
871 1953 1024 2040 opidum
1050 1967 1127 2032 erat,

65 2057 219 2124 gensque
248 2037 283 2102 id
308 2052 376 2102 tota
400 2036 582 2125 Illyriorum
607 2049 641 2101 et
664 2059 722 2102 rex
744 2038 812 2125 ipse
839 1976 996 2118 tuebatur,
1020 2052 1128 2104 tamen

65 2137 202 2207 praetor
218 2123 398 2200 Romanus,
413 2123 489 2210 qnia
509 2123 613 2210 prima
626 2139 841 2189 successerant
854 2148 1014 2213 prospere,
1028 2125 1129 2191 fortu-

68 2229 148 2272 nam
170 2210 275 2274 totius
296 2210 343 2274 rei
363 2209 521 2296 principia
541 2222 721 2274 secutumm
741 2233 808 2275 esse
830 2225 926 2289 ratus,
942 2225 975 2276 et
990 2212 1129 2299 repenti·

68 2296 346 2458 fflavmtlubudm
356 2307 523 2447 ιεῖοτιῖιιι,
535 2295 690 2447 ἰιιῐεὶξιιοιο
704 2297 1044 2449 exemifflmmoeqa
1057 2319 1129 2362 suc-

258 2406 279 2447 u
339 2404 367 2447 sr
384 2405 402 2447 c
433 2404 497 2446 usrs
639 2405 746 2447 muros
952 2407 992 2449 ue
1029 2407 1101 2449 urre

72 2466 241 2555 dispositis
262 2468 398 2545 armatis,
416 2468 512 2533 defen
536 2468 544 2483 ‘
596 2482 642 2545 nt,
657 2491 740 2533 rano
761 2406 836 2534 daim
857 2407 985 2570 incegto
1007 2406 1129 2535 moenis:

73 2552 137 2618 bus
156 2554 360 2643 pepulissent
382 2554 552 2620 Romanos.
598 2555 707 2655 Nunc,
721 2568 815 2642 porta
831 2578 957 2642 egressi,
969 2554 1130 2656 proelium

76 2636 149 2705 loco
163 2664 272 2728 aequo
287 2641 405 2706 maiore
420 2641 527 2705 animo
541 2654 777 2718 commiserunt,
787 2663 886 2791 qnam
901 2654 1127 2707 urstmuerunt

77 2722 169 2791 Pulsi
192 2728 281 2793 enim
300 2741 335 2793 et
355 2726 433 2814 fuga
451 2726 640 2813 conglobati,
664 2750 765 2814 quum
811 2727 918 2793 ucenti
939 2727 1073 2815 amplius
1095 2728 1129 2792 in

80 2808 158 2896 ipsis
173 2813 321 2878 faucibus
340 2826 451 2899 portae
472 2812 670 2890 cecidissent,
686 2827 811 2878 tantum
833 2812 1011 2879 intulerunt
1032 2828 1130 2879 terro·
1222 2896 1224 2899 Ι

80 2918 159 2975 rem,
175 2913 215 2964 ut
232 2913 370 2965 oratores
388 2897 550 2986 extemplo
570 2899 613 2963 ad
632 2914 812 2986 praetorem
835 2900 975 2965 mitteret
991 2899 1130 2966 Gentius

83 2979 258 3051 Teuticum
279 2998 313 3049 et
334 2984 471 3062 Bellum,
491 2985 651 3072 principes
674 2985 789 3072 gentis,
809 3009 868 3073 per
887 3009 967 3073 quos
991 2986 1131 3051 indutias

125 3085 217 3149 teret,
233 3085 270 3138 ut
283 3070 456 3136 deliberare
471 3070 513 3135 de
527 3083 611 3135 statu
625 3093 731 3136 rerum
751 3095 877 3136 suarum
898 3085 1012 3160 posset
1058 3072 1131 3136 Tri-

107 3178 149 3221 uo
169 3158 207 3223 in
228 3157 289 3223 hoc
310 3158 397 3233 dato,
414 3179 516 3243 quum
536 3170 639 3221 casua
660 3157 807 3223 Romana
820 3158 1013 3245 quingentos
1031 3157 1130 3221 ferme

86 3262 195 3325 pasus
207 3244 248 3309 ab
263 3245 340 3308 urbe
355 3243 510 3320 abessent,
525 3265 639 3307 narem
653 3244 849 3321 conscendit,
861 3258 895 3309 et
907 3244 1040 3308 flumine
1052 3242 1132 3306 Bar·

87 3326 193 3394 banna
209 3330 336 3416 navigat
357 3330 393 3394 in
416 3327 519 3393 lacum
535 3328 722 3408 Labeatum,
737 3328 826 3395 velut
846 3342 1003 3394 secretum
1025 3328 1131 3392 locum

89 3427 199 3497 petens
219 3414 260 3479 ad
281 3414 544 3491 consultandum
569 3414 636 3492 sed,
651 3429 688 3481 ut
702 3439 743 3503 ap
785 3416 858 3492 ruit,
874 3415 951 3479 falsa
969 3436 1025 3500 spe
1045 3412 1132 3477 exci-

71 3511 148 3577 ῑῑιιε,
167 3500 394 3568 Caravantium
414 3500 553 3578 fiatrem,
576 3500 683 3565 multis
706 3500 846 3565 milibus
866 3512 1057 3563 armatorum
1079 3520 1133 3563 oo-

71 3586 165 3651 aactis
182 3610 223 3652 ex
240 3608 280 3651 ea
295 3586 436 3672 regione,
450 3586 486 3649 in
500 3608 596 3672 quam
618 3586 731 3650 missus
746 3599 823 3661 erat,
839 3584 1017 3649 adventare.
1066 3582 1133 3657 Qui

90 3687 255 3759 postquam
276 3671 406 3737 evanuit
429 3694 547 3749 rumor,
569 3672 663 3736 tertio
686 3682 758 3758 post
783 3669 836 3734 die
860 3691 974 3733 navem
998 3668 1133 3735 eandem

93 3759 228 3824 secundo
242 3758 329 3823 amni
346 3756 498 3822 Scodram
517 3756 661 3823 demisit:
684 3756 927 3845 praemissisque
945 3754 1076 3834 nuntiis,
1097 3768 1133 3821 ut

131 3941 141 3975 1
164 3929 280 3977 Masta·
311 3934 461 3976 mmm
491 3928 591 3986 mutu]
628 3925 777 3988 Designatur
789 3925 871 3988 potins
882 3925 962 3975 amisa
972 3925 1056 3987 aliqua
1067 3926 1133 3975 Gen·

95 3989 294 4040 &marsana
302 3991 595 4051 Gronov.ast,aedaats'a‚
626 3989 656 4038 tii
679 3988 754 4051 regio,
777 3989 802 4037 in
827 4004 901 4051 quarn
926 3989 1097 4047 Caravantlus,
1118 4005 1135 4038 a

95 4054 456 4118 quodvulgoexstatliekker.
466 4059 556 4103 tuetur.
628 4052 710 4103 canis
734 4055 774 4101 rel
798 4068 914 4112 reversus,
935 4054 974 4101 rel
1000 4058 1134 4111 revocatus,

125 4120 195 4168 2132
210 4134 240 4168 aa
256 4119 401 4179 regionam
417 4134 491 4181 quom
507 4120 595 4166 nunu
625 4117 713 4165 missus
730 4122 794 4165 esset
810 4132 826 4165 a
841 4118 924 4175 fiune,
938 4115 1062 4176 ntoopias
1077 4130 1133 4163 con·

96 4183 156 4240 crat]
172 4181 245 4231 Haec
255 4196 305 4230 noa
314 4181 427 4231 ridentur
435 4180 595 4243 intelligenda
626 4180 741 4229 smeret
774 4181 806 4230 ld
820 4182 921 4229 sertam
936 4179 1026 4227 elarius
1041 4193 1133 4227 merno-

98 4257 144 4292 esae
153 4246 184 4294 de
193 4244 350 4309 expeditione
360 4244 501 4295 Caravantii
512 4244 594 4293 inCa·
625 4250 721 4293 raserat
738 4244 823 4295 Livius
837 4243 864 4294 ia
880 4242 910 4291 iis
925 4258 989 4305 quaa
1004 4242 1133 4292 intercide-

100 4307 154 4371 rioe,
166 4311 199 4359 de
213 4324 263 4372 qua
279 4324 334 4373 eap.
345 4324 426 4372 praec.
437 4308 488 4371 egit
501 4306 593 4357 Lirim
626 4312 691 4360 runt
707 4308 789 4360 esav.
