<?xml version="1.0" encoding="UTF-8"?>
<!DOCTYPE html PUBLIC "-//W3C//DTD XHTML 1.0 Transitional//EN"
    "http://www.w3.org/TR/xhtml1/DTD/xhtml1-transitional.dtd">
<html xmlns="http://www.w3.org/1999/xhtml" xml:lang="en" lang="en">
 <head>
  <title>
</title>
<meta http-equiv="Content-Type" content="text/html;charset=utf-8" />
  <meta name='ocr-system' content='tesseract 3.04.00' />
  <meta name='ocr-capabilities' content='ocr_page ocr_carea ocr_par ocr_line ocrx_word'/>
</head>
<body>
  <div class='ocr_page' id='page_1' title='image "./tliviipatavinih01kreygoog/tliviipatavinih01kreygoog_0085.png"; bbox 0 0 2934 4800; ppageno 0'>
   <div class='ocr_carea' id='block_1_1' title="bbox 391 219 1133 294">
    <p class='ocr_par' dir='ltr' id='par_1_1' title="bbox 391 219 1133 294">
     <span class='ocr_line' id='line_1_1' title="bbox 391 219 1133 294; baseline 0.009 -8"><span class='ocrx_word' id='word_1_1' title='bbox 391 219 487 287; x_wconf 86' lang='lat' dir='ltr'><strong>LIB.</strong></span> <span class='ocrx_word' id='word_1_2' title='bbox 513 219 623 286; x_wconf 89' lang='lat' dir='ltr'><strong>XLII.</strong></span> <span class='ocrx_word' id='word_1_3' title='bbox 658 221 769 288; x_wconf 87' lang='lat' dir='ltr'>CAP.</span> <span class='ocrx_word' id='word_1_4' title='bbox 794 228 847 288; x_wconf 81' lang='lat'><strong>43.</strong></span> <span class='ocrx_word' id='word_1_5' title='bbox 1092 229 1133 294; x_wconf 79' lang='lat'><strong>75</strong></span> 
     </span>
    </p>
   </div>
   <div class='ocr_carea' id='block_1_2' title="bbox 32 356 1294 3819">
    <p class='ocr_par' dir='ltr' id='par_1_2' title="bbox 43 356 1294 619">
     <span class='ocr_line' id='line_1_2' title="bbox 43 356 1294 449; baseline 0.004 -27"><span class='ocrx_word' id='word_1_6' title='bbox 43 365 59 394; x_wconf 87' lang='lat'>‘</span> <span class='ocrx_word' id='word_1_7' title='bbox 71 358 180 424; x_wconf 87' lang='lat' dir='ltr'><strong>nihil</strong></span> <span class='ocrx_word' id='word_1_8' title='bbox 202 379 257 424; x_wconf 89' lang='lat' dir='ltr'><strong>me</strong></span> <span class='ocrx_word' id='word_1_9' title='bbox 276 359 429 424; x_wconf 80' lang='lat' dir='ltr'>scientem</span> <span class='ocrx_word' id='word_1_10' title='bbox 448 356 637 445; x_wconf 82' lang='lat' dir='ltr'><strong>deliquisse:</strong></span> <span class='ocrx_word' id='word_1_11' title='bbox 661 372 703 435; x_wconf 92' lang='lat' dir='ltr'><strong>et,</strong></span> <span class='ocrx_word' id='word_1_12' title='bbox 719 358 746 422; x_wconf 86' lang='lat' dir='ltr'><strong>si</strong></span> <span class='ocrx_word' id='word_1_13' title='bbox 767 359 846 444; x_wconf 90' lang='lat' dir='ltr'><strong>quid</strong></span> <span class='ocrx_word' id='word_1_14' title='bbox 864 358 995 424; x_wconf 83' lang='lat' dir='ltr'><strong>fecerim</strong></span> <span class='ocrx_word' id='word_1_15' title='bbox 1014 359 1136 449; x_wconf 87' lang='lat' dir='ltr'><strong>impru·</strong></span> <span class='ocrx_word' id='word_1_16' title='bbox 1148 374 1180 426; x_wconf 84' lang='lat' dir='ltr'><strong>u.</strong></span> <span class='ocrx_word' id='word_1_17' title='bbox 1191 374 1222 425; x_wconf 79' lang='lat' dir='ltr'><strong>c,</strong></span> <span class='ocrx_word' id='word_1_18' title='bbox 1237 375 1294 438; x_wconf 76' lang='lat'><strong>581.</strong></span> 
     </span>
     <span class='ocr_line' id='line_1_3' title="bbox 45 439 1294 532; baseline 0.003 -22"><span class='ocrx_word' id='word_1_19' title='bbox 45 443 213 512; x_wconf 80' lang='lat' dir='ltr'><strong>‘dentis</strong></span> <span class='ocrx_word' id='word_1_20' title='bbox 239 445 271 511; x_wconf 90' lang='lat' dir='ltr'><strong>la</strong></span> <span class='ocrx_word' id='word_1_21' title='bbox 330 445 493 532; x_wconf 74' lang='lat' dir='ltr'><strong>acorrigi</strong></span> <span class='ocrx_word' id='word_1_22' title='bbox 518 466 569 509; x_wconf 89' lang='lat' dir='ltr'><strong>me</strong></span> <span class='ocrx_word' id='word_1_23' title='bbox 595 457 628 509; x_wconf 92' lang='lat' dir='ltr'><strong>et</strong></span> <span class='ocrx_word' id='word_1_24' title='bbox 654 444 817 510; x_wconf 89' lang='lat' dir='ltr'><strong>emendari</strong></span> <span class='ocrx_word' id='word_1_25' title='bbox 843 446 918 510; x_wconf 85' lang='lat' dir='ltr'><strong>cas&#39;</strong></span> <span class='ocrx_word' id='word_1_26' title='bbox 962 447 1048 512; x_wconf 88' lang='lat' dir='ltr'><strong>tione</strong></span> <span class='ocrx_word' id='word_1_27' title='bbox 1075 439 1222 514; x_wconf 56' lang='grc' dir='ltr'><strong>ΜΗ·</strong></span> <span class='ocrx_word' id='word_1_28' title='bbox 1240 452 1294 502; x_wconf 77' lang='lat'><strong>17¹·</strong></span> 
     </span>
     <span class='ocr_line' id='line_1_4' title="bbox 47 529 1136 619; baseline 0.004 -24"><span class='ocrx_word' id='word_1_29' title='bbox 47 540 202 619; x_wconf 75' lang='lat' dir='ltr'><strong>‘posse</strong></span> <span class='ocrx_word' id='word_1_30' title='bbox 286 531 345 596; x_wconf 90' lang='lat' dir='ltr'><strong>ihil</strong></span> <span class='ocrx_word' id='word_1_31' title='bbox 366 547 451 597; x_wconf 90' lang='lat' dir='ltr'><strong>certe</strong></span> <span class='ocrx_word' id='word_1_32' title='bbox 475 529 658 610; x_wconf 75' lang='lat' dir='ltr'>insanabile,</span> <span class='ocrx_word' id='word_1_33' title='bbox 681 553 742 596; x_wconf 89' lang='lat' dir='ltr'><strong>nec</strong></span> <span class='ocrx_word' id='word_1_34' title='bbox 768 531 856 618; x_wconf 91' lang='lat' dir='ltr'><strong>quod</strong></span> <span class='ocrx_word' id='word_1_35' title='bbox 878 532 919 596; x_wconf 91' lang='lat' dir='ltr'><strong>be</strong></span> <span class='ocrx_word' id='word_1_36' title='bbox 943 555 964 598; x_wconf 90' lang='lat' dir='ltr'><strong>o</strong></span> <span class='ocrx_word' id='word_1_37' title='bbox 986 547 1020 598; x_wconf 92' lang='lat' dir='ltr'><strong>et</strong></span> <span class='ocrx_word' id='word_1_38' title='bbox 1040 534 1136 599; x_wconf 81' lang='lat' dir='ltr'><strong>annis</strong></span> 
     </span>
    </p>

    <p class='ocr_par' dir='ltr' id='par_1_3' title="bbox 46 617 1136 795">
     <span class='ocr_line' id='line_1_5' title="bbox 46 617 1136 707; baseline 0.001 -22"><span class='ocrx_word' id='word_1_39' title='bbox 46 627 62 656; x_wconf 87' lang='lat'>‘</span> <span class='ocrx_word' id='word_1_40' title='bbox 75 619 361 707; x_wconf 81' lang='lat' dir='ltr'><strong>persequendum</strong></span> <span class='ocrx_word' id='word_1_41' title='bbox 382 641 450 683; x_wconf 90' lang='lat' dir='ltr'><strong>esse</strong></span> <span class='ocrx_word' id='word_1_42' title='bbox 477 617 639 695; x_wconf 88' lang='lat' dir='ltr'><strong>censeatis,</strong></span> <span class='ocrx_word' id='word_1_43' title='bbox 663 619 825 682; x_wconf 85' lang='lat' dir='ltr'><strong>commisi:</strong></span> <span class='ocrx_word' id='word_1_44' title='bbox 857 633 912 684; x_wconf 88' lang='lat' dir='ltr'><strong>aut</strong></span> <span class='ocrx_word' id='word_1_45' title='bbox 936 619 1050 686; x_wconf 83' lang='lat' dir='ltr'><strong>fmstra</strong></span> <span class='ocrx_word' id='word_1_46' title='bbox 1070 619 1136 686; x_wconf 89' lang='lat' dir='ltr'><strong>cle·</strong></span> 
     </span>
     <span class='ocr_line' id='line_1_6' title="bbox 50 703 1136 795; baseline 0.001 -25"><span class='ocrx_word' id='word_1_47' title='bbox 50 706 242 772; x_wconf 74' lang='lat' dir='ltr'><strong>‘mentire</strong></span> <span class='ocrx_word' id='word_1_48' title='bbox 327 705 495 792; x_wconf 84' lang='lat' dir='ltr'><strong>vitatisque</strong></span> <span class='ocrx_word' id='word_1_49' title='bbox 525 718 647 769; x_wconf 85' lang='lat' dir='ltr'><strong>vestrae</strong></span> <span class='ocrx_word' id='word_1_50' title='bbox 675 703 761 770; x_wconf 82' lang='lat' dir='ltr'><strong>lama</strong></span> <span class='ocrx_word' id='word_1_51' title='bbox 788 704 916 792; x_wconf 83' lang='lat' dir='ltr'><strong>vulgata</strong></span> <span class='ocrx_word' id='word_1_52' title='bbox 941 720 1136 795; x_wconf 81' lang='lat' dir='ltr'><strong>pergentes</strong></span> 
     </span>
    </p>

    <p class='ocr_par' dir='ltr' id='par_1_4' title="bbox 53 791 1135 878">
     <span class='ocr_line' id='line_1_7' title="bbox 53 791 1135 878; baseline 0.001 -22"><span class='ocrx_word' id='word_1_53' title='bbox 53 801 67 830; x_wconf 90' lang='lat'>‘</span> <span class='ocrx_word' id='word_1_54' title='bbox 80 807 159 870; x_wconf 84' lang='lat' dir='ltr'><strong>est,</strong></span> <span class='ocrx_word' id='word_1_55' title='bbox 174 793 201 858; x_wconf 85' lang='lat' dir='ltr'><strong>ai</strong></span> <span class='ocrx_word' id='word_1_56' title='bbox 217 791 274 856; x_wconf 85' lang='lat' dir='ltr'><strong>tali</strong></span> <span class='ocrx_word' id='word_1_57' title='bbox 296 815 333 856; x_wconf 91' lang='lat' dir='ltr'><strong>us</strong></span> <span class='ocrx_word' id='word_1_58' title='bbox 347 792 388 857; x_wconf 91' lang='lat' dir='ltr'><strong>de</strong></span> <span class='ocrx_word' id='word_1_59' title='bbox 403 793 513 866; x_wconf 79' lang='lat' dir='ltr'><strong>crusis,</strong></span> <span class='ocrx_word' id='word_1_60' title='bbox 529 813 610 877; x_wconf 89' lang='lat' dir='ltr'><strong>quae</strong></span> <span class='ocrx_word' id='word_1_61' title='bbox 626 791 680 855; x_wconf 85' lang='lat' dir='ltr'><strong>vix</strong></span> <span class='ocrx_word' id='word_1_62' title='bbox 695 791 898 878; x_wconf 86' lang='lat' dir='ltr'><strong>querelaete</strong></span> <span class='ocrx_word' id='word_1_63' title='bbox 981 792 1135 859; x_wconf 88' lang='lat' dir='ltr'><strong>tulatione</strong></span> 
     </span>
    </p>

    <p class='ocr_par' dir='ltr' id='par_1_5' title="bbox 54 877 1114 965">
     <span class='ocr_line' id='line_1_8' title="bbox 54 877 1114 965; baseline 0 -21"><span class='ocrx_word' id='word_1_64' title='bbox 54 889 68 918; x_wconf 90' lang='lat'>‘</span> <span class='ocrx_word' id='word_1_65' title='bbox 83 880 130 944; x_wconf 89' lang='lat' dir='ltr'><strong>di</strong></span> <span class='ocrx_word' id='word_1_66' title='bbox 184 902 223 944; x_wconf 89' lang='lat' dir='ltr'><strong>ae</strong></span> <span class='ocrx_word' id='word_1_67' title='bbox 239 893 324 955; x_wconf 90' lang='lat' dir='ltr'><strong>sunt,</strong></span> <span class='ocrx_word' id='word_1_68' title='bbox 340 901 426 943; x_wconf 90' lang='lat' dir='ltr'><strong>arma</strong></span> <span class='ocrx_word' id='word_1_69' title='bbox 440 877 562 965; x_wconf 90' lang='lat' dir='ltr'><strong>capitis,</strong></span> <span class='ocrx_word' id='word_1_70' title='bbox 578 892 612 942; x_wconf 89' lang='lat' dir='ltr'><strong>et</strong></span> <span class='ocrx_word' id='word_1_71' title='bbox 626 877 754 965; x_wconf 78' lang='lat' dir='ltr'><strong>regibus</strong></span> <span class='ocrx_word' id='word_1_72' title='bbox 767 879 860 943; x_wconf 91' lang='lat' dir='ltr'><strong>sociis</strong></span> <span class='ocrx_word' id='word_1_73' title='bbox 874 880 914 944; x_wconf 92' lang='lat' dir='ltr'><strong>be</strong></span> <span class='ocrx_word' id='word_1_74' title='bbox 938 879 1114 945; x_wconf 78' lang='lat' dir='ltr'><strong>ainfertis&#39;</strong></span> 
     </span>
    </p>

    <p class='ocr_par' dir='ltr' id='par_1_6' title="bbox 119 903 1244 1032">
     <span class='ocr_line' id='line_1_9' title="bbox 119 903 1244 1032; baseline 0.002 -2"><span class='ocrx_word' id='word_1_75' title='bbox 119 903 221 1031; x_wconf 53' lang='lat' dir='ltr'><strong>fides</strong></span> <span class='ocrx_word' id='word_1_76' title='bbox 238 965 360 1030; x_wconf 88' lang='lat' dir='ltr'><strong>dicenti</strong></span> <span class='ocrx_word' id='word_1_77' title='bbox 380 987 454 1030; x_wconf 90' lang='lat' dir='ltr'><strong>cum</strong></span> <span class='ocrx_word' id='word_1_78' title='bbox 474 987 601 1029; x_wconf 68' lang='lat' dir='ltr'><strong>amensa</strong></span> <span class='ocrx_word' id='word_1_79' title='bbox 616 962 759 1030; x_wconf 77' lang='lat' dir='ltr'><strong>Marcius</strong></span> <span class='ocrx_word' id='word_1_80' title='bbox 775 977 887 1030; x_wconf 80' lang='lat' dir='ltr'><strong>auctor</strong></span> <span class='ocrx_word' id='word_1_81' title='bbox 905 965 967 1031; x_wconf 88' lang='lat' dir='ltr'><strong>fuit</strong></span> <span class='ocrx_word' id='word_1_82' title='bbox 985 965 1134 1032; x_wconf 87' lang='lat' dir='ltr'><strong>mittendi</strong></span> <span class='ocrx_word' id='word_1_83' title='bbox 1190 971 1244 1032; x_wconf 81' lang='lat'><strong>4³.</strong></span> 
     </span>
    </p>

    <p class='ocr_par' dir='ltr' id='par_1_7' title="bbox 32 1050 1268 2006">
     <span class='ocr_line' id='line_1_10' title="bbox 57 1050 1135 1139; baseline 0.003 -23"><span class='ocrx_word' id='word_1_84' title='bbox 57 1052 224 1118; x_wconf 88' lang='lat' dir='ltr'><strong>Romam</strong></span> <span class='ocrx_word' id='word_1_85' title='bbox 244 1052 373 1139; x_wconf 83' lang='lat' dir='ltr'><strong>legatos,</strong></span> <span class='ocrx_word' id='word_1_86' title='bbox 389 1074 488 1139; x_wconf 90' lang='lat' dir='ltr'><strong>quum</strong></span> <span class='ocrx_word' id='word_1_87' title='bbox 509 1073 549 1115; x_wconf 83' lang='lat' dir='ltr'><strong>ex</strong></span> <span class='ocrx_word' id='word_1_88' title='bbox 593 1050 703 1116; x_wconf 90' lang='lat' dir='ltr'><strong>rienda</strong></span> <span class='ocrx_word' id='word_1_89' title='bbox 717 1051 826 1116; x_wconf 91' lang='lat' dir='ltr'><strong>omnia</strong></span> <span class='ocrx_word' id='word_1_90' title='bbox 844 1051 887 1116; x_wconf 91' lang='lat' dir='ltr'><strong>ad</strong></span> <span class='ocrx_word' id='word_1_91' title='bbox 901 1052 1059 1131; x_wconf 90' lang='lat' dir='ltr'><strong>ultimum,</strong></span> <span class='ocrx_word' id='word_1_92' title='bbox 1074 1075 1135 1120; x_wconf 90' lang='lat' dir='ltr'><strong>nec</strong></span> 
     </span>
     <span class='ocr_line' id='line_1_11' title="bbox 56 1136 1136 1226; baseline 0.001 -22"><span class='ocrx_word' id='word_1_93' title='bbox 56 1138 399 1226; x_wconf 79' lang='lat' dir='ltr'><strong>praetermittendam</strong></span> <span class='ocrx_word' id='word_1_94' title='bbox 415 1159 504 1226; x_wconf 91' lang='lat' dir='ltr'><strong>spem</strong></span> <span class='ocrx_word' id='word_1_95' title='bbox 519 1136 553 1201; x_wconf 93' lang='lat' dir='ltr'><strong>ul</strong></span> <span class='ocrx_word' id='word_1_96' title='bbox 585 1159 616 1202; x_wconf 89' lang='lat' dir='ltr'><strong>m</strong></span> <span class='ocrx_word' id='word_1_97' title='bbox 632 1137 813 1204; x_wconf 68' lang='lat' dir='ltr'><strong>censuisset.</strong></span> <span class='ocrx_word' id='word_1_98' title='bbox 860 1137 1000 1226; x_wconf 87' lang='lat' dir='ltr'><strong>Reliqua</strong></span> <span class='ocrx_word' id='word_1_99' title='bbox 1010 1140 1136 1206; x_wconf 91' lang='lat' dir='ltr'><strong>consul·</strong></span> 
     </span>
     <span class='ocr_line' id='line_1_12' title="bbox 60 1223 1268 1313; baseline 0.002 -23"><span class='ocrx_word' id='word_1_100' title='bbox 60 1227 164 1292; x_wconf 80' lang='lat' dir='ltr'><strong>tatio</strong></span> <span class='ocrx_word' id='word_1_101' title='bbox 184 1239 262 1302; x_wconf 88' lang='lat' dir='ltr'><strong>erat,</strong></span> <span class='ocrx_word' id='word_1_102' title='bbox 279 1247 417 1313; x_wconf 85' lang='lat' dir='ltr'><strong>quonam</strong></span> <span class='ocrx_word' id='word_1_103' title='bbox 438 1223 533 1289; x_wconf 90' lang='lat' dir='ltr'><strong>modo</strong></span> <span class='ocrx_word' id='word_1_104' title='bbox 554 1235 659 1289; x_wconf 90' lang='lat' dir='ltr'><strong>tutum</strong></span> <span class='ocrx_word' id='word_1_105' title='bbox 679 1224 741 1289; x_wconf 88' lang='lat' dir='ltr'><strong>iter</strong></span> <span class='ocrx_word' id='word_1_106' title='bbox 760 1223 790 1289; x_wconf 92' lang='lat' dir='ltr'><strong>le</strong></span> <span class='ocrx_word' id='word_1_107' title='bbox 832 1226 872 1290; x_wconf 88' lang='lat' dir='ltr'><strong>tis</strong></span> <span class='ocrx_word' id='word_1_108' title='bbox 889 1241 979 1291; x_wconf 87' lang='lat' dir='ltr'><strong>esset.</strong></span> <span class='ocrx_word' id='word_1_109' title='bbox 1026 1226 1082 1292; x_wconf 86' lang='lat' dir='ltr'><strong>Ad</strong></span> <span class='ocrx_word' id='word_1_110' title='bbox 1101 1227 1136 1292; x_wconf 92' lang='lat' dir='ltr'><strong>id</strong></span> <span class='ocrx_word' id='word_1_111' title='bbox 1145 1242 1268 1293; x_wconf 68' lang='lat' dir='ltr'><strong>lanatae.</strong></span> 
     </span>
     <span class='ocr_line' id='line_1_13' title="bbox 95 1247 1136 1412; baseline 0.001 -35"><span class='ocrx_word' id='word_1_112' title='bbox 95 1335 185 1377; x_wconf 87' lang='lat' dir='ltr'><strong>uum</strong></span> <span class='ocrx_word' id='word_1_113' title='bbox 210 1313 387 1378; x_wconf 89' lang='lat' dir='ltr'><strong>necessaria</strong></span> <span class='ocrx_word' id='word_1_114' title='bbox 406 1311 518 1412; x_wconf 89' lang='lat' dir='ltr'><strong>petitio</strong></span> <span class='ocrx_word' id='word_1_115' title='bbox 537 1311 734 1376; x_wconf 80' lang='lat' dir='ltr'><strong>indutiarum</strong></span> <span class='ocrx_word' id='word_1_116' title='bbox 754 1247 925 1389; x_wconf 65' lang='lat' dir='ltr'><strong>vidiretur,</strong></span> <span class='ocrx_word' id='word_1_117' title='bbox 940 1329 1136 1401; x_wconf 88' lang='lat' dir='ltr'><strong>cuperetque</strong></span> 
     </span>
     <span class='ocr_line' id='line_1_14' title="bbox 32 1336 1137 1487; baseline 0.002 -25"><span class='ocrx_word' id='word_1_118' title='bbox 32 1336 238 1476; x_wconf 54' lang='lat' dir='ltr'><strong>sirmiae,</strong></span> <span class='ocrx_word' id='word_1_119' title='bbox 255 1421 360 1485; x_wconf 88' lang='lat' dir='ltr'><strong>neque</strong></span> <span class='ocrx_word' id='word_1_120' title='bbox 376 1397 463 1463; x_wconf 89' lang='lat' dir='ltr'><strong>ahud</strong></span> <span class='ocrx_word' id='word_1_121' title='bbox 477 1396 636 1484; x_wconf 91' lang='lat' dir='ltr'><strong>colloquio</strong></span> <span class='ocrx_word' id='word_1_122' title='bbox 651 1398 792 1485; x_wconf 87' lang='lat' dir='ltr'><strong>petisset,</strong></span> <span class='ocrx_word' id='word_1_123' title='bbox 807 1412 935 1484; x_wconf 70' lang='lat' dir='ltr'><strong>gravme</strong></span> <span class='ocrx_word' id='word_1_124' title='bbox 952 1414 985 1464; x_wconf 91' lang='lat' dir='ltr'><strong>et</strong></span> <span class='ocrx_word' id='word_1_125' title='bbox 999 1400 1034 1463; x_wconf 94' lang='lat' dir='ltr'><strong>in</strong></span> <span class='ocrx_word' id='word_1_126' title='bbox 1050 1422 1137 1487; x_wconf 56' lang='lat' dir='ltr'><strong>mag*</strong></span> 
     </span>
     <span class='ocr_line' id='line_1_15' title="bbox 68 1483 1153 1573; baseline 0 -23"><span class='ocrx_word' id='word_1_127' title='bbox 68 1507 163 1550; x_wconf 89' lang='lat' dir='ltr'><strong>nam</strong></span> <span class='ocrx_word' id='word_1_128' title='bbox 232 1484 309 1550; x_wconf 89' lang='lat' dir='ltr'><strong>tiam</strong></span> <span class='ocrx_word' id='word_1_129' title='bbox 324 1486 463 1573; x_wconf 89' lang='lat' dir='ltr'><strong>petentis</strong></span> <span class='ocrx_word' id='word_1_130' title='bbox 482 1484 647 1549; x_wconf 89' lang='lat' dir='ltr'><strong>concessit.</strong></span> <span class='ocrx_word' id='word_1_131' title='bbox 694 1483 787 1548; x_wconf 91' lang='lat' dir='ltr'><strong>Nihil</strong></span> <span class='ocrx_word' id='word_1_132' title='bbox 802 1485 888 1548; x_wconf 91' lang='lat' dir='ltr'><strong>enim</strong></span> <span class='ocrx_word' id='word_1_133' title='bbox 903 1485 979 1550; x_wconf 91' lang='lat' dir='ltr'><strong>satis</strong></span> <span class='ocrx_word' id='word_1_134' title='bbox 992 1499 1153 1573; x_wconf 80' lang='lat' dir='ltr'><strong>paratum·</strong></span> 
     </span>
     <span class='ocr_line' id='line_1_16' title="bbox 72 1570 1136 1658; baseline 0 -22"><span class='ocrx_word' id='word_1_135' title='bbox 72 1573 127 1636; x_wconf 83' lang='lat' dir='ltr'><strong>ad</strong></span> <span class='ocrx_word' id='word_1_136' title='bbox 143 1571 261 1636; x_wconf 90' lang='lat' dir='ltr'><strong>belum</strong></span> <span class='ocrx_word' id='word_1_137' title='bbox 277 1572 312 1636; x_wconf 90' lang='lat' dir='ltr'><strong>in</strong></span> <span class='ocrx_word' id='word_1_138' title='bbox 331 1571 510 1658; x_wconf 88' lang='lat' dir='ltr'><strong>praesentia</strong></span> <span class='ocrx_word' id='word_1_139' title='bbox 527 1571 687 1635; x_wconf 88' lang='lat' dir='ltr'><strong>habebant</strong></span> <span class='ocrx_word' id='word_1_140' title='bbox 703 1570 853 1650; x_wconf 89' lang='lat' dir='ltr'><strong>Romani,</strong></span> <span class='ocrx_word' id='word_1_141' title='bbox 868 1594 934 1636; x_wconf 88' lang='lat' dir='ltr'><strong>non</strong></span> <span class='ocrx_word' id='word_1_142' title='bbox 949 1573 1136 1650; x_wconf 82' lang='lat' dir='ltr'><strong>exercitum,</strong></span> 
     </span>
     <span class='ocr_line' id='line_1_17' title="bbox 76 1657 1137 1746; baseline 0.002 -24"><span class='ocrx_word' id='word_1_143' title='bbox 76 1681 157 1724; x_wconf 88' lang='lat' dir='ltr'><strong>non</strong></span> <span class='ocrx_word' id='word_1_144' title='bbox 171 1658 303 1723; x_wconf 87' lang='lat' dir='ltr'><strong>ducem:</strong></span> <span class='ocrx_word' id='word_1_145' title='bbox 328 1679 427 1744; x_wconf 91' lang='lat' dir='ltr'><strong>quum</strong></span> <span class='ocrx_word' id='word_1_146' title='bbox 443 1657 589 1734; x_wconf 89' lang='lat' dir='ltr'><strong>Perseus,</strong></span> <span class='ocrx_word' id='word_1_147' title='bbox 605 1658 640 1720; x_wconf 90' lang='lat' dir='ltr'><strong>ni</strong></span> <span class='ocrx_word' id='word_1_148' title='bbox 653 1679 725 1744; x_wconf 90' lang='lat' dir='ltr'><strong>spes</strong></span> <span class='ocrx_word' id='word_1_149' title='bbox 745 1681 827 1722; x_wconf 89' lang='lat' dir='ltr'><strong>vana</strong></span> <span class='ocrx_word' id='word_1_150' title='bbox 839 1658 927 1746; x_wconf 70' lang='lat' dir='ltr'><strong>pwis</strong></span> <span class='ocrx_word' id='word_1_151' title='bbox 940 1672 1137 1724; x_wconf 73' lang='lat' dir='ltr'><strong>occaecasset</strong></span> 
     </span>
     <span class='ocr_line' id='line_1_18' title="bbox 77 1744 1137 1832; baseline 0.002 -23"><span class='ocrx_word' id='word_1_152' title='bbox 77 1744 228 1822; x_wconf 87' lang='lat' dir='ltr'><strong>consilia,</strong></span> <span class='ocrx_word' id='word_1_153' title='bbox 249 1745 358 1809; x_wconf 89' lang='lat' dir='ltr'><strong>omnia</strong></span> <span class='ocrx_word' id='word_1_154' title='bbox 376 1758 561 1832; x_wconf 89' lang='lat' dir='ltr'><strong>praeparata</strong></span> <span class='ocrx_word' id='word_1_155' title='bbox 580 1757 675 1831; x_wconf 91' lang='lat' dir='ltr'><strong>atque</strong></span> <span class='ocrx_word' id='word_1_156' title='bbox 694 1744 849 1810; x_wconf 87' lang='lat' dir='ltr'><strong>instructa</strong></span> <span class='ocrx_word' id='word_1_157' title='bbox 869 1744 1010 1822; x_wconf 85' lang='lat' dir='ltr'><strong>haberet,</strong></span> <span class='ocrx_word' id='word_1_158' title='bbox 1026 1758 1058 1811; x_wconf 89' lang='lat' dir='ltr'><strong>et</strong></span> <span class='ocrx_word' id='word_1_159' title='bbox 1078 1767 1137 1811; x_wconf 89' lang='lat' dir='ltr'><strong>suo</strong></span> 
     </span>
     <span class='ocr_line' id='line_1_19' title="bbox 75 1830 1136 1919; baseline 0 -23"><span class='ocrx_word' id='word_1_160' title='bbox 75 1833 225 1896; x_wconf 81' lang='lat' dir='ltr'><strong>maxime</strong></span> <span class='ocrx_word' id='word_1_161' title='bbox 252 1846 394 1918; x_wconf 86' lang='lat' dir='ltr'><strong>ternpore</strong></span> <span class='ocrx_word' id='word_1_162' title='bbox 421 1847 517 1918; x_wconf 87' lang='lat' dir='ltr'><strong>atque</strong></span> <span class='ocrx_word' id='word_1_163' title='bbox 547 1830 652 1896; x_wconf 90' lang='lat' dir='ltr'><strong>alieno</strong></span> <span class='ocrx_word' id='word_1_164' title='bbox 681 1830 825 1896; x_wconf 89' lang='lat' dir='ltr'><strong>hostibus</strong></span> <span class='ocrx_word' id='word_1_165' title='bbox 850 1833 991 1919; x_wconf 87' lang='lat' dir='ltr'><strong>incipere</strong></span> <span class='ocrx_word' id='word_1_166' title='bbox 1017 1831 1136 1898; x_wconf 88' lang='lat' dir='ltr'><strong>bellum</strong></span> 
     </span>
     <span class='ocr_line' id='line_1_20' title="bbox 75 1931 202 2006; baseline 0 -23"><span class='ocrx_word' id='word_1_167' title='bbox 75 1931 202 2006; x_wconf 78' lang='lat' dir='ltr'><strong>posset.</strong></span> 
     </span>
    </p>

    <p class='ocr_par' dir='ltr' id='par_1_8' title="bbox 78 2002 1262 2256">
     <span class='ocr_line' id='line_1_21' title="bbox 129 2002 1262 2094; baseline 0.004 -26"><span class='ocrx_word' id='word_1_168' title='bbox 129 2005 187 2069; x_wconf 87' lang='lat' dir='ltr'><strong>Ab</strong></span> <span class='ocrx_word' id='word_1_169' title='bbox 201 2005 263 2069; x_wconf 91' lang='lat' dir='ltr'><strong>hoc</strong></span> <span class='ocrx_word' id='word_1_170' title='bbox 277 2003 446 2091; x_wconf 91' lang='lat' dir='ltr'><strong>colloquio,</strong></span> <span class='ocrx_word' id='word_1_171' title='bbox 458 2002 522 2068; x_wconf 84' lang='lat' dir='ltr'><strong>fide</strong></span> <span class='ocrx_word' id='word_1_172' title='bbox 538 2003 732 2070; x_wconf 82' lang='lat' dir='ltr'><strong>indutiarum</strong></span> <span class='ocrx_word' id='word_1_173' title='bbox 748 2005 941 2091; x_wconf 80' lang='lat' dir='ltr'><strong>interposita,</strong></span> <span class='ocrx_word' id='word_1_174' title='bbox 957 2005 1052 2094; x_wconf 82' lang='lat' dir='ltr'><strong>legati</strong></span> <span class='ocrx_word' id='word_1_175' title='bbox 1069 2005 1262 2078; x_wconf 60' lang='lat' dir='ltr'><strong>Rom</strong></span> 
     </span>
     <span class='ocr_line' id='line_1_22' title="bbox 78 2087 1234 2180; baseline 0.003 -24"><span class='ocrx_word' id='word_1_176' title='bbox 78 2091 176 2156; x_wconf 82' lang='lat' dir='ltr'><strong>marri</strong></span> <span class='ocrx_word' id='word_1_177' title='bbox 190 2092 223 2154; x_wconf 92' lang='lat' dir='ltr'><strong>in</strong></span> <span class='ocrx_word' id='word_1_178' title='bbox 240 2090 405 2156; x_wconf 87' lang='lat' dir='ltr'><strong>Boeotiam</strong></span> <span class='ocrx_word' id='word_1_179' title='bbox 417 2087 587 2177; x_wconf 86' lang='lat' dir='ltr'><strong>comparati</strong></span> <span class='ocrx_word' id='word_1_180' title='bbox 604 2105 686 2156; x_wconf 88' lang='lat' dir='ltr'><strong>sunt.</strong></span> <span class='ocrx_word' id='word_1_181' title='bbox 733 2090 784 2156; x_wconf 89' lang='lat' dir='ltr'><strong>Ibi</strong></span> <span class='ocrx_word' id='word_1_182' title='bbox 798 2091 860 2156; x_wconf 92' lang='lat' dir='ltr'><strong>iam</strong></span> <span class='ocrx_word' id='word_1_183' title='bbox 874 2106 979 2158; x_wconf 90' lang='lat' dir='ltr'><strong>motus</strong></span> <span class='ocrx_word' id='word_1_184' title='bbox 989 2105 1136 2180; x_wconf 88' lang='lat' dir='ltr'><strong>coeperat</strong></span> <span class='ocrx_word' id='word_1_185' title='bbox 1144 2098 1234 2143; x_wconf 67' lang='lat' dir='ltr'><strong>maus</strong></span> 
     </span>
     <span class='ocr_line' id='line_1_23' title="bbox 78 2177 1137 2256; baseline 0.002 -14"><span class='ocrx_word' id='word_1_186' title='bbox 78 2200 168 2256; x_wconf 88' lang='lat' dir='ltr'><strong>esse,</strong></span> <span class='ocrx_word' id='word_1_187' title='bbox 187 2177 425 2242; x_wconf 86' lang='lat' dir='ltr'><strong>discedentibus</strong></span> <span class='ocrx_word' id='word_1_188' title='bbox 444 2200 463 2241; x_wconf 94' lang='lat' dir='ltr'><strong>a</strong></span> <span class='ocrx_word' id='word_1_189' title='bbox 482 2177 631 2242; x_wconf 89' lang='lat' dir='ltr'><strong>societate</strong></span> <span class='ocrx_word' id='word_1_190' title='bbox 649 2177 828 2242; x_wconf 89' lang='lat' dir='ltr'><strong>communis</strong></span> <span class='ocrx_word' id='word_1_191' title='bbox 848 2179 973 2244; x_wconf 85' lang='lat' dir='ltr'><strong>concilii</strong></span> <span class='ocrx_word' id='word_1_192' title='bbox 998 2179 1137 2244; x_wconf 89' lang='lat' dir='ltr'><strong>Boeoto·</strong></span> 
     </span>
    </p>

    <p class='ocr_par' dir='ltr' id='par_1_9' title="bbox 78 2262 1183 2453">
     <span class='ocr_line' id='line_1_24' title="bbox 78 2262 1183 2368; baseline -0.001 -39"><span class='ocrx_word' id='word_1_193' title='bbox 78 2287 159 2329; x_wconf 85' lang='lat' dir='ltr'><strong>mm</strong></span> <span class='ocrx_word' id='word_1_194' title='bbox 199 2263 365 2328; x_wconf 90' lang='lat' dir='ltr'><strong>uibusdam</strong></span> <span class='ocrx_word' id='word_1_195' title='bbox 379 2262 515 2351; x_wconf 92' lang='lat' dir='ltr'><strong>populis,</strong></span> <span class='ocrx_word' id='word_1_196' title='bbox 531 2286 572 2328; x_wconf 85' lang='lat' dir='ltr'><strong>ex</strong></span> <span class='ocrx_word' id='word_1_197' title='bbox 592 2286 657 2350; x_wconf 88' lang='lat' dir='ltr'><strong>quo</strong></span> <span class='ocrx_word' id='word_1_198' title='bbox 678 2264 894 2330; x_wconf 87' lang='lat' dir='ltr'><strong>renuntiatum</strong></span> <span class='ocrx_word' id='word_1_199' title='bbox 912 2280 990 2344; x_wconf 89' lang='lat' dir='ltr'><strong>erat,</strong></span> <span class='ocrx_word' id='word_1_200' title='bbox 1006 2288 1136 2368; x_wconf 87' lang='lat' dir='ltr'><strong>respon·</strong></span> <span class='ocrx_word' id='word_1_201' title='bbox 1180 2318 1183 2328; x_wconf 90' lang='lat'><em>.</em></span> 
     </span>
     <span class='ocr_line' id='line_1_25' title="bbox 78 2287 1137 2453; baseline 0.003 -37"><span class='ocrx_word' id='word_1_202' title='bbox 78 2287 321 2439; x_wconf 73' lang='lat' dir='ltr'><strong>disselegatos,</strong></span> <span class='ocrx_word' id='word_1_203' title='bbox 337 2351 562 2439; x_wconf 87' lang='lat' dir='ltr'><strong>apparitmum,</strong></span> <span class='ocrx_word' id='word_1_204' title='bbox 579 2351 695 2451; x_wconf 83' lang='lat' dir='ltr'><strong>quibus</strong></span> <span class='ocrx_word' id='word_1_205' title='bbox 714 2350 840 2439; x_wconf 88' lang='lat' dir='ltr'><strong>populis</strong></span> <span class='ocrx_word' id='word_1_206' title='bbox 858 2353 985 2453; x_wconf 83' lang='lat' dir='ltr'><strong>proprie</strong></span> <span class='ocrx_word' id='word_1_207' title='bbox 1002 2367 1137 2419; x_wconf 82' lang='lat' dir='ltr'><strong>secreta·</strong></span> 
     </span>
    </p>

    <p class='ocr_par' dir='ltr' id='par_1_10' title="bbox 80 2438 1137 2525">
     <span class='ocr_line' id='line_1_26' title="bbox 80 2438 1137 2525; baseline 0.002 -22"><span class='ocrx_word' id='word_1_208' title='bbox 80 2454 155 2503; x_wconf 87' lang='lat' dir='ltr'><strong>tem</strong></span> <span class='ocrx_word' id='word_1_209' title='bbox 184 2461 257 2503; x_wconf 90' lang='lat' dir='ltr'><strong>cum</strong></span> <span class='ocrx_word' id='word_1_210' title='bbox 287 2460 361 2525; x_wconf 79' lang='lat' dir='ltr'><strong>rege</strong></span> <span class='ocrx_word' id='word_1_211' title='bbox 390 2438 480 2525; x_wconf 82' lang='lat' dir='ltr'><strong>iungi</strong></span> <span class='ocrx_word' id='word_1_212' title='bbox 509 2438 728 2525; x_wconf 76' lang='lat' dir='ltr'><strong>displicuisset</strong></span> <span class='ocrx_word' id='word_1_213' title='bbox 774 2439 875 2503; x_wconf 83' lang='lat' dir='ltr'><strong>Primr</strong></span> <span class='ocrx_word' id='word_1_214' title='bbox 900 2462 920 2505; x_wconf 89' lang='lat' dir='ltr'><strong>a</strong></span> <span class='ocrx_word' id='word_1_215' title='bbox 947 2438 1137 2505; x_wconf 80' lang='lat' dir='ltr'><strong>Chaeronea</strong></span> 
     </span>
    </p>

    <p class='ocr_par' dir='ltr' id='par_1_11' title="bbox 82 2524 1136 2613">
     <span class='ocr_line' id='line_1_27' title="bbox 82 2524 1136 2613; baseline 0 -24"><span class='ocrx_word' id='word_1_216' title='bbox 82 2524 196 2613; x_wconf 83' lang='lat' dir='ltr'><strong>legati,</strong></span> <span class='ocrx_word' id='word_1_217' title='bbox 217 2524 333 2591; x_wconf 92' lang='lat' dir='ltr'><strong>deinde</strong></span> <span class='ocrx_word' id='word_1_218' title='bbox 355 2548 374 2590; x_wconf 91' lang='lat' dir='ltr'><strong>a</strong></span> <span class='ocrx_word' id='word_1_219' title='bbox 394 2524 524 2601; x_wconf 85' lang='lat' dir='ltr'><strong>Thebis,</strong></span> <span class='ocrx_word' id='word_1_220' title='bbox 545 2526 579 2589; x_wconf 92' lang='lat' dir='ltr'><strong>in</strong></span> <span class='ocrx_word' id='word_1_221' title='bbox 599 2525 668 2613; x_wconf 90' lang='lat' dir='ltr'><strong>ipso</strong></span> <span class='ocrx_word' id='word_1_222' title='bbox 688 2525 802 2590; x_wconf 88' lang='lat' dir='ltr'><strong>itinere</strong></span> <span class='ocrx_word' id='word_1_223' title='bbox 823 2540 1037 2603; x_wconf 88' lang='lat' dir='ltr'><strong>occurrerunt,</strong></span> <span class='ocrx_word' id='word_1_224' title='bbox 1053 2526 1136 2590; x_wconf 86' lang='lat' dir='ltr'><strong>affir-</strong></span> 
     </span>
    </p>

    <p class='ocr_par' dir='ltr' id='par_1_12' title="bbox 83 2611 1138 2873">
     <span class='ocr_line' id='line_1_28' title="bbox 83 2611 1137 2699; baseline 0.001 -23"><span class='ocrx_word' id='word_1_225' title='bbox 83 2626 214 2677; x_wconf 87' lang='lat' dir='ltr'><strong>mantes</strong></span> <span class='ocrx_word' id='word_1_226' title='bbox 239 2634 303 2677; x_wconf 91' lang='lat' dir='ltr'><strong>non</strong></span> <span class='ocrx_word' id='word_1_227' title='bbox 326 2611 505 2677; x_wconf 83' lang='lat' dir='ltr'><strong>interfuisse</strong></span> <span class='ocrx_word' id='word_1_228' title='bbox 527 2634 571 2688; x_wconf 88' lang='lat' dir='ltr'><strong>se,</strong></span> <span class='ocrx_word' id='word_1_229' title='bbox 594 2634 659 2699; x_wconf 90' lang='lat' dir='ltr'><strong>quo</strong></span> <span class='ocrx_word' id='word_1_230' title='bbox 681 2614 814 2677; x_wconf 84' lang='lat' dir='ltr'><strong>societas</strong></span> <span class='ocrx_word' id='word_1_231' title='bbox 835 2635 874 2677; x_wconf 90' lang='lat' dir='ltr'><strong>sa</strong></span> <span class='ocrx_word' id='word_1_232' title='bbox 895 2611 1024 2677; x_wconf 91' lang='lat' dir='ltr'><strong>decreta</strong></span> <span class='ocrx_word' id='word_1_233' title='bbox 1044 2628 1137 2690; x_wconf 89' lang='lat' dir='ltr'><strong>esset,</strong></span> 
     </span>
     <span class='ocr_line' id='line_1_29' title="bbox 84 2697 1137 2787; baseline 0.002 -24"><span class='ocrx_word' id='word_1_234' title='bbox 84 2698 243 2763; x_wconf 82' lang='lat' dir='ltr'><strong>concilio:</strong></span> <span class='ocrx_word' id='word_1_235' title='bbox 275 2721 355 2786; x_wconf 91' lang='lat' dir='ltr'><strong>quos</strong></span> <span class='ocrx_word' id='word_1_236' title='bbox 377 2697 482 2785; x_wconf 82' lang='lat' dir='ltr'><strong>legati,</strong></span> <span class='ocrx_word' id='word_1_237' title='bbox 505 2698 593 2762; x_wconf 91' lang='lat' dir='ltr'><strong>nullo</strong></span> <span class='ocrx_word' id='word_1_238' title='bbox 620 2698 653 2761; x_wconf 91' lang='lat' dir='ltr'><strong>in</strong></span> <span class='ocrx_word' id='word_1_239' title='bbox 678 2698 857 2785; x_wconf 87' lang='lat' dir='ltr'><strong>praesentia</strong></span> <span class='ocrx_word' id='word_1_240' title='bbox 878 2721 1029 2787; x_wconf 86' lang='lat' dir='ltr'><strong>responso</strong></span> <span class='ocrx_word' id='word_1_241' title='bbox 1050 2700 1137 2778; x_wconf 89' lang='lat' dir='ltr'><strong>dato,</strong></span> 
     </span>
     <span class='ocr_line' id='line_1_30' title="bbox 87 2784 1138 2873; baseline 0.003 -23"><span class='ocrx_word' id='word_1_242' title='bbox 87 2784 281 2850; x_wconf 83' lang='lat' dir='ltr'><strong>Chalcidem</strong></span> <span class='ocrx_word' id='word_1_243' title='bbox 304 2808 337 2849; x_wconf 90' lang='lat' dir='ltr'><strong>sc</strong></span> <span class='ocrx_word' id='word_1_244' title='bbox 363 2786 453 2872; x_wconf 90' lang='lat' dir='ltr'><strong>sequi</strong></span> <span class='ocrx_word' id='word_1_245' title='bbox 475 2784 642 2849; x_wconf 81' lang='lat' dir='ltr'><strong>iusserunt.</strong></span> <span class='ocrx_word' id='word_1_246' title='bbox 689 2784 811 2850; x_wconf 88' lang='lat' dir='ltr'><strong>Thebis</strong></span> <span class='ocrx_word' id='word_1_247' title='bbox 835 2808 951 2873; x_wconf 78' lang='lat' dir='ltr'><strong>magna</strong></span> <span class='ocrx_word' id='word_1_248' title='bbox 974 2787 1138 2853; x_wconf 89' lang='lat' dir='ltr'><strong>contentio</strong></span> 
     </span>
    </p>

    <p class='ocr_par' dir='ltr' id='par_1_13' title="bbox 85 2870 1139 2960">
     <span class='ocr_line' id='line_1_31' title="bbox 85 2870 1139 2960; baseline 0.001 -23"><span class='ocrx_word' id='word_1_249' title='bbox 85 2886 160 2937; x_wconf 86' lang='lat' dir='ltr'><strong>orta</strong></span> <span class='ocrx_word' id='word_1_250' title='bbox 181 2884 250 2937; x_wconf 88' lang='lat' dir='ltr'><strong>erat</strong></span> <span class='ocrx_word' id='word_1_251' title='bbox 270 2894 312 2936; x_wconf 87' lang='lat' dir='ltr'><strong>ex</strong></span> <span class='ocrx_word' id='word_1_252' title='bbox 334 2871 395 2935; x_wconf 88' lang='lat' dir='ltr'><strong>alio</strong></span> <span class='ocrx_word' id='word_1_253' title='bbox 415 2872 595 2937; x_wconf 80' lang='lat' dir='ltr'><strong>certamine.</strong></span> <span class='ocrx_word' id='word_1_254' title='bbox 643 2870 793 2936; x_wconf 90' lang='lat' dir='ltr'><strong>Comitiis</strong></span> <span class='ocrx_word' id='word_1_255' title='bbox 813 2873 977 2960; x_wconf 89' lang='lat' dir='ltr'><strong>praetoriis</strong></span> <span class='ocrx_word' id='word_1_256' title='bbox 1000 2873 1139 2939; x_wconf 87' lang='lat' dir='ltr'><strong>Boeoto·</strong></span> 
     </span>
    </p>

    <p class='ocr_par' dir='ltr' id='par_1_14' title="bbox 61 2958 1136 3045">
     <span class='ocr_line' id='line_1_32' title="bbox 61 2958 1136 3045; baseline 0.002 -22"><span class='ocrx_word' id='word_1_257' title='bbox 61 2981 162 3030; x_wconf 75' lang='lat' dir='ltr'><strong>srum</strong></span> <span class='ocrx_word' id='word_1_258' title='bbox 186 2958 269 3023; x_wconf 88' lang='lat' dir='ltr'><strong>victa</strong></span> <span class='ocrx_word' id='word_1_259' title='bbox 294 2980 375 3045; x_wconf 84' lang='lat' dir='ltr'><strong>pers,</strong></span> <span class='ocrx_word' id='word_1_260' title='bbox 399 2958 545 3021; x_wconf 92' lang='lat' dir='ltr'><strong>iniuriam</strong></span> <span class='ocrx_word' id='word_1_261' title='bbox 613 2980 774 3045; x_wconf 83' lang='lat' dir='ltr'><strong>raequens,</strong></span> <span class='ocrx_word' id='word_1_262' title='bbox 797 2974 906 3025; x_wconf 91' lang='lat' dir='ltr'><strong>coacta</strong></span> <span class='ocrx_word' id='word_1_263' title='bbox 931 2959 1136 3025; x_wconf 87' lang='lat' dir='ltr'><strong>multitudine</strong></span> 
     </span>
    </p>

    <p class='ocr_par' dir='ltr' id='par_1_15' title="bbox 87 3044 1138 3122">
     <span class='ocr_line' id='line_1_33' title="bbox 87 3044 1138 3122; baseline 0.003 -13"><span class='ocrx_word' id='word_1_264' title='bbox 87 3046 254 3111; x_wconf 83' lang='lat' dir='ltr'><strong>decretum</strong></span> <span class='ocrx_word' id='word_1_265' title='bbox 274 3044 350 3110; x_wconf 83' lang='lat' dir='ltr'><strong>feeit</strong></span> <span class='ocrx_word' id='word_1_266' title='bbox 365 3044 495 3122; x_wconf 86' lang='lat' dir='ltr'><strong>Thebis,</strong></span> <span class='ocrx_word' id='word_1_267' title='bbox 511 3066 552 3108; x_wconf 91' lang='lat' dir='ltr'><strong>ne</strong></span> <span class='ocrx_word' id='word_1_268' title='bbox 603 3044 789 3111; x_wconf 87' lang='lat' dir='ltr'><strong>oeotarchae</strong></span> <span class='ocrx_word' id='word_1_269' title='bbox 809 3048 940 3111; x_wconf 90' lang='lat' dir='ltr'><strong>urbibus</strong></span> <span class='ocrx_word' id='word_1_270' title='bbox 958 3047 1022 3111; x_wconf 91' lang='lat' dir='ltr'><strong>reci</strong></span> <span class='ocrx_word' id='word_1_271' title='bbox 1065 3070 1138 3112; x_wconf 86' lang='lat' dir='ltr'><strong>ren-</strong></span> 
     </span>
    </p>

    <p class='ocr_par' dir='ltr' id='par_1_16' title="bbox 88 3130 1138 3219">
     <span class='ocr_line' id='line_1_34' title="bbox 88 3130 1138 3219; baseline 0.003 -22"><span class='ocrx_word' id='word_1_272' title='bbox 88 3148 152 3197; x_wconf 90' lang='lat' dir='ltr'><strong>tur.</strong></span> <span class='ocrx_word' id='word_1_273' title='bbox 200 3130 335 3197; x_wconf 86' lang='lat' dir='ltr'><strong>Exsules</strong></span> <span class='ocrx_word' id='word_1_274' title='bbox 358 3130 512 3218; x_wconf 84' lang='lat' dir='ltr'><strong>Thespias</strong></span> <span class='ocrx_word' id='word_1_275' title='bbox 538 3131 675 3196; x_wconf 83' lang='lat' dir='ltr'><strong>universi</strong></span> <span class='ocrx_word' id='word_1_276' title='bbox 701 3147 941 3199; x_wconf 88' lang='lat' dir='ltr'><strong>concesserunt:</strong></span> <span class='ocrx_word' id='word_1_277' title='bbox 973 3134 1007 3199; x_wconf 92' lang='lat' dir='ltr'><strong>in</strong></span> <span class='ocrx_word' id='word_1_278' title='bbox 1031 3158 1049 3199; x_wconf 92' lang='lat' dir='ltr'><strong>e</strong></span> <span class='ocrx_word' id='word_1_279' title='bbox 1071 3142 1138 3219; x_wconf 86' lang='lat' dir='ltr'><strong>(re-</strong></span> 
     </span>
    </p>

    <p class='ocr_par' dir='ltr' id='par_1_17' title="bbox 88 3218 1139 3319">
     <span class='ocr_line' id='line_1_35' title="bbox 88 3218 1139 3319; baseline 0.001 -36"><span class='ocrx_word' id='word_1_280' title='bbox 88 3218 177 3319; x_wconf 84' lang='lat' dir='ltr'><strong>cepti</strong></span> <span class='ocrx_word' id='word_1_281' title='bbox 200 3218 286 3283; x_wconf 90' lang='lat' dir='ltr'><strong>enim</strong></span> <span class='ocrx_word' id='word_1_282' title='bbox 312 3218 380 3282; x_wconf 91' lang='lat' dir='ltr'><strong>sine</strong></span> <span class='ocrx_word' id='word_1_283' title='bbox 404 3218 605 3282; x_wconf 88' lang='lat' dir='ltr'><strong>cunctatione</strong></span> <span class='ocrx_word' id='word_1_284' title='bbox 629 3219 736 3305; x_wconf 90' lang='lat' dir='ltr'><strong>erant)</strong></span> <span class='ocrx_word' id='word_1_285' title='bbox 759 3220 896 3298; x_wconf 89' lang='lat' dir='ltr'><strong>Thebas,</strong></span> <span class='ocrx_word' id='word_1_286' title='bbox 922 3221 985 3285; x_wconf 88' lang='lat' dir='ltr'><strong>iam</strong></span> <span class='ocrx_word' id='word_1_287' title='bbox 1009 3220 1139 3285; x_wconf 86' lang='lat' dir='ltr'><strong>mutatis</strong></span> 
     </span>
    </p>

    <p class='ocr_par' dir='ltr' id='par_1_18' title="bbox 68 3303 1142 3819">
     <span class='ocr_line' id='line_1_36' title="bbox 89 3303 1139 3394; baseline 0.001 -24"><span class='ocrx_word' id='word_1_288' title='bbox 89 3305 216 3382; x_wconf 74' lang='lat' dir='ltr'><strong>animis,</strong></span> <span class='ocrx_word' id='word_1_289' title='bbox 231 3304 369 3369; x_wconf 87' lang='lat' dir='ltr'><strong>revocati</strong></span> <span class='ocrx_word' id='word_1_290' title='bbox 384 3303 548 3369; x_wconf 90' lang='lat' dir='ltr'><strong>decretum</strong></span> <span class='ocrx_word' id='word_1_291' title='bbox 562 3304 692 3383; x_wconf 85' lang='lat' dir='ltr'><strong>faciunt,</strong></span> <span class='ocrx_word' id='word_1_292' title='bbox 708 3319 744 3371; x_wconf 89' lang='lat' dir='ltr'><strong>ut</strong></span> <span class='ocrx_word' id='word_1_293' title='bbox 758 3306 936 3383; x_wconf 91' lang='lat' dir='ltr'><strong>duodecim,</strong></span> <span class='ocrx_word' id='word_1_294' title='bbox 953 3308 1009 3394; x_wconf 91' lang='lat' dir='ltr'><strong>qui</strong></span> <span class='ocrx_word' id='word_1_295' title='bbox 1047 3306 1139 3371; x_wconf 76' lang='lat' dir='ltr'><strong>sirati</strong></span> 
     </span>
     <span class='ocr_line' id='line_1_37' title="bbox 90 3330 1140 3469; baseline 0.001 -14"><span class='ocrx_word' id='word_1_296' title='bbox 90 3405 218 3457; x_wconf 91' lang='lat' dir='ltr'><strong>coetum</strong></span> <span class='ocrx_word' id='word_1_297' title='bbox 228 3405 261 3457; x_wconf 89' lang='lat' dir='ltr'><strong>et</strong></span> <span class='ocrx_word' id='word_1_298' title='bbox 272 3388 440 3456; x_wconf 88' lang='lat' dir='ltr'><strong>concilium</strong></span> <span class='ocrx_word' id='word_1_299' title='bbox 450 3388 642 3469; x_wconf 88' lang='lat' dir='ltr'><strong>habuissent,</strong></span> <span class='ocrx_word' id='word_1_300' title='bbox 654 3392 765 3458; x_wconf 84' lang='lat' dir='ltr'><strong>exsilio</strong></span> <span class='ocrx_word' id='word_1_301' title='bbox 777 3392 994 3458; x_wconf 88' lang='lat' dir='ltr'><strong>multarentur.</strong></span> <span class='ocrx_word' id='word_1_302' title='bbox 1023 3330 1140 3457; x_wconf 72' lang='lat' dir='ltr'><strong>hovas</strong></span> 
     </span>
     <span class='ocr_line' id='line_1_38' title="bbox 90 3476 1140 3566; baseline -0.002 -23"><span class='ocrx_word' id='word_1_303' title='bbox 90 3478 211 3543; x_wconf 90' lang='lat' dir='ltr'><strong>deinde</strong></span> <span class='ocrx_word' id='word_1_304' title='bbox 231 3492 357 3565; x_wconf 86' lang='lat' dir='ltr'><strong>praetor</strong></span> <span class='ocrx_word' id='word_1_305' title='bbox 371 3476 540 3561; x_wconf 89' lang='lat' dir='ltr'><strong>(Ismenias</strong></span> <span class='ocrx_word' id='word_1_306' title='bbox 559 3478 586 3542; x_wconf 92' lang='lat' dir='ltr'><strong>is</strong></span> <span class='ocrx_word' id='word_1_307' title='bbox 601 3492 677 3556; x_wconf 89' lang='lat' dir='ltr'><strong>erat,</strong></span> <span class='ocrx_word' id='word_1_308' title='bbox 692 3480 741 3544; x_wconf 88' lang='lat' dir='ltr'><strong>vir</strong></span> <span class='ocrx_word' id='word_1_309' title='bbox 758 3478 873 3545; x_wconf 91' lang='lat' dir='ltr'><strong>nobilis</strong></span> <span class='ocrx_word' id='word_1_310' title='bbox 887 3502 924 3543; x_wconf 93' lang='lat' dir='ltr'><strong>ac</strong></span> <span class='ocrx_word' id='word_1_311' title='bbox 938 3478 1067 3566; x_wconf 79' lang='lat' dir='ltr'><strong>potens)</strong></span> <span class='ocrx_word' id='word_1_312' title='bbox 1087 3500 1140 3541; x_wconf 91' lang='lat' dir='ltr'><strong>ca·</strong></span> 
     </span>
     <span class='ocr_line' id='line_1_39' title="bbox 90 3562 1140 3653; baseline -0.001 -24"><span class='ocrx_word' id='word_1_313' title='bbox 90 3564 199 3653; x_wconf 90' lang='lat' dir='ltr'><strong>pitalis</strong></span> <span class='ocrx_word' id='word_1_314' title='bbox 219 3588 340 3652; x_wconf 89' lang='lat' dir='ltr'><strong>poenae</strong></span> <span class='ocrx_word' id='word_1_315' title='bbox 367 3565 513 3628; x_wconf 88' lang='lat' dir='ltr'><strong>absentes</strong></span> <span class='ocrx_word' id='word_1_316' title='bbox 539 3586 593 3629; x_wconf 91' lang='lat' dir='ltr'><strong>eos</strong></span> <span class='ocrx_word' id='word_1_317' title='bbox 615 3564 744 3629; x_wconf 88' lang='lat' dir='ltr'><strong>decreto</strong></span> <span class='ocrx_word' id='word_1_318' title='bbox 765 3565 903 3630; x_wconf 81' lang='lat' dir='ltr'><strong>damnat.</strong></span> <span class='ocrx_word' id='word_1_319' title='bbox 952 3562 1140 3628; x_wconf 89' lang='lat' dir='ltr'><strong>Chalcidem</strong></span> 
     </span>
     <span class='ocr_line' id='line_1_40' title="bbox 68 3649 1139 3800; baseline -0.001 -84"><span class='ocrx_word' id='word_1_320' title='bbox 68 3652 256 3739; x_wconf 76' lang='lat' dir='ltr'><strong>tsugeraut:</strong></span> <span class='ocrx_word' id='word_1_321' title='bbox 287 3651 363 3716; x_wconf 92' lang='lat' dir='ltr'><strong>inde</strong></span> <span class='ocrx_word' id='word_1_322' title='bbox 393 3650 433 3714; x_wconf 89' lang='lat' dir='ltr'><strong>ad</strong></span> <span class='ocrx_word' id='word_1_323' title='bbox 465 3649 626 3715; x_wconf 87' lang='lat' dir='ltr'><strong>Romanos</strong></span> <span class='ocrx_word' id='word_1_324' title='bbox 656 3649 814 3715; x_wconf 86' lang='lat' dir='ltr'><strong>Larissam</strong></span> <span class='ocrx_word' id='word_1_325' title='bbox 843 3650 986 3800; x_wconf 82' lang='lat' dir='ltr'><strong>profecti,</strong></span> <span class='ocrx_word' id='word_1_326' title='bbox 1013 3672 1139 3715; x_wconf 70' lang='lat' dir='ltr'><strong>calisam</strong></span> 
     </span>
     <span class='ocr_line' id='line_1_41' title="bbox 72 3736 1142 3819; baseline -0.001 -15"><span class='ocrx_word' id='word_1_327' title='bbox 72 3760 167 3819; x_wconf 82' lang='lat' dir='ltr'><strong>7cum</strong></span> <span class='ocrx_word' id='word_1_328' title='bbox 188 3737 305 3805; x_wconf 85' lang='lat' dir='ltr'><strong>Perseo</strong></span> <span class='ocrx_word' id='word_1_329' title='bbox 324 3736 483 3803; x_wconf 87' lang='lat' dir='ltr'><strong>societatis</strong></span> <span class='ocrx_word' id='word_1_330' title='bbox 503 3736 537 3801; x_wconf 93' lang='lat' dir='ltr'><strong>in</strong></span> <span class='ocrx_word' id='word_1_331' title='bbox 557 3736 728 3803; x_wconf 88' lang='lat' dir='ltr'><strong>Ismeniam</strong></span> <span class='ocrx_word' id='word_1_332' title='bbox 746 3750 843 3802; x_wconf 90' lang='lat' dir='ltr'><strong>contu</strong></span> <span class='ocrx_word' id='word_1_333' title='bbox 856 3751 964 3802; x_wconf 84' lang='lat' dir='ltr'><strong>erant:</strong></span> <span class='ocrx_word' id='word_1_334' title='bbox 990 3744 1049 3802; x_wconf 88' lang='lat' dir='ltr'><strong>‘ex</strong></span> <span class='ocrx_word' id='word_1_335' title='bbox 1064 3760 1142 3803; x_wconf 89' lang='lat' dir='ltr'><strong>con·</strong></span> 
     </span>
    </p>
   </div>
   <div class='ocr_carea' id='block_1_3' title="bbox 95 3873 1242 4448">
    <p class='ocr_par' dir='ltr' id='par_1_19' title="bbox 95 3873 1142 4127">
     <span class='ocr_line' id='line_1_42' title="bbox 130 3873 1142 3937; baseline 0.002 -14"><span class='ocrx_word' id='word_1_336' title='bbox 130 3877 195 3935; x_wconf 81' lang='lat' dir='ltr'><strong>4In</strong></span> <span class='ocrx_word' id='word_1_337' title='bbox 216 3890 328 3936; x_wconf 65' lang='lat' dir='ltr'><strong>maenam</strong></span> <span class='ocrx_word' id='word_1_338' title='bbox 350 3875 457 3935; x_wconf 67' lang='lat' dir='ltr'><strong>aratiam</strong></span> <span class='ocrx_word' id='word_1_339' title='bbox 483 3874 599 3937; x_wconf 77' lang='lat' dir='ltr'><strong>patentia]</strong></span> <span class='ocrx_word' id='word_1_340' title='bbox 634 3873 692 3921; x_wconf 90' lang='lat' dir='ltr'><strong>dum</strong></span> <span class='ocrx_word' id='word_1_341' title='bbox 710 3888 762 3921; x_wconf 87' lang='lat' dir='ltr'><strong>esse</strong></span> <span class='ocrx_word' id='word_1_342' title='bbox 778 3889 877 3921; x_wconf 77' lang='lat' dir='ltr'><strong>scaram</strong></span> <span class='ocrx_word' id='word_1_343' title='bbox 893 3874 970 3923; x_wconf 76' lang='lat' dir='ltr'><strong>initae</strong></span> <span class='ocrx_word' id='word_1_344' title='bbox 985 3890 1039 3923; x_wconf 79' lang='lat' dir='ltr'><strong>eum</strong></span> <span class='ocrx_word' id='word_1_345' title='bbox 1050 3876 1142 3925; x_wconf 79' lang='lat' dir='ltr'><strong>Perseo</strong></span> 
     </span>
     <span class='ocr_line' id='line_1_43' title="bbox 97 3936 1040 4001; baseline -0.001 -13"><span class='ocrx_word' id='word_1_346' title='bbox 97 3940 136 3989; x_wconf 80' lang='lat' dir='ltr'><strong>lte</strong></span> <span class='ocrx_word' id='word_1_347' title='bbox 146 3944 175 3987; x_wconf 86' lang='lat' dir='ltr'><strong>ut</strong></span> <span class='ocrx_word' id='word_1_348' title='bbox 187 3954 240 3996; x_wconf 80' lang='lat' dir='ltr'><strong>rex,</strong></span> <span class='ocrx_word' id='word_1_349' title='bbox 248 3938 289 4001; x_wconf 84' lang='lat' dir='ltr'><strong>qui</strong></span> <span class='ocrx_word' id='word_1_350' title='bbox 301 3940 401 4001; x_wconf 87' lang='lat' dir='ltr'><strong>petebat</strong></span> <span class='ocrx_word' id='word_1_351' title='bbox 411 3937 527 3995; x_wconf 86' lang='lat' dir='ltr'><strong>indutias,</strong></span> <span class='ocrx_word' id='word_1_352' title='bbox 536 3952 601 4001; x_wconf 81' lang='lat' dir='ltr'><strong>mag-</strong></span> <span class='ocrx_word' id='word_1_353' title='bbox 633 3938 753 3987; x_wconf 65' lang='lat' dir='ltr'><strong>societate</strong></span> <span class='ocrx_word' id='word_1_354' title='bbox 763 3936 887 3986; x_wconf 84' lang='lat' dir='ltr'><strong>existimat</strong></span> <span class='ocrx_word' id='word_1_355' title='bbox 898 3938 1040 3987; x_wconf 77' lang='lat' dir='ltr'><strong>crevisriua</strong></span> 
     </span>
     <span class='ocr_line' id='line_1_44' title="bbox 95 4002 1140 4065; baseline -0.001 -13"><span class='ocrx_word' id='word_1_356' title='bbox 95 4018 152 4052; x_wconf 88' lang='lat' dir='ltr'><strong>nam</strong></span> <span class='ocrx_word' id='word_1_357' title='bbox 166 4003 269 4064; x_wconf 78' lang='lat' dir='ltr'><strong>gratiam</strong></span> <span class='ocrx_word' id='word_1_358' title='bbox 286 4017 330 4065; x_wconf 88' lang='lat' dir='ltr'><strong>pro</strong></span> <span class='ocrx_word' id='word_1_359' title='bbox 341 4002 371 4051; x_wconf 86' lang='lat' dir='ltr'><strong>iis</strong></span> <span class='ocrx_word' id='word_1_360' title='bbox 385 4002 504 4051; x_wconf 77' lang='lat' dir='ltr'><strong>muressis</strong></span> <span class='ocrx_word' id='word_1_361' title='bbox 514 4002 603 4051; x_wconf 85' lang='lat' dir='ltr'><strong>debere</strong></span> <span class='ocrx_word' id='word_1_362' title='bbox 669 4013 681 4062; x_wconf 83' lang='lat'><em>7</em></span> <span class='ocrx_word' id='word_1_363' title='bbox 698 4003 741 4050; x_wconf 70' lang='lat' dir='ltr'><strong>Ex</strong></span> <span class='ocrx_word' id='word_1_364' title='bbox 750 4004 901 4052; x_wconf 68' lang='lat' dir='ltr'><strong>multatim</strong></span> <span class='ocrx_word' id='word_1_365' title='bbox 910 4010 990 4052; x_wconf 67' lang='lat' dir='ltr'><strong>onam</strong></span> <span class='ocrx_word' id='word_1_366' title='bbox 1005 4004 1140 4063; x_wconf 66' lang='lat' dir='ltr'><strong>entem]</strong></span> 
     </span>
     <span class='ocr_line' id='line_1_45' title="bbox 97 4064 1142 4127; baseline -0.002 -10"><span class='ocrx_word' id='word_1_367' title='bbox 97 4068 224 4117; x_wconf 80' lang='lat' dir='ltr'><strong>rideretur.</strong></span> <span class='ocrx_word' id='word_1_368' title='bbox 241 4068 322 4116; x_wconf 76' lang='lat' dir='ltr'><strong>Caes.</strong></span> <span class='ocrx_word' id='word_1_369' title='bbox 636 4064 765 4127; x_wconf 85' lang='lat' dir='ltr'><strong>Tanquam</strong></span> <span class='ocrx_word' id='word_1_370' title='bbox 776 4066 842 4115; x_wconf 89' lang='lat' dir='ltr'><strong>dicta</strong></span> <span class='ocrx_word' id='word_1_371' title='bbox 856 4068 888 4115; x_wconf 91' lang='lat' dir='ltr'><strong>ab</strong></span> <span class='ocrx_word' id='word_1_372' title='bbox 898 4066 1023 4115; x_wconf 83' lang='lat' dir='ltr'><strong>exsulibus</strong></span> <span class='ocrx_word' id='word_1_373' title='bbox 1034 4064 1142 4115; x_wconf 83' lang='lat' dir='ltr'><strong>Boeotis.</strong></span> 
     </span>
    </p>

    <p class='ocr_par' dir='ltr' id='par_1_20' title="bbox 97 4129 1144 4313">
     <span class='ocr_line' id='line_1_46' title="bbox 132 4129 1144 4193; baseline -0.001 -14"><span class='ocrx_word' id='word_1_374' title='bbox 132 4144 145 4191; x_wconf 88' lang='lat'><strong>5</strong></span> <span class='ocrx_word' id='word_1_375' title='bbox 169 4132 238 4180; x_wconf 74' lang='lat' dir='ltr'><strong>Verte</strong></span> <span class='ocrx_word' id='word_1_376' title='bbox 255 4129 328 4193; x_wconf 82' lang='lat' dir='ltr'><strong>pare]</strong></span> <span class='ocrx_word' id='word_1_377' title='bbox 354 4130 376 4179; x_wconf 92' lang='lat' dir='ltr'><strong>Ii</strong></span> <span class='ocrx_word' id='word_1_378' title='bbox 395 4130 496 4189; x_wconf 87' lang='lat' dir='ltr'><strong>scilicet,</strong></span> <span class='ocrx_word' id='word_1_379' title='bbox 516 4130 604 4192; x_wconf 84' lang='lat' dir='ltr'><strong>quibus</strong></span> <span class='ocrx_word' id='word_1_380' title='bbox 638 4130 661 4177; x_wconf 95' lang='lat' dir='ltr'><strong>li</strong></span> <span class='ocrx_word' id='word_1_381' title='bbox 676 4144 767 4191; x_wconf 86' lang='lat' dir='ltr'><strong>nempe</strong></span> <span class='ocrx_word' id='word_1_382' title='bbox 781 4130 917 4193; x_wconf 76' lang='lat' dir='ltr'><strong>significant</strong></span> <span class='ocrx_word' id='word_1_383' title='bbox 931 4146 963 4179; x_wconf 87' lang='lat' dir='ltr'><strong>cx</strong></span> <span class='ocrx_word' id='word_1_384' title='bbox 978 4129 1144 4184; x_wconf 83' lang='lat' dir='ltr'><strong>contentione,</strong></span> 
     </span>
     <span class='ocr_line' id='line_1_47' title="bbox 97 4193 1142 4257; baseline -0.005 -12"><span class='ocrx_word' id='word_1_385' title='bbox 97 4194 270 4257; x_wconf 73' lang='lat' dir='ltr'><strong>mhsgsntibus</strong></span> <span class='ocrx_word' id='word_1_386' title='bbox 295 4201 418 4257; x_wconf 83' lang='lat' dir='ltr'><strong>praetores</strong></span> <span class='ocrx_word' id='word_1_387' title='bbox 439 4194 512 4243; x_wconf 87' lang='lat' dir='ltr'><strong>creati</strong></span> <span class='ocrx_word' id='word_1_388' title='bbox 538 4200 602 4244; x_wconf 85' lang='lat' dir='ltr'><strong>sunt</strong></span> <span class='ocrx_word' id='word_1_389' title='bbox 635 4208 698 4255; x_wconf 85' lang='lat' dir='ltr'><strong>quae</strong></span> <span class='ocrx_word' id='word_1_390' title='bbox 714 4195 794 4242; x_wconf 84' lang='lat' dir='ltr'><strong>luerat</strong></span> <span class='ocrx_word' id='word_1_391' title='bbox 810 4194 873 4244; x_wconf 88' lang='lat' dir='ltr'><strong>inter</strong></span> <span class='ocrx_word' id='word_1_392' title='bbox 888 4196 955 4257; x_wconf 85' lang='lat' dir='ltr'><strong>ipsos</strong></span> <span class='ocrx_word' id='word_1_393' title='bbox 966 4200 991 4242; x_wconf 88' lang='lat' dir='ltr'><strong>et</strong></span> <span class='ocrx_word' id='word_1_394' title='bbox 1008 4193 1142 4241; x_wconf 82' lang='lat' dir='ltr'><strong>Ismeniam</strong></span> 
     </span>
     <span class='ocr_line' id='line_1_48' title="bbox 100 4258 1143 4313; baseline -0.008 -5"><span class='ocrx_word' id='word_1_395' title='bbox 100 4260 181 4309; x_wconf 79' lang='lat' dir='ltr'><strong>Dosa.</strong></span> <span class='ocrx_word' id='word_1_396' title='bbox 635 4258 666 4306; x_wconf 87' lang='lat' dir='ltr'><strong>de</strong></span> <span class='ocrx_word' id='word_1_397' title='bbox 683 4258 799 4307; x_wconf 86' lang='lat' dir='ltr'><strong>societate</strong></span> <span class='ocrx_word' id='word_1_398' title='bbox 816 4274 872 4307; x_wconf 87' lang='lat' dir='ltr'><strong>cunr</strong></span> <span class='ocrx_word' id='word_1_399' title='bbox 889 4260 1078 4313; x_wconf 67' lang='lat' dir='ltr'><strong>Parmenonem</strong></span> <span class='ocrx_word' id='word_1_400' title='bbox 1093 4269 1143 4302; x_wconf 85' lang='lat' dir='ltr'><strong>cer·</strong></span> 
     </span>
    </p>

    <p class='ocr_par' dir='ltr' id='par_1_21' title="bbox 101 4317 1242 4448">
     <span class='ocr_line' id='line_1_49' title="bbox 129 4317 1242 4383; baseline -0.009 -12"><span class='ocrx_word' id='word_1_401' title='bbox 129 4322 266 4372; x_wconf 65' lang='lat' dir='ltr'><strong>Mauram</strong></span> <span class='ocrx_word' id='word_1_402' title='bbox 287 4340 341 4371; x_wconf 85' lang='lat' dir='ltr'><strong>cum</strong></span> <span class='ocrx_word' id='word_1_403' title='bbox 358 4326 448 4372; x_wconf 79' lang='lat' dir='ltr'><strong>Perseo</strong></span> <span class='ocrx_word' id='word_1_404' title='bbox 469 4324 601 4382; x_wconf 79' lang='lat' dir='ltr'><strong>societatis]</strong></span> <span class='ocrx_word' id='word_1_405' title='bbox 635 4327 728 4379; x_wconf 68' lang='lat' dir='ltr'><strong>umen,</strong></span> <span class='ocrx_word' id='word_1_406' title='bbox 739 4324 804 4383; x_wconf 87' lang='lat' dir='ltr'><strong>quod</strong></span> <span class='ocrx_word' id='word_1_407' title='bbox 821 4338 851 4371; x_wconf 89' lang='lat' dir='ltr'><strong>eo</strong></span> <span class='ocrx_word' id='word_1_408' title='bbox 866 4326 989 4383; x_wconf 80' lang='lat' dir='ltr'><strong>eruperat,</strong></span> <span class='ocrx_word' id='word_1_409' title='bbox 999 4325 1027 4367; x_wconf 87' lang='lat' dir='ltr'><strong>ut</strong></span> <span class='ocrx_word' id='word_1_410' title='bbox 1043 4318 1102 4378; x_wconf 83' lang='lat' dir='ltr'><strong>ipsis</strong></span> <span class='ocrx_word' id='word_1_411' title='bbox 1117 4317 1143 4362; x_wconf 88' lang='lat' dir='ltr'><strong>in</strong></span> <span class='ocrx_word' id='word_1_412' title='bbox 1239 4348 1242 4352; x_wconf 32' lang='grc' dir='ltr'><em>ψ</em></span> 
     </span>
     <span class='ocr_line' id='line_1_50' title="bbox 101 4382 1112 4448; baseline -0.008 -14"><span class='ocrx_word' id='word_1_413' title='bbox 101 4387 208 4435; x_wconf 83' lang='lat' dir='ltr'><strong>Verbum</strong></span> <span class='ocrx_word' id='word_1_414' title='bbox 225 4388 325 4448; x_wconf 78' lang='lat' dir='ltr'><strong>aliquod</strong></span> <span class='ocrx_word' id='word_1_415' title='bbox 340 4386 469 4445; x_wconf 85' lang='lat' dir='ltr'><strong>excidisse,</strong></span> <span class='ocrx_word' id='word_1_416' title='bbox 479 4402 507 4435; x_wconf 83' lang='lat' dir='ltr'><strong>ac</strong></span> <span class='ocrx_word' id='word_1_417' title='bbox 524 4387 603 4447; x_wconf 82' lang='lat' dir='ltr'><strong>legen-</strong></span> <span class='ocrx_word' id='word_1_418' title='bbox 636 4386 748 4434; x_wconf 86' lang='lat' dir='ltr'><strong>exsilium</strong></span> <span class='ocrx_word' id='word_1_419' title='bbox 760 4386 826 4434; x_wconf 85' lang='lat' dir='ltr'><strong>abire</strong></span> <span class='ocrx_word' id='word_1_420' title='bbox 837 4400 934 4435; x_wconf 65' lang='lat' dir='ltr'><strong>nessae</strong></span> <span class='ocrx_word' id='word_1_421' title='bbox 944 4386 1014 4431; x_wconf 81' lang='lat' dir='ltr'><strong>toret.</strong></span> <span class='ocrx_word' id='word_1_422' title='bbox 1030 4382 1112 4429; x_wconf 76' lang='lat' dir='ltr'><strong>Cur.</strong></span> 
     </span>
    </p>
   </div>
   <div class='ocr_carea' id='block_1_4' title="bbox 0 0 1494 4800">
    <p class='ocr_par' dir='ltr' id='par_1_22' title="bbox 0 0 1494 4800">
     <span class='ocr_line' id='line_1_51' title="bbox 0 0 1494 4800; baseline 0 0"><span class='ocrx_word' id='word_1_423' title='bbox 0 0 1494 4800; x_wconf 95' lang='lat' dir='ltr'><strong> </strong></span> 
     </span>
    </p>
   </div>
  </div>
 </body>
</html>
