2934 4800
349 192 558 262 LIBROR.
592 192 819 261 DEPERD.
1046 198 1110 261 239

74 359 102 401 se
115 334 287 423 recepisset,
305 344 448 399 mortuus
467 334 502 397 in
520 330 667 397 cubiculo
687 332 836 397 inventus
851 342 907 397 est
955 331 1110 421 Suspecta

74 422 133 499 fuit,
148 435 298 508 tanquam
320 420 352 485 ei
370 440 530 485 venenum
550 417 698 495 dedisset,
716 416 905 505 Sempronia
926 440 1017 497 uxor,
1032 418 1108 484 binc

75 508 208 585 numme,
278 506 324 571 od
349 528 436 572 soror
463 518 546 569 esset
573 502 803 582 Gracchorum,
826 526 902 569 eum
925 504 1043 605 quibus
1066 506 1109 569 ai-

75 593 176 659 multas
203 528 360 657 Adricano
387 591 498 657 fuerat
553 589 606 656 De
639 602 741 690 rpprte
773 602 881 692 tamen
896 676 904 692 ι
918 612 987 655 erus
1021 590 1112 691 nulla

76 680 204 765 quaestio
218 690 299 743 acta.
348 677 397 743 Ec
411 676 574 775 defuneto,
589 675 761 741 sedrtrones
777 674 987 741 triumvirales
1006 696 1110 742 senus

76 774 253 830 exarserunt
303 762 344 829 C.
363 762 569 850 Sempronius
589 761 700 827 consul
719 774 831 827 contra
850 760 987 851 Iapydas
1005 763 1110 851 primo

77 872 132 914 rem
145 850 224 917 male
307 849 354 915 '‘t:
377 870 454 914 mox
468 848 600 913 victoria
613 846 737 913 cladem
751 860 913 936 acceptam
927 847 1111 914 emendarit

78 938 177 1003 rinute
191 936 234 1003 D.
264 936 337 1002 unii
351 934 455 1013 Bruti,
470 934 548 1013 eius,
564 934 621 1021 qui
635 934 833 1000 Lusitaniam
846 934 1023 1023 subegerat.

553 1274 627 1341 Lx

82 1440 365 1509 LAURELIUS
389 1442 501 1508 eonnrl
529 1441 718 1507 rebellantes
743 1442 860 1508 Sardoa
883 1443 1018 1531 subegit
1063 1440 1112 1509 M.

82 1526 194 1594 Fulvius
207 1528 343 1595 Flaccus
356 1528 478 1616 primus
493 1526 718 1615 'lbanmlpinos
732 1528 868 1616 Ligures
882 1529 966 1595 bello
979 1528 1113 1607 domuit,

82 1614 177 1679 mm
195 1615 229 1681 in
248 1613 410 1680 auxilium
424 1612 675 1679 Mamiliensibus
695 1614 845 1680 adversm
866 1614 1020 1681 Salluvioe
1036 1614 1116 1681 Gal·

82 1696 128 1777 lca
149 1701 203 1787 qui
230 1702 317 1767 fines
347 1698 595 1765 Massiliensium
624 1698 866 1789 populabantur.
912 1700 952 1766 L.
965 1700 1115 1789 Opimius

83 1798 190 1933 prator
202 1786 420 1888 Fregellanus,
435 1786 492 1873 qui
511 1784 702 1864 deiecerant,
717 1786 753 1851 in
767 1788 964 1853 deditionem
981 1790 1112 1876 accepit,

103 1871 221 1959 tegellas
243 1873 355 1939 drrnit.
400 1871 587 1938 Pestilentia
609 1872 644 1937 in
668 1872 780 1939 Africa
801 1872 842 1938 ab
864 1874 988 1961 ingenti
1011 1874 1115 1939 locus·

85 1969 168 2023 tarum
185 1959 404 2036 multitudine,
420 1976 454 2024 et
466 1958 584 2024 deinde
603 1972 788 2024 necatarum
805 1973 921 2048 strage,
935 1960 1033 2024 fuisse
1050 1972 1116 2024 tra·

84 2040 162 2109 ditur.
203 2044 361 2111 Lustrum
381 2067 402 2109 a
419 2045 601 2111 censoribus
622 2045 789 2111 eonditum
808 2056 864 2111 est
912 2044 1021 2111 Censa
1040 2058 1116 2110 sunt

85 2128 184 2196 sirium
207 2133 318 2220 capita
344 2142 485 2196 trecenta
614 2131 680 2196 ‘uta
702 2131 811 2210 millia,
834 2133 1036 2283 septingenta
1059 2133 1117 2197 tri-

86 2214 159 2299 ginta
180 2238 244 2282 aer.
293 2216 336 2282 C.
355 2216 528 2295 Gracchus,
555 2217 598 2281 Tr
638 2216 678 2283 rii
703 2218 809 2296 frater,
834 2231 875 2282 tn
897 2240 980 2283 unus
1004 2216 1116 2307 plebis,

86 2298 266 2388 eloquentior
291 2324 392 2391 quam
416 2303 521 2380 irater,
626 2303 738 2369 iciosas
763 2304 886 2406 aliquot
909 2303 997 2393 leges
1022 2304 1114 2369 tulit:

87 2384 155 2452 iuter
167 2407 242 2477 quoe
255 2389 507 2468 frumentariam,
528 2324 719 2456 tliezmisse
740 2404 775 2456 et
793 2404 908 2456 mente
922 2391 1117 2457 frumentum

87 2471 157 2556 plebi
179 2477 331 2543 dar-etun:
363 2475 494 2542 alteram
520 2475 625 2564 legem
650 2477 814 2564 egenam,
840 2497 938 2563 quam
963 2489 997 2541 et
1021 2475 1118 2541 fiater

88 2558 143 2624 dtu
161 2563 293 2630 tulerat:
324 2561 459 2639 tertiam,
480 2584 545 2651 qua
565 2576 745 2651 equestrem
767 2563 923 2640 ordinem,
944 2574 1023 2627 tunc
1043 2583 1118 2626 eum

88 2657 182 2714 senatu
201 2647 468 2726 consentientem,
490 2661 715 2737 corrumperet,
738 2648 786 2713 Ut
804 2647 947 2714 sexcenti
967 2671 1046 2714 exe
1069 2649 1120 2712 ui·

90 2729 158 2797 tibus
179 2734 212 2800 in
236 2735 362 2802 curiam
387 2734 645 2821 sublegerentur:
673 2745 715 2812 et,
739 2735 817 2822 quia
839 2733 901 2798 illis
924 2734 1060 2822 tempori
1082 2755 1120 2799 us

90 2821 203 2885 trecenti
223 2834 353 2887 tuntum
371 2832 530 2886 senatores
548 2833 650 2898 erant,
665 2820 809 2886 sexcenti
828 2820 953 2908 equites
970 2820 1121 2886 trecentis

91 2908 265 2973 senatoribus
293 2905 561 2972 admiscerentur:
594 2905 709 2984 idest,
735 2919 773 2971 ut
795 2919 944 2993 equester
968 2908 1047 2972 ordo
1071 2906 1121 2971 bis

91 2997 195 3056 tantam
208 2993 328 3059 virium
341 2993 375 3056 in
390 3003 503 3058 senatu
516 2992 665 3058 haberet:
682 3004 724 3070 et,
737 2993 922 3058 continuato
936 2993 972 3058 in
985 2991 1119 3060 alterum

92 3092 191 3143 mcum
205 3080 382 3158 trimatu,
398 3077 428 3144 le
451 3079 521 3144 'bus
535 3079 662 3166 agrariis
676 3077 748 3143 latis
761 3078 876 3156 effecit,
893 3091 929 3144 ut
942 3078 1120 3168 complures
1186 3116 1190 3122 ·

92 3159 211 3262 colmiae
226 3166 261 3231 in
277 3164 405 3266 Italiad
448 3175 627 3266 nearentpr,
643 3177 676 3230 et
691 3185 756 3229 una
769 3164 803 3228 in
818 3161 1023 3266 scloudirutae
1041 3161 1121 3265 Car-

93 3243 239 3430 lette
261 3270 376 3403 es:
420 3250 1122 3441 ‚ara'tastuauatdrt

93 3421 1123 3599 tatessztrrrtaerrttrtessr

96 3583 224 3662 Herculis
244 3596 375 3674 comita,
389 3597 439 3661 'ibi
460 3595 571 3661 relicto
594 3605 680 3674 tunc,
696 3617 797 3684 quum
816 3593 973 3660 Hercules
995 3593 1037 3659 ad
1056 3591 1123 3658 Ge-

95 3693 207 3760 ryonem
228 3683 402 3771 navigaret
431 3681 559 3748 Motus
583 3701 712 3783 quoque
740 3680 850 3770 Syriae
875 3680 1065 3758 referuntur,
1088 3680 1125 3744 in

112 3762 192 3830 uibus
217 3768 389 3857 Cleopatra
414 3767 616 3834 Demetrium
642 3789 746 3833 vuum
775 3790 868 3833 suum
893 3779 927 3832 et
954 3766 1124 3834 Seleucum

115 3848 189 3944 sum,
206 3854 382 3943 indignata,
397 3855 496 3943 quod,
512 3854 615 3920 occiso
635 3869 724 3942 patre
745 3853 814 3919 eiua
833 3877 853 3920 a
871 3876 915 3934 se,
930 3853 1052 3920 iniussu
1066 3875 1124 3918 suo

97 3928 223 4005 diadema
236 3942 431 4029 sumpsisset,
447 3939 617 4007 interemit
