<?xml version="1.0" encoding="UTF-8"?>
<!DOCTYPE html PUBLIC "-//W3C//DTD XHTML 1.0 Transitional//EN"
    "http://www.w3.org/TR/xhtml1/DTD/xhtml1-transitional.dtd">
<html xmlns="http://www.w3.org/1999/xhtml" xml:lang="en" lang="en">
 <head>
  <title>
</title>
<meta http-equiv="Content-Type" content="text/html;charset=utf-8" />
  <meta name='ocr-system' content='tesseract 3.04.00' />
  <meta name='ocr-capabilities' content='ocr_page ocr_carea ocr_par ocr_line ocrx_word'/>
</head>
<body>
  <div class='ocr_page' id='page_1' title='image "./tliviipatavinih01kreygoog/tliviipatavinih01kreygoog_0423.png"; bbox 0 0 2934 4800; ppageno 0'>
   <div class='ocr_carea' id='block_1_1' title="bbox 189 188 1140 264">
    <p class='ocr_par' dir='ltr' id='par_1_1' title="bbox 189 188 1140 264">
     <span class='ocr_line' id='line_1_1' title="bbox 189 188 1140 264; baseline 0 -5"><span class='ocrx_word' id='word_1_1' title='bbox 189 190 564 261; x_wconf 86' lang='lat' dir='ltr'>BIBLIOTHECA</span> <span class='ocrx_word' id='word_1_2' title='bbox 595 188 1025 259; x_wconf 81' lang='lat' dir='ltr'>VINDOBONENSI.</span> <span class='ocrx_word' id='word_1_3' title='bbox 1071 196 1140 264; x_wconf 71' lang='lat'>41³</span> 
     </span>
    </p>
   </div>
   <div class='ocr_carea' id='block_1_2' title="bbox 43 324 1159 3772">
    <p class='ocr_par' dir='ltr' id='par_1_2' title="bbox 43 324 1159 3600">
     <span class='ocr_line' id='line_1_2' title="bbox 45 324 1140 417; baseline 0.004 -26"><span class='ocrx_word' id='word_1_4' title='bbox 45 324 209 392; x_wconf 81' lang='lat' dir='ltr'>Carolo</span> <span class='ocrx_word' id='word_1_5' title='bbox 238 326 371 415; x_wconf 79' lang='lat' dir='ltr'>Magno.</span> <span class='ocrx_word' id='word_1_6' title='bbox 419 326 520 393; x_wconf 85' lang='lat' dir='ltr'>Certo</span> <span class='ocrx_word' id='word_1_7' title='bbox 545 326 632 391; x_wconf 89' lang='lat' dir='ltr'>enim</span> <span class='ocrx_word' id='word_1_8' title='bbox 658 338 794 391; x_wconf 42' lang='lat' dir='ltr'>constat,</span> <span class='ocrx_word' id='word_1_9' title='bbox 810 348 853 392; x_wconf 88' lang='lat' dir='ltr'>ex</span> <span class='ocrx_word' id='word_1_10' title='bbox 881 326 1032 417; x_wconf 86' lang='lat' dir='ltr'>antiquis,</span> <span class='ocrx_word' id='word_1_11' title='bbox 1080 348 1140 395; x_wconf 86' lang='lat' dir='ltr'>uae</span> 
     </span>
     <span class='ocr_line' id='line_1_3' title="bbox 43 410 1142 525; baseline 0.001 -46"><span class='ocrx_word' id='word_1_12' title='bbox 43 414 184 479; x_wconf 82' lang='lat' dir='ltr'>etiam</span> <span class='ocrx_word' id='word_1_13' title='bbox 213 436 302 479; x_wconf 92' lang='lat' dir='ltr'>nunc</span> <span class='ocrx_word' id='word_1_14' title='bbox 327 426 508 525; x_wconf 83' lang='lat' dir='ltr'>supersunt,</span> <span class='ocrx_word' id='word_1_15' title='bbox 535 410 784 513; x_wconf 86' lang='lat' dir='ltr'>Diplomatibus,</span> <span class='ocrx_word' id='word_1_16' title='bbox 811 412 1031 480; x_wconf 78' lang='lat' dir='ltr'><strong>fundationem</strong></span> <span class='ocrx_word' id='word_1_17' title='bbox 1057 415 1069 479; x_wconf 95' lang='lat' dir='ltr'>i</span> <span class='ocrx_word' id='word_1_18' title='bbox 1093 415 1142 481; x_wconf 91' lang='lat' dir='ltr'>ius</span> 
     </span>
     <span class='ocr_line' id='line_1_4' title="bbox 44 498 1142 567; baseline 0.002 -4"><span class='ocrx_word' id='word_1_19' title='bbox 44 500 230 565; x_wconf 86' lang='lat' dir='ltr'>deberi¹⁰</span> <span class='ocrx_word' id='word_1_20' title='bbox 251 499 352 566; x_wconf 87' lang='lat' dir='ltr'>CAN</span> <span class='ocrx_word' id='word_1_21' title='bbox 355 499 473 566; x_wconf 77' lang='lat' dir='ltr'>tORl</span> <span class='ocrx_word' id='word_1_22' title='bbox 494 498 615 565; x_wconf 83' lang='lat' dir='ltr'>Comrti</span> <span class='ocrx_word' id='word_1_23' title='bbox 639 498 667 561; x_wconf 94' lang='lat' dir='ltr'>P</span> <span class='ocrx_word' id='word_1_24' title='bbox 709 500 719 563; x_wconf 94' lang='lat' dir='ltr'>i</span> <span class='ocrx_word' id='word_1_25' title='bbox 745 498 927 565; x_wconf 83' lang='lat' dir='ltr'>Rhenanaia</span> <span class='ocrx_word' id='word_1_26' title='bbox 949 500 1015 567; x_wconf 86' lang='lat' dir='ltr'>aire</span> <span class='ocrx_word' id='word_1_27' title='bbox 1036 500 1142 565; x_wconf 83' lang='lat' dir='ltr'>Rhin-</span> 
     </span>
     <span class='ocr_line' id='line_1_5' title="bbox 45 584 1142 674; baseline 0.003 -24"><span class='ocrx_word' id='word_1_28' title='bbox 45 587 210 674; x_wconf 83' lang='lat' dir='ltr'>goviae,</span> <span class='ocrx_word' id='word_1_29' title='bbox 236 600 269 651; x_wconf 90' lang='lat' dir='ltr'>et</span> <span class='ocrx_word' id='word_1_30' title='bbox 292 586 385 651; x_wconf 85' lang='lat' dir='ltr'>matri</span> <span class='ocrx_word' id='word_1_31' title='bbox 409 587 507 673; x_wconf 86' lang='lat' dir='ltr'>ipsius</span> <span class='ocrx_word' id='word_1_32' title='bbox 531 584 695 651; x_wconf 90' lang='lat' dir='ltr'>WILLIS</span> <span class='ocrx_word' id='word_1_33' title='bbox 739 584 893 650; x_wconf 83' lang='lat' dir='ltr'>INDAE</span> <span class='ocrx_word' id='word_1_34' title='bbox 915 609 1000 652; x_wconf 93' lang='lat' dir='ltr'>auno</span> <span class='ocrx_word' id='word_1_35' title='bbox 1020 585 1142 653; x_wconf 84' lang='lat' dir='ltr'>Christi</span> 
     </span>
     <span class='ocr_line' id='line_1_6' title="bbox 46 670 1142 761; baseline 0 -24"><span class='ocrx_word' id='word_1_36' title='bbox 46 672 371 759; x_wconf 78' lang='lat' dir='ltr'>septingentesimo</span> <span class='ocrx_word' id='word_1_37' title='bbox 397 672 593 758; x_wconf 76' lang='lat' dir='ltr'>sexagesimo</span> <span class='ocrx_word' id='word_1_38' title='bbox 619 684 742 758; x_wconf 85' lang='lat' dir='ltr'>quarto,</span> <span class='ocrx_word' id='word_1_39' title='bbox 769 670 879 759; x_wconf 87' lang='lat' dir='ltr'>Pipini</span> <span class='ocrx_word' id='word_1_40' title='bbox 908 686 1015 739; x_wconf 89' lang='lat' dir='ltr'>autern</span> <span class='ocrx_word' id='word_1_41' title='bbox 1042 672 1142 761; x_wconf 77' lang='lat' dir='ltr'>Regia</span> 
     </span>
     <span class='ocr_line' id='line_1_7' title="bbox 48 757 1141 837; baseline 0.001 -13"><span class='ocrx_word' id='word_1_42' title='bbox 48 758 285 825; x_wconf 78' lang='lat' dir='ltr'>Francorum</span> <span class='ocrx_word' id='word_1_43' title='bbox 322 758 521 823; x_wconf 90' lang='lat' dir='ltr'>duodecimo.</span> <span class='ocrx_word' id='word_1_44' title='bbox 587 757 698 823; x_wconf 85' lang='lat' dir='ltr'>Tertio</span> <span class='ocrx_word' id='word_1_45' title='bbox 736 758 832 823; x_wconf 88' lang='lat' dir='ltr'>etiam</span> <span class='ocrx_word' id='word_1_46' title='bbox 868 760 1045 825; x_wconf 89' lang='lat' dir='ltr'>notandum</span> <span class='ocrx_word' id='word_1_47' title='bbox 1082 772 1141 837; x_wconf 86' lang='lat' dir='ltr'>est,</span> 
     </span>
     <span class='ocr_line' id='line_1_8' title="bbox 51 844 1144 933; baseline 0.001 -23"><span class='ocrx_word' id='word_1_48' title='bbox 51 846 236 932; x_wconf 81' lang='lat' dir='ltr'>quamvis</span> <span class='ocrx_word' id='word_1_49' title='bbox 259 844 369 911; x_wconf 87' lang='lat' dir='ltr'>Simon</span> <span class='ocrx_word' id='word_1_50' title='bbox 392 844 561 933; x_wconf 84' lang='lat' dir='ltr'>Grynaeus</span> <span class='ocrx_word' id='word_1_51' title='bbox 584 844 619 909; x_wconf 92' lang='lat' dir='ltr'>in</span> <span class='ocrx_word' id='word_1_52' title='bbox 643 844 827 911; x_wconf 86' lang='lat' dir='ltr'>adornanda</span> <span class='ocrx_word' id='word_1_53' title='bbox 850 868 946 933; x_wconf 87' lang='lat' dir='ltr'>supra</span> <span class='ocrx_word' id='word_1_54' title='bbox 969 859 1144 911; x_wconf 87' lang='lat' dir='ltr'>memorata</span> 
     </span>
     <span class='ocr_line' id='line_1_9' title="bbox 86 930 1144 1019; baseline 0 -22"><span class='ocrx_word' id='word_1_55' title='bbox 86 932 236 1017; x_wconf 82' lang='lat' dir='ltr'>uimque</span> <span class='ocrx_word' id='word_1_56' title='bbox 251 931 403 996; x_wconf 88' lang='lat' dir='ltr'>librorum</span> <span class='ocrx_word' id='word_1_57' title='bbox 420 932 627 997; x_wconf 85' lang='lat' dir='ltr'>Livianorum</span> <span class='ocrx_word' id='word_1_58' title='bbox 643 930 784 995; x_wconf 82' lang='lat' dir='ltr'><strong>editione</strong></span> <span class='ocrx_word' id='word_1_59' title='bbox 799 954 948 1019; x_wconf 79' lang='lat' dir='ltr'>maguam</span> <span class='ocrx_word' id='word_1_60' title='bbox 961 932 1144 999; x_wconf 87' lang='lat' dir='ltr'>adhibuerit</span> 
     </span>
     <span class='ocr_line' id='line_1_10' title="bbox 54 957 1145 1105; baseline 0 -22"><span class='ocrx_word' id='word_1_61' title='bbox 54 957 303 1105; x_wconf 57' lang='lat' dir='ltr'>diligentiam,</span> <span class='ocrx_word' id='word_1_62' title='bbox 326 1017 418 1083; x_wconf 88' lang='lat' dir='ltr'>valde</span> <span class='ocrx_word' id='word_1_63' title='bbox 442 1029 549 1082; x_wconf 89' lang='lat' dir='ltr'>tamen</span> <span class='ocrx_word' id='word_1_64' title='bbox 572 1018 784 1083; x_wconf 85' lang='lat' dir='ltr'>necessarium</span> <span class='ocrx_word' id='word_1_65' title='bbox 807 1040 886 1096; x_wconf 84' lang='lat' dir='ltr'>ease,</span> <span class='ocrx_word' id='word_1_66' title='bbox 909 1032 946 1083; x_wconf 93' lang='lat' dir='ltr'>ut</span> <span class='ocrx_word' id='word_1_67' title='bbox 968 1019 1023 1083; x_wconf 88' lang='lat' dir='ltr'>illa</span> <span class='ocrx_word' id='word_1_68' title='bbox 1045 1019 1145 1084; x_wconf 87' lang='lat' dir='ltr'>editio</span> 
     </span>
     <span class='ocr_line' id='line_1_11' title="bbox 57 1103 1145 1205; baseline -0.001 -35"><span class='ocrx_word' id='word_1_69' title='bbox 57 1128 165 1171; x_wconf 86' lang='lat' dir='ltr'>cum</span> <span class='ocrx_word' id='word_1_70' title='bbox 183 1106 252 1205; x_wconf 88' lang='lat' dir='ltr'>ipso</span> <span class='ocrx_word' id='word_1_71' title='bbox 267 1103 452 1169; x_wconf 89' lang='lat' dir='ltr'>authentico</span> <span class='ocrx_word' id='word_1_72' title='bbox 468 1103 567 1169; x_wconf 89' lang='lat' dir='ltr'>MSto</span> <span class='ocrx_word' id='word_1_73' title='bbox 582 1103 687 1168; x_wconf 89' lang='lat' dir='ltr'>adhuc</span> <span class='ocrx_word' id='word_1_74' title='bbox 702 1103 799 1169; x_wconf 86' lang='lat' dir='ltr'>semel</span> <span class='ocrx_word' id='word_1_75' title='bbox 815 1126 886 1169; x_wconf 86' lang='lat' dir='ltr'>aea</span> <span class='ocrx_word' id='word_1_76' title='bbox 908 1105 952 1171; x_wconf 89' lang='lat' dir='ltr'>ite</span> <span class='ocrx_word' id='word_1_77' title='bbox 970 1104 1011 1171; x_wconf 88' lang='lat' dir='ltr'>ad</span> <span class='ocrx_word' id='word_1_78' title='bbox 1025 1105 1145 1171; x_wconf 84' lang='lat' dir='ltr'>calcem</span> 
     </span>
     <span class='ocr_line' id='line_1_12' title="bbox 60 1127 1146 1289; baseline -0.002 -32"><span class='ocrx_word' id='word_1_79' title='bbox 60 1190 303 1257; x_wconf 76' lang='lat' dir='ltr'>attentissime</span> <span class='ocrx_word' id='word_1_80' title='bbox 330 1190 626 1289; x_wconf 78' lang='lat' dir='ltr'>accuratissimeque</span> <span class='ocrx_word' id='word_1_81' title='bbox 648 1189 836 1255; x_wconf 85' lang='lat' dir='ltr'>conferatur.</span> <span class='ocrx_word' id='word_1_82' title='bbox 884 1127 1036 1278; x_wconf 65' lang='lat' dir='ltr'>Cupereat</span> <span class='ocrx_word' id='word_1_83' title='bbox 1058 1191 1146 1257; x_wconf 90' lang='lat' dir='ltr'>enim</span> 
     </span>
     <span class='ocr_line' id='line_1_13' title="bbox 61 1275 1143 1377; baseline -0.002 -34"><span class='ocrx_word' id='word_1_84' title='bbox 61 1277 236 1365; x_wconf 83' lang='lat' dir='ltr'>profecto</span> <span class='ocrx_word' id='word_1_85' title='bbox 257 1300 324 1341; x_wconf 91' lang='lat' dir='ltr'>non</span> <span class='ocrx_word' id='word_1_86' title='bbox 345 1276 505 1343; x_wconf 83' lang='lat' dir='ltr'>mediocre</span> <span class='ocrx_word' id='word_1_87' title='bbox 523 1276 712 1341; x_wconf 77' lang='lat' dir='ltr'>variantium</span> <span class='ocrx_word' id='word_1_88' title='bbox 737 1275 911 1342; x_wconf 88' lang='lat' dir='ltr'>lectionum</span> <span class='ocrx_word' id='word_1_89' title='bbox 932 1277 1143 1377; x_wconf 81' lang='lat' dir='ltr'>spicilegium,</span> 
     </span>
     <span class='ocr_line' id='line_1_14' title="bbox 66 1362 1146 1451; baseline 0 -24"><span class='ocrx_word' id='word_1_90' title='bbox 66 1363 182 1451; x_wconf 88' lang='lat' dir='ltr'>quod</span> <span class='ocrx_word' id='word_1_91' title='bbox 202 1362 279 1429; x_wconf 89' lang='lat' dir='ltr'>alias</span> <span class='ocrx_word' id='word_1_92' title='bbox 300 1386 424 1428; x_wconf 88' lang='lat' dir='ltr'>summa</span> <span class='ocrx_word' id='word_1_93' title='bbox 445 1362 602 1427; x_wconf 87' lang='lat' dir='ltr'>industria</span> <span class='ocrx_word' id='word_1_94' title='bbox 624 1375 658 1427; x_wconf 91' lang='lat' dir='ltr'>et</span> <span class='ocrx_word' id='word_1_95' title='bbox 680 1362 746 1427; x_wconf 91' lang='lat' dir='ltr'>fide</span> <span class='ocrx_word' id='word_1_96' title='bbox 769 1386 789 1427; x_wconf 90' lang='lat' dir='ltr'>a</span> <span class='ocrx_word' id='word_1_97' title='bbox 811 1385 863 1429; x_wconf 89' lang='lat' dir='ltr'>me</span> <span class='ocrx_word' id='word_1_98' title='bbox 886 1364 1090 1429; x_wconf 77' lang='lat' dir='ltr'>exhibebitur</span> <span class='ocrx_word' id='word_1_99' title='bbox 1111 1364 1146 1428; x_wconf 90' lang='lat' dir='ltr'>in</span> 
     </span>
     <span class='ocr_line' id='line_1_15' title="bbox 152 1448 1147 1535; baseline 0.002 -20"><span class='ocrx_word' id='word_1_100' title='bbox 152 1449 247 1515; x_wconf 89' lang='lat' dir='ltr'>uliari</span> <span class='ocrx_word' id='word_1_101' title='bbox 274 1450 412 1535; x_wconf 83' lang='lat' dir='ltr'>quadarn</span> <span class='ocrx_word' id='word_1_102' title='bbox 441 1448 672 1515; x_wconf 83' lang='lat' dir='ltr'>Dissertatione</span> <span class='ocrx_word' id='word_1_103' title='bbox 702 1448 743 1513; x_wconf 90' lang='lat' dir='ltr'>de</span> <span class='ocrx_word' id='word_1_104' title='bbox 773 1449 945 1515; x_wconf 80' lang='lat' dir='ltr'>duodecim</span> <span class='ocrx_word' id='word_1_105' title='bbox 972 1450 1147 1517; x_wconf 71' lang='lat' dir='ltr'>(lodicibus</span> 
     </span>
     <span class='ocr_line' id='line_1_16' title="bbox 67 1473 1148 1621; baseline 0.001 -20"><span class='ocrx_word' id='word_1_106' title='bbox 67 1473 201 1601; x_wconf 57' lang='lat' dir='ltr'>ffitia</span> <span class='ocrx_word' id='word_1_107' title='bbox 217 1535 379 1601; x_wconf 86' lang='lat' dir='ltr'>Historiae</span> <span class='ocrx_word' id='word_1_108' title='bbox 396 1535 561 1601; x_wconf 79' lang='lat' dir='ltr'>Romanae</span> <span class='ocrx_word' id='word_1_109' title='bbox 576 1534 676 1600; x_wconf 90' lang='lat' dir='ltr'>TITl</span> <span class='ocrx_word' id='word_1_110' title='bbox 690 1534 819 1612; x_wconf 82' lang='lat' dir='ltr'>Ltvll,</span> <span class='ocrx_word' id='word_1_111' title='bbox 835 1536 892 1621; x_wconf 94' lang='lat' dir='ltr'>qui</span> <span class='ocrx_word' id='word_1_112' title='bbox 912 1558 978 1601; x_wconf 85' lang='lat' dir='ltr'>uua</span> <span class='ocrx_word' id='word_1_113' title='bbox 997 1558 1071 1601; x_wconf 92' lang='lat' dir='ltr'>cum</span> <span class='ocrx_word' id='word_1_114' title='bbox 1092 1538 1148 1602; x_wconf 88' lang='lat' dir='ltr'>tri-</span> 
     </span>
     <span class='ocr_line' id='line_1_17' title="bbox 73 1620 1148 1709; baseline 0 -21"><span class='ocrx_word' id='word_1_115' title='bbox 73 1624 185 1709; x_wconf 82' lang='lat' dir='ltr'>ginta</span> <span class='ocrx_word' id='word_1_116' title='bbox 205 1622 329 1687; x_wconf 87' lang='lat' dir='ltr'>duabus</span> <span class='ocrx_word' id='word_1_117' title='bbox 350 1622 494 1687; x_wconf 88' lang='lat' dir='ltr'>eiusdem</span> <span class='ocrx_word' id='word_1_118' title='bbox 510 1620 672 1687; x_wconf 82' lang='lat' dir='ltr'>Historiae</span> <span class='ocrx_word' id='word_1_119' title='bbox 694 1622 852 1708; x_wconf 86' lang='lat' dir='ltr'>primariis</span> <span class='ocrx_word' id='word_1_120' title='bbox 873 1622 1067 1687; x_wconf 86' lang='lat' dir='ltr'>editionibus</span> <span class='ocrx_word' id='word_1_121' title='bbox 1088 1623 1148 1688; x_wconf 87' lang='lat' dir='ltr'>im·</span> 
     </span>
     <span class='ocr_line' id='line_1_18' title="bbox 106 1706 1147 1795; baseline 0.001 -22"><span class='ocrx_word' id='word_1_122' title='bbox 106 1710 212 1774; x_wconf 81' lang='lat' dir='ltr'>rearis</span> <span class='ocrx_word' id='word_1_123' title='bbox 234 1710 267 1773; x_wconf 90' lang='lat' dir='ltr'>in</span> <span class='ocrx_word' id='word_1_124' title='bbox 284 1708 518 1795; x_wconf 83' lang='lat' dir='ltr'>Angustissima</span> <span class='ocrx_word' id='word_1_125' title='bbox 539 1707 740 1773; x_wconf 84' lang='lat' dir='ltr'>Bibliotheca</span> <span class='ocrx_word' id='word_1_126' title='bbox 762 1706 920 1773; x_wconf 85' lang='lat' dir='ltr'>Caesarea</span> <span class='ocrx_word' id='word_1_127' title='bbox 939 1723 1147 1775; x_wconf 76' lang='lat' dir='ltr'>assemantnr.</span> 
     </span>
     <span class='ocr_line' id='line_1_19' title="bbox 74 1732 1148 1883; baseline 0 -22"><span class='ocrx_word' id='word_1_128' title='bbox 74 1732 143 1861; x_wconf 50' lang='lat' dir='ltr'>lit</span> <span class='ocrx_word' id='word_1_129' title='bbox 164 1796 295 1861; x_wconf 87' lang='lat' dir='ltr'>interim</span> <span class='ocrx_word' id='word_1_130' title='bbox 316 1808 422 1859; x_wconf 89' lang='lat' dir='ltr'>tamen</span> <span class='ocrx_word' id='word_1_131' title='bbox 443 1818 483 1859; x_wconf 84' lang='lat' dir='ltr'>ex</span> <span class='ocrx_word' id='word_1_132' title='bbox 499 1794 715 1883; x_wconf 85' lang='lat' dir='ltr'>qualicunque</span> <span class='ocrx_word' id='word_1_133' title='bbox 730 1795 904 1881; x_wconf 88' lang='lat' dir='ltr'>specimine</span> <span class='ocrx_word' id='word_1_134' title='bbox 922 1808 1081 1882; x_wconf 80' lang='lat' dir='ltr'>appareat,</span> <span class='ocrx_word' id='word_1_135' title='bbox 1097 1818 1148 1861; x_wconf 86' lang='lat' dir='ltr'>me</span> 
     </span>
     <span class='ocr_line' id='line_1_20' title="bbox 79 1880 1149 1969; baseline -0.002 -22"><span class='ocrx_word' id='word_1_136' title='bbox 79 1905 155 1947; x_wconf 86' lang='lat' dir='ltr'>nec</span> <span class='ocrx_word' id='word_1_137' title='bbox 172 1880 317 1959; x_wconf 87' lang='lat' dir='ltr'>Erasmo,</span> <span class='ocrx_word' id='word_1_138' title='bbox 332 1904 392 1945; x_wconf 90' lang='lat' dir='ltr'>nec</span> <span class='ocrx_word' id='word_1_139' title='bbox 410 1880 561 1969; x_wconf 85' lang='lat' dir='ltr'>Grynaeo</span> <span class='ocrx_word' id='word_1_140' title='bbox 581 1881 691 1945; x_wconf 85' lang='lat' dir='ltr'>fecisse</span> <span class='ocrx_word' id='word_1_141' title='bbox 711 1880 870 1959; x_wconf 86' lang='lat' dir='ltr'>iniuriam,</span> <span class='ocrx_word' id='word_1_142' title='bbox 886 1881 976 1946; x_wconf 90' lang='lat' dir='ltr'>lubet</span> <span class='ocrx_word' id='word_1_143' title='bbox 994 1882 1048 1946; x_wconf 90' lang='lat' dir='ltr'>hic</span> <span class='ocrx_word' id='word_1_144' title='bbox 1069 1882 1149 1947; x_wconf 89' lang='lat' dir='ltr'>mihi</span> 
     </span>
     <span class='ocr_line' id='line_1_21' title="bbox 82 1966 1149 2046; baseline 0 -13"><span class='ocrx_word' id='word_1_145' title='bbox 82 1968 127 2033; x_wconf 90' lang='lat' dir='ltr'>in</span> <span class='ocrx_word' id='word_1_146' title='bbox 150 1982 351 2033; x_wconf 82' lang='lat' dir='ltr'>antecessum</span> <span class='ocrx_word' id='word_1_147' title='bbox 372 1966 510 2033; x_wconf 83' lang='lat' dir='ltr'>inserere</span> <span class='ocrx_word' id='word_1_148' title='bbox 535 1989 635 2031; x_wconf 91' lang='lat' dir='ltr'>unum</span> <span class='ocrx_word' id='word_1_149' title='bbox 657 1966 814 2032; x_wconf 83' lang='lat' dir='ltr'>duntaxat</span> <span class='ocrx_word' id='word_1_150' title='bbox 836 1966 1009 2033; x_wconf 87' lang='lat' dir='ltr'>notabilem</span> <span class='ocrx_word' id='word_1_151' title='bbox 1032 1968 1149 2046; x_wconf 86' lang='lat' dir='ltr'>locum,</span> 
     </span>
     <span class='ocr_line' id='line_1_22' title="bbox 84 2052 1151 2141; baseline -0.001 -20"><span class='ocrx_word' id='word_1_152' title='bbox 84 2054 188 2121; x_wconf 86' lang='lat' dir='ltr'>cuius</span> <span class='ocrx_word' id='word_1_153' title='bbox 202 2076 277 2133; x_wconf 81' lang='lat' dir='ltr'>vera</span> <span class='ocrx_word' id='word_1_154' title='bbox 297 2068 330 2119; x_wconf 87' lang='lat' dir='ltr'>et</span> <span class='ocrx_word' id='word_1_155' title='bbox 349 2054 490 2141; x_wconf 83' lang='lat' dir='ltr'>genuina</span> <span class='ocrx_word' id='word_1_156' title='bbox 508 2052 603 2119; x_wconf 90' lang='lat' dir='ltr'>lectio</span> <span class='ocrx_word' id='word_1_157' title='bbox 617 2052 814 2119; x_wconf 88' lang='lat' dir='ltr'>desideratur</span> <span class='ocrx_word' id='word_1_158' title='bbox 830 2055 866 2119; x_wconf 91' lang='lat' dir='ltr'>in</span> <span class='ocrx_word' id='word_1_159' title='bbox 880 2055 1028 2119; x_wconf 88' lang='lat' dir='ltr'>omnibus</span> <span class='ocrx_word' id='word_1_160' title='bbox 1042 2054 1151 2120; x_wconf 87' lang='lat' dir='ltr'>hacte-</span> 
     </span>
     <span class='ocr_line' id='line_1_23' title="bbox 85 2138 1151 2228; baseline 0 -23"><span class='ocrx_word' id='word_1_161' title='bbox 85 2164 158 2207; x_wconf 86' lang='lat' dir='ltr'>nus</span> <span class='ocrx_word' id='word_1_162' title='bbox 181 2140 342 2228; x_wconf 84' lang='lat' dir='ltr'>impressis</span> <span class='ocrx_word' id='word_1_163' title='bbox 363 2140 565 2207; x_wconf 86' lang='lat' dir='ltr'>editionibus.</span> <span class='ocrx_word' id='word_1_164' title='bbox 614 2138 646 2205; x_wconf 87' lang='lat' dir='ltr'>Is</span> <span class='ocrx_word' id='word_1_165' title='bbox 669 2140 767 2226; x_wconf 84' lang='lat' dir='ltr'>igitur</span> <span class='ocrx_word' id='word_1_166' title='bbox 789 2139 824 2205; x_wconf 89' lang='lat' dir='ltr'>in</span> <span class='ocrx_word' id='word_1_167' title='bbox 850 2139 989 2207; x_wconf 76' lang='lat' dir='ltr'>Simonis</span> <span class='ocrx_word' id='word_1_168' title='bbox 1007 2139 1151 2228; x_wconf 82' lang='lat' dir='ltr'>Grynaei</span> 
     </span>
     <span class='ocr_line' id='line_1_24' title="bbox 122 2225 1149 2314; baseline 0.001 -22"><span class='ocrx_word' id='word_1_169' title='bbox 122 2228 208 2293; x_wconf 86' lang='lat' dir='ltr'>rima</span> <span class='ocrx_word' id='word_1_170' title='bbox 221 2227 362 2292; x_wconf 89' lang='lat' dir='ltr'>editione</span> <span class='ocrx_word' id='word_1_171' title='bbox 378 2226 551 2291; x_wconf 86' lang='lat' dir='ltr'>Basileensi</span> <span class='ocrx_word' id='word_1_172' title='bbox 565 2225 682 2313; x_wconf 83' lang='lat' dir='ltr'>legitur</span> <span class='ocrx_word' id='word_1_173' title='bbox 696 2226 758 2291; x_wconf 89' lang='lat' dir='ltr'>hoc</span> <span class='ocrx_word' id='word_1_174' title='bbox 772 2226 868 2293; x_wconf 87' lang='lat' dir='ltr'>modo</span> <span class='ocrx_word' id='word_1_175' title='bbox 883 2226 950 2313; x_wconf 85' lang='lat' dir='ltr'>(lib.</span> <span class='ocrx_word' id='word_1_176' title='bbox 968 2227 1064 2294; x_wconf 89' lang='lat' dir='ltr'><strong>XLI.</strong></span> <span class='ocrx_word' id='word_1_177' title='bbox 1081 2250 1149 2314; x_wconf 88' lang='lat' dir='ltr'>cap.</span> 
     </span>
     <span class='ocr_line' id='line_1_25' title="bbox 112 2311 1149 2402; baseline 0.001 -23"><span class='ocrx_word' id='word_1_178' title='bbox 112 2314 180 2398; x_wconf 89' lang='lat' dir='ltr'>X.)</span> <span class='ocrx_word' id='word_1_179' title='bbox 225 2312 303 2377; x_wconf 88' lang='lat' dir='ltr'>‘Ad</span> <span class='ocrx_word' id='word_1_180' title='bbox 319 2313 424 2402; x_wconf 85' lang='lat' dir='ltr'>legem</span> <span class='ocrx_word' id='word_1_181' title='bbox 442 2326 474 2377; x_wconf 90' lang='lat' dir='ltr'>et</span> <span class='ocrx_word' id='word_1_182' title='bbox 490 2312 630 2378; x_wconf 91' lang='lat' dir='ltr'>edictum</span> <span class='ocrx_word' id='word_1_183' title='bbox 647 2311 777 2378; x_wconf 88' lang='grc'>11008.</span> <span class='ocrx_word' id='word_1_184' title='bbox 794 2318 818 2354; x_wconf 76' lang='lat'>¹²</span> <span class='ocrx_word' id='word_1_185' title='bbox 827 2311 890 2378; x_wconf 90' lang='lat' dir='ltr'>SC.</span> <span class='ocrx_word' id='word_1_186' title='bbox 908 2313 1065 2379; x_wconf 87' lang='lat' dir='ltr'>adiectum</span> <span class='ocrx_word' id='word_1_187' title='bbox 1082 2327 1149 2380; x_wconf 84' lang='lat' dir='ltr'>eat:</span> 
     </span>
     <span class='ocr_line' id='line_1_26' title="bbox 92 2396 1152 2478; baseline -0.001 -13"><span class='ocrx_word' id='word_1_188' title='bbox 92 2409 158 2466; x_wconf 87' lang='lat' dir='ltr'>‘ut</span> <span class='ocrx_word' id='word_1_189' title='bbox 184 2401 341 2476; x_wconf 86' lang='lat' dir='ltr'>Dictator,</span> <span class='ocrx_word' id='word_1_190' title='bbox 366 2398 493 2465; x_wconf 83' lang='lat' dir='ltr'>1³COS.</span> <span class='ocrx_word' id='word_1_191' title='bbox 521 2398 677 2476; x_wconf 86' lang='lat' dir='ltr'>Interrex,</span> <span class='ocrx_word' id='word_1_192' title='bbox 706 2396 841 2478; x_wconf 85' lang='lat' dir='ltr'>Censor,</span> <span class='ocrx_word' id='word_1_193' title='bbox 863 2401 957 2477; x_wconf 69' lang='grc' dir='ltr'>14Ρτ.,</span> <span class='ocrx_word' id='word_1_194' title='bbox 1004 2401 1038 2464; x_wconf 93' lang='lat' dir='ltr'>ui</span> <span class='ocrx_word' id='word_1_195' title='bbox 1064 2423 1152 2464; x_wconf 87' lang='lat' dir='ltr'>nunc</span> 
     </span>
     <span class='ocr_line' id='line_1_27' title="bbox 94 2483 1152 2574; baseline -0.004 -21"><span class='ocrx_word' id='word_1_196' title='bbox 94 2496 207 2553; x_wconf 80' lang='lat' dir='ltr'>‘esset</span> <span class='ocrx_word' id='word_1_197' title='bbox 219 2485 306 2574; x_wconf 91' lang='lat' dir='ltr'>apud</span> <span class='ocrx_word' id='word_1_198' title='bbox 321 2483 497 2562; x_wconf 90' lang='lat' dir='ltr'>FORVM,</span> <span class='ocrx_word' id='word_1_199' title='bbox 511 2507 607 2573; x_wconf 89' lang='lat' dir='ltr'>quem</span> <span class='ocrx_word' id='word_1_200' title='bbox 622 2486 908 2562; x_wconf 87' lang='lat' dir='ltr'>manumitteretur,</span> <span class='ocrx_word' id='word_1_201' title='bbox 924 2486 959 2548; x_wconf 93' lang='lat' dir='ltr'>in</span> <span class='ocrx_word' id='word_1_202' title='bbox 973 2486 996 2549; x_wconf 97' lang='lat' dir='ltr'>li</span> <span class='ocrx_word' id='word_1_203' title='bbox 1038 2498 1152 2551; x_wconf 86' lang='lat' dir='ltr'>rtatem</span> 
     </span>
     <span class='ocr_line' id='line_1_28' title="bbox 95 2571 1154 2672; baseline -0.003 -33"><span class='ocrx_word' id='word_1_204' title='bbox 95 2573 347 2651; x_wconf 83' lang='lat' dir='ltr'>‘vindicaretur,</span> <span class='ocrx_word' id='word_1_205' title='bbox 370 2585 407 2638; x_wconf 89' lang='lat' dir='ltr'>ut</span> <span class='ocrx_word' id='word_1_206' title='bbox 428 2572 648 2638; x_wconf 85' lang='lat' dir='ltr'>iusiurandum</span> <span class='ocrx_word' id='word_1_207' title='bbox 670 2572 780 2638; x_wconf 87' lang='lat' dir='ltr'>daret:</span> <span class='ocrx_word' id='word_1_208' title='bbox 805 2571 862 2672; x_wconf 87' lang='lat' dir='ltr'>qui</span> <span class='ocrx_word' id='word_1_209' title='bbox 885 2593 959 2636; x_wconf 90' lang='lat' dir='ltr'>eum</span> <span class='ocrx_word' id='word_1_210' title='bbox 981 2573 1154 2637; x_wconf 86' lang='lat' dir='ltr'>manumit-</span> 
     </span>
     <span class='ocr_line' id='line_1_29' title="bbox 96 2657 1153 2744; baseline -0.003 -17"><span class='ocrx_word' id='word_1_211' title='bbox 96 2669 216 2738; x_wconf 86' lang='lat' dir='ltr'>‘teret,</span> <span class='ocrx_word' id='word_1_212' title='bbox 234 2660 370 2726; x_wconf 83' lang='lat' dir='ltr'>civitatis</span> <span class='ocrx_word' id='word_1_213' title='bbox 391 2659 563 2724; x_wconf 86' lang='lat' dir='ltr'>mutandae</span> <span class='ocrx_word' id='word_1_214' title='bbox 584 2681 678 2724; x_wconf 88' lang='lat' dir='ltr'>causa</span> <span class='ocrx_word' id='word_1_215' title='bbox 696 2681 765 2723; x_wconf 92' lang='lat' dir='ltr'>non</span> <span class='ocrx_word' id='word_1_216' title='bbox 783 2671 929 2723; x_wconf 77' lang='lat' dir='ltr'>mittere:</span> <span class='ocrx_word' id='word_1_217' title='bbox 954 2657 1011 2744; x_wconf 93' lang='lat' dir='ltr'>qui</span> <span class='ocrx_word' id='word_1_218' title='bbox 1033 2657 1067 2722; x_wconf 89' lang='lat' dir='ltr'>id</span> <span class='ocrx_word' id='word_1_219' title='bbox 1087 2680 1153 2724; x_wconf 89' lang='lat' dir='ltr'>uon</span> 
     </span>
     <span class='ocr_line' id='line_1_30' title="bbox 98 2743 1153 2824; baseline -0.004 -11"><span class='ocrx_word' id='word_1_220' title='bbox 98 2749 253 2824; x_wconf 71' lang='lat' dir='ltr'>‘iuraret</span> <span class='ocrx_word' id='word_1_221' title='bbox 269 2769 342 2812; x_wconf 89' lang='lat' dir='ltr'>eum</span> <span class='ocrx_word' id='word_1_222' title='bbox 364 2744 654 2810; x_wconf 86' lang='lat' dir='ltr'>manumittendum</span> <span class='ocrx_word' id='word_1_223' title='bbox 674 2767 741 2810; x_wconf 91' lang='lat' dir='ltr'>uon</span> <span class='ocrx_word' id='word_1_224' title='bbox 759 2755 959 2810; x_wconf 80' lang='lat' dir='ltr'>censuerunt.</span> <span class='ocrx_word' id='word_1_225' title='bbox 1007 2743 1098 2810; x_wconf 90' lang='lat' dir='ltr'>Haec</span> <span class='ocrx_word' id='word_1_226' title='bbox 1118 2745 1153 2809; x_wconf 94' lang='lat' dir='ltr'>in</span> 
     </span>
     <span class='ocr_line' id='line_1_31' title="bbox 98 2828 1154 2922; baseline -0.001 -25"><span class='ocrx_word' id='word_1_227' title='bbox 98 2841 286 2922; x_wconf 85' lang='lat' dir='ltr'>‘posterum</span> <span class='ocrx_word' id='word_1_228' title='bbox 306 2855 401 2898; x_wconf 85' lang='lat' dir='ltr'>causa</span> <span class='ocrx_word' id='word_1_229' title='bbox 420 2833 559 2918; x_wconf 82' lang='lat' dir='ltr'>iurisque</span> <span class='ocrx_word' id='word_1_230' title='bbox 575 2831 674 2897; x_wconf 92' lang='lat' dir='ltr'>dictio</span> <span class='ocrx_word' id='word_1_231' title='bbox 696 2830 734 2896; x_wconf 90' lang='lat' dir='ltr'>C.</span> <span class='ocrx_word' id='word_1_232' title='bbox 751 2830 889 2896; x_wconf 91' lang='lat' dir='ltr'>Claudio</span> <span class='ocrx_word' id='word_1_233' title='bbox 909 2828 1007 2896; x_wconf 87' lang='lat' dir='ltr'>COS.</span> <span class='ocrx_word' id='word_1_234' title='bbox 1025 2830 1154 2896; x_wconf 83' lang='lat' dir='ltr'>decreta</span> 
     </span>
     <span class='ocr_line' id='line_1_32' title="bbox 99 2917 1153 2996; baseline -0.004 -10"><span class='ocrx_word' id='word_1_235' title='bbox 99 2921 193 2986; x_wconf 79' lang='lat' dir='ltr'>‘est&#39;</span> <span class='ocrx_word' id='word_1_236' title='bbox 239 2919 345 2984; x_wconf 90' lang='lat' dir='ltr'>Nemo</span> <span class='ocrx_word' id='word_1_237' title='bbox 367 2932 452 2983; x_wconf 90' lang='lat' dir='ltr'>certe</span> <span class='ocrx_word' id='word_1_238' title='bbox 474 2941 541 2982; x_wconf 92' lang='lat' dir='ltr'>uon</span> <span class='ocrx_word' id='word_1_239' title='bbox 561 2917 649 2981; x_wconf 91' lang='lat' dir='ltr'>ridet</span> <span class='ocrx_word' id='word_1_240' title='bbox 693 2919 774 2982; x_wconf 89' lang='lat' dir='ltr'>rimo</span> <span class='ocrx_word' id='word_1_241' title='bbox 796 2918 926 2996; x_wconf 91' lang='lat' dir='ltr'>intuitu,</span> <span class='ocrx_word' id='word_1_242' title='bbox 946 2918 1043 2982; x_wconf 84' lang='lat' dir='ltr'>verba</span> <span class='ocrx_word' id='word_1_243' title='bbox 1064 2917 1153 2996; x_wconf 90' lang='lat' dir='ltr'>haec,</span> 
     </span>
     <span class='ocr_line' id='line_1_33' title="bbox 100 3003 1155 3094; baseline -0.001 -24"><span class='ocrx_word' id='word_1_244' title='bbox 100 3007 183 3094; x_wconf 87' lang='lat' dir='ltr'>‘qui</span> <span class='ocrx_word' id='word_1_245' title='bbox 207 3028 295 3070; x_wconf 91' lang='lat' dir='ltr'>nuuc</span> <span class='ocrx_word' id='word_1_246' title='bbox 320 3019 403 3069; x_wconf 85' lang='lat' dir='ltr'>esset</span> <span class='ocrx_word' id='word_1_247' title='bbox 428 3005 514 3092; x_wconf 91' lang='lat' dir='ltr'>apud</span> <span class='ocrx_word' id='word_1_248' title='bbox 535 3003 662 3069; x_wconf 90' lang='lat' dir='ltr'><strong>FORV</strong></span> <span class='ocrx_word' id='word_1_249' title='bbox 704 3052 713 3082; x_wconf 92' lang='lat'>,</span> <span class='ocrx_word' id='word_1_250' title='bbox 737 3027 833 3091; x_wconf 88' lang='lat' dir='ltr'>quem</span> <span class='ocrx_word' id='word_1_251' title='bbox 857 3005 1155 3082; x_wconf 89' lang='lat' dir='ltr'>manumitteretur,&#39;</span> 
     </span>
     <span class='ocr_line' id='line_1_34' title="bbox 100 3090 1155 3177; baseline -0.002 -19"><span class='ocrx_word' id='word_1_252' title='bbox 100 3116 170 3159; x_wconf 90' lang='lat' dir='ltr'>non</span> <span class='ocrx_word' id='word_1_253' title='bbox 185 3093 268 3158; x_wconf 89' lang='lat' dir='ltr'>bene</span> <span class='ocrx_word' id='word_1_254' title='bbox 284 3091 461 3168; x_wconf 87' lang='lat' dir='ltr'>cohaerere,</span> <span class='ocrx_word' id='word_1_255' title='bbox 478 3091 535 3154; x_wconf 87' lang='lat' dir='ltr'>aed</span> <span class='ocrx_word' id='word_1_256' title='bbox 549 3090 617 3154; x_wconf 88' lang='lat' dir='ltr'>sine</span> <span class='ocrx_word' id='word_1_257' title='bbox 632 3090 731 3155; x_wconf 92' lang='lat' dir='ltr'>dubio</span> <span class='ocrx_word' id='word_1_258' title='bbox 746 3091 899 3156; x_wconf 86' lang='lat' dir='ltr'>mendosa</span> <span class='ocrx_word' id='word_1_259' title='bbox 913 3114 998 3166; x_wconf 85' lang='lat' dir='ltr'>esae3</span> <span class='ocrx_word' id='word_1_260' title='bbox 1018 3091 1155 3177; x_wconf 87' lang='lat' dir='ltr'>ideoque</span> 
     </span>
     <span class='ocr_line' id='line_1_35' title="bbox 100 3175 1155 3268; baseline -0.002 -24"><span class='ocrx_word' id='word_1_261' title='bbox 100 3180 227 3268; x_wconf 88' lang='lat' dir='ltr'>primus</span> <span class='ocrx_word' id='word_1_262' title='bbox 241 3178 385 3244; x_wconf 89' lang='lat' dir='ltr'>omnium</span> <span class='ocrx_word' id='word_1_263' title='bbox 402 3175 536 3242; x_wconf 85' lang='lat' dir='ltr'>Carolus</span> <span class='ocrx_word' id='word_1_264' title='bbox 554 3175 702 3263; x_wconf 79' lang='lat' dir='ltr'>Sigonius</span> <span class='ocrx_word' id='word_1_265' title='bbox 722 3199 761 3240; x_wconf 87' lang='lat' dir='ltr'>ea</span> <span class='ocrx_word' id='word_1_266' title='bbox 780 3198 845 3241; x_wconf 90' lang='lat' dir='ltr'>non</span> <span class='ocrx_word' id='word_1_267' title='bbox 866 3176 969 3242; x_wconf 86' lang='lat' dir='ltr'>solum</span> <span class='ocrx_word' id='word_1_268' title='bbox 983 3177 1155 3242; x_wconf 86' lang='lat' dir='ltr'>emendare</span> 
     </span>
     <span class='ocr_line' id='line_1_36' title="bbox 101 3262 1157 3342; baseline -0.003 -11"><span class='ocrx_word' id='word_1_269' title='bbox 101 3279 237 3332; x_wconf 86' lang='lat' dir='ltr'>conatus</span> <span class='ocrx_word' id='word_1_270' title='bbox 267 3277 324 3342; x_wconf 89' lang='lat' dir='ltr'>est,</span> <span class='ocrx_word' id='word_1_271' title='bbox 350 3287 460 3328; x_wconf 87' lang='lat' dir='ltr'>verum</span> <span class='ocrx_word' id='word_1_272' title='bbox 490 3263 587 3328; x_wconf 90' lang='lat' dir='ltr'>etiam</span> <span class='ocrx_word' id='word_1_273' title='bbox 620 3263 879 3328; x_wconf 89' lang='lat' dir='ltr'>emendationem</span> <span class='ocrx_word' id='word_1_274' title='bbox 908 3284 997 3328; x_wconf 87' lang='lat' dir='ltr'>auam</span> <span class='ocrx_word' id='word_1_275' title='bbox 1030 3262 1157 3328; x_wconf 84' lang='lat' dir='ltr'>coniec-</span> 
     </span>
     <span class='ocr_line' id='line_1_37' title="bbox 103 3347 1158 3440; baseline -0.005 -22"><span class='ocrx_word' id='word_1_276' title='bbox 103 3351 240 3418; x_wconf 89' lang='lat' dir='ltr'>turalem</span> <span class='ocrx_word' id='word_1_277' title='bbox 265 3351 325 3440; x_wconf 86' lang='lat' dir='ltr'>ipsi</span> <span class='ocrx_word' id='word_1_278' title='bbox 349 3350 526 3416; x_wconf 90' lang='lat' dir='ltr'>editionum</span> <span class='ocrx_word' id='word_1_279' title='bbox 551 3371 679 3415; x_wconf 89' lang='lat' dir='ltr'>suarum</span> <span class='ocrx_word' id='word_1_280' title='bbox 699 3350 898 3415; x_wconf 79' lang='lat' dir='ltr'>Venetorum</span> <span class='ocrx_word' id='word_1_281' title='bbox 920 3347 1086 3414; x_wconf 83' lang='lat' dir='ltr'>contextui</span> <span class='ocrx_word' id='word_1_282' title='bbox 1107 3348 1158 3414; x_wconf 91' lang='lat' dir='ltr'>in·</span> 
     </span>
     <span class='ocr_line' id='line_1_38' title="bbox 103 3433 1159 3522; baseline -0.005 -19"><span class='ocrx_word' id='word_1_283' title='bbox 103 3438 206 3504; x_wconf 89' lang='lat' dir='ltr'>seruit</span> <span class='ocrx_word' id='word_1_284' title='bbox 225 3435 287 3501; x_wconf 91' lang='lat' dir='ltr'>hoc</span> <span class='ocrx_word' id='word_1_285' title='bbox 308 3435 424 3501; x_wconf 89' lang='lat' dir='ltr'>modo:</span> <span class='ocrx_word' id='word_1_286' title='bbox 454 3436 532 3500; x_wconf 90' lang='lat' dir='ltr'>‘Ad</span> <span class='ocrx_word' id='word_1_287' title='bbox 551 3435 665 3522; x_wconf 82' lang='lat' dir='ltr'>legem,</span> <span class='ocrx_word' id='word_1_288' title='bbox 685 3447 720 3499; x_wconf 91' lang='lat' dir='ltr'>et</span> <span class='ocrx_word' id='word_1_289' title='bbox 742 3435 883 3500; x_wconf 90' lang='lat' dir='ltr'>edictum</span> <span class='ocrx_word' id='word_1_290' title='bbox 903 3433 1083 3500; x_wconf 81' lang='lat' dir='ltr'>Consulis¹⁵</span> <span class='ocrx_word' id='word_1_291' title='bbox 1101 3433 1159 3498; x_wconf 90' lang='lat' dir='ltr'>ad·</span> 
     </span>
     <span class='ocr_line' id='line_1_39' title="bbox 106 3520 1157 3600; baseline -0.005 -11"><span class='ocrx_word' id='word_1_292' title='bbox 106 3525 246 3589; x_wconf 83' lang='lat' dir='ltr'>‘iactum</span> <span class='ocrx_word' id='word_1_293' title='bbox 263 3536 320 3600; x_wconf 87' lang='lat' dir='ltr'>est,</span> <span class='ocrx_word' id='word_1_294' title='bbox 332 3536 369 3587; x_wconf 92' lang='lat' dir='ltr'>ut</span> <span class='ocrx_word' id='word_1_295' title='bbox 381 3522 537 3599; x_wconf 88' lang='lat' dir='ltr'>Dictator,</span> <span class='ocrx_word' id='word_1_296' title='bbox 552 3520 685 3598; x_wconf 88' lang='lat' dir='ltr'>Consul,</span> <span class='ocrx_word' id='word_1_297' title='bbox 698 3520 855 3598; x_wconf 84' lang='lat' dir='ltr'>interrex,</span> <span class='ocrx_word' id='word_1_298' title='bbox 869 3520 1002 3598; x_wconf 83' lang='lat' dir='ltr'>Censor,</span> <span class='ocrx_word' id='word_1_299' title='bbox 1015 3521 1157 3598; x_wconf 87' lang='lat' dir='ltr'>Praetor,</span> 
     </span>
    </p>

    <p class='ocr_par' dir='ltr' id='par_1_3' title="bbox 106 3607 1159 3772">
     <span class='ocr_line' id='line_1_40' title="bbox 107 3607 1158 3697; baseline -0.004 -23"><span class='ocrx_word' id='word_1_300' title='bbox 107 3619 118 3650; x_wconf 89' lang='lat'>‘</span> <span class='ocrx_word' id='word_1_301' title='bbox 129 3610 186 3697; x_wconf 91' lang='lat' dir='ltr'>qui</span> <span class='ocrx_word' id='word_1_302' title='bbox 216 3631 303 3674; x_wconf 89' lang='lat' dir='ltr'>nunc</span> <span class='ocrx_word' id='word_1_303' title='bbox 333 3622 438 3674; x_wconf 85' lang='lat' dir='ltr'>essent</span> <span class='ocrx_word' id='word_1_304' title='bbox 466 3607 552 3696; x_wconf 88' lang='lat' dir='ltr'>apud</span> <span class='ocrx_word' id='word_1_305' title='bbox 582 3607 761 3685; x_wconf 87' lang='lat' dir='ltr'>FORVM,</span> <span class='ocrx_word' id='word_1_306' title='bbox 790 3608 904 3673; x_wconf 91' lang='lat' dir='ltr'>darent</span> <span class='ocrx_word' id='word_1_307' title='bbox 932 3629 1071 3694; x_wconf 90' lang='lat' dir='ltr'>operam,</span> <span class='ocrx_word' id='word_1_308' title='bbox 1102 3607 1158 3694; x_wconf 90' lang='lat' dir='ltr'>qui</span> 
     </span>
     <span class='ocr_line' id='line_1_41' title="bbox 106 3691 1159 3772; baseline -0.005 -10"><span class='ocrx_word' id='word_1_309' title='bbox 106 3695 419 3771; x_wconf 81' lang='lat' dir='ltr'>‘manumitteretur‚</span> <span class='ocrx_word' id='word_1_310' title='bbox 443 3695 478 3758; x_wconf 91' lang='lat' dir='ltr'>in</span> <span class='ocrx_word' id='word_1_311' title='bbox 501 3694 681 3760; x_wconf 89' lang='lat' dir='ltr'>libertatem</span> <span class='ocrx_word' id='word_1_312' title='bbox 699 3693 923 3772; x_wconf 87' lang='lat' dir='ltr'>vindicaretur,</span> <span class='ocrx_word' id='word_1_313' title='bbox 939 3691 1159 3759; x_wconf 84' lang='lat' dir='ltr'>iusiurandum</span> 
     </span>
    </p>
   </div>
   <div class='ocr_carea' id='block_1_3' title="bbox 111 3944 1163 4380">
    <p class='ocr_par' dir='ltr' id='par_1_4' title="bbox 111 3944 1163 4380">
     <span class='ocr_line' id='line_1_42' title="bbox 144 3944 911 4008; baseline -0.003 -12"><span class='ocrx_word' id='word_1_314' title='bbox 144 3961 174 3996; x_wconf 87' lang='grc' dir='ltr'>ιο</span> <span class='ocrx_word' id='word_1_315' title='bbox 191 3946 259 3996; x_wconf 84' lang='lat' dir='ltr'>Vide</span> <span class='ocrx_word' id='word_1_316' title='bbox 275 3961 350 4008; x_wconf 85' lang='lat' dir='ltr'>supra</span> <span class='ocrx_word' id='word_1_317' title='bbox 368 3945 471 3994; x_wconf 84' lang='lat' dir='ltr'>citatum</span> <span class='ocrx_word' id='word_1_318' title='bbox 490 3945 620 4008; x_wconf 86' lang='lat' dir='ltr'>antiquum</span> <span class='ocrx_word' id='word_1_319' title='bbox 652 3944 734 4008; x_wconf 60' lang='lat' dir='ltr'>mense</span> <span class='ocrx_word' id='word_1_320' title='bbox 744 3945 777 3994; x_wconf 84' lang='lat' dir='ltr'>ad</span> <span class='ocrx_word' id='word_1_321' title='bbox 787 3960 828 3994; x_wconf 80' lang='lat' dir='ltr'>an</span> <span class='ocrx_word' id='word_1_322' title='bbox 843 3957 911 4004; x_wconf 80' lang='lat'><strong>¹23²·</strong></span> 
     </span>
     <span class='ocr_line' id='line_1_43' title="bbox 111 4007 984 4069; baseline -0.007 -5"><span class='ocrx_word' id='word_1_323' title='bbox 111 4011 253 4064; x_wconf 72' lang='lat' dir='ltr'>chronicon</span> <span class='ocrx_word' id='word_1_324' title='bbox 262 4009 621 4069; x_wconf 76' lang='lat' dir='ltr'>Launaheimenae,a1·&#39;rehero</span> <span class='ocrx_word' id='word_1_325' title='bbox 689 4023 715 4058; x_wconf 89' lang='lat'>11</span> <span class='ocrx_word' id='word_1_326' title='bbox 734 4007 984 4067; x_wconf 63' lang='lat' dir='ltr'>Hocestcourulis.</span> 
     </span>
     <span class='ocr_line' id='line_1_44' title="bbox 111 4072 1112 4150; baseline -0.003 -25"><span class='ocrx_word' id='word_1_327' title='bbox 111 4075 216 4133; x_wconf 84' lang='lat' dir='ltr'>editum,</span> <span class='ocrx_word' id='word_1_328' title='bbox 230 4073 257 4122; x_wconf 89' lang='lat' dir='ltr'>in</span> <span class='ocrx_word' id='word_1_329' title='bbox 271 4073 405 4150; x_wconf 83' lang='lat' dir='ltr'>principio,</span> <span class='ocrx_word' id='word_1_330' title='bbox 416 4073 459 4124; x_wconf 92' lang='lat' dir='ltr'>ubi</span> <span class='ocrx_word' id='word_1_331' title='bbox 476 4073 622 4136; x_wconf 82' lang='lat' dir='ltr'>Diplomata</span> <span class='ocrx_word' id='word_1_332' title='bbox 688 4086 717 4124; x_wconf 79' lang='lat' dir='ltr'>ta</span> <span class='ocrx_word' id='word_1_333' title='bbox 735 4072 1112 4131; x_wconf 61' lang='lat' dir='ltr'>Hoeatmmtumumm.</span> 
     </span>
     <span class='ocr_line' id='line_1_45' title="bbox 111 4135 837 4198; baseline -0.003 -10"><span class='ocrx_word' id='word_1_334' title='bbox 111 4141 160 4188; x_wconf 89' lang='lat' dir='ltr'>duo</span> <span class='ocrx_word' id='word_1_335' title='bbox 171 4139 290 4188; x_wconf 84' lang='lat' dir='ltr'>Caucorra</span> <span class='ocrx_word' id='word_1_336' title='bbox 301 4143 326 4186; x_wconf 89' lang='lat' dir='ltr'>et</span> <span class='ocrx_word' id='word_1_337' title='bbox 335 4138 515 4186; x_wconf 78' lang='lat' dir='ltr'>williswindae</span> <span class='ocrx_word' id='word_1_338' title='bbox 526 4138 557 4186; x_wconf 89' lang='lat' dir='ltr'>de</span> <span class='ocrx_word' id='word_1_339' title='bbox 568 4137 621 4186; x_wconf 81' lang='lat' dir='ltr'>fun·</span> <span class='ocrx_word' id='word_1_340' title='bbox 690 4150 717 4198; x_wconf 78' lang='lat'>¹³</span> <span class='ocrx_word' id='word_1_341' title='bbox 735 4135 837 4186; x_wconf 82' lang='lat' dir='ltr'>Consul.</span> 
     </span>
     <span class='ocr_line' id='line_1_46' title="bbox 112 4201 845 4260; baseline -0.011 -4"><span class='ocrx_word' id='word_1_342' title='bbox 112 4203 212 4256; x_wconf 77' lang='lat' dir='ltr'>datione</span> <span class='ocrx_word' id='word_1_343' title='bbox 227 4202 300 4252; x_wconf 60' lang='lat' dir='ltr'>iuius</span> <span class='ocrx_word' id='word_1_344' title='bbox 310 4201 453 4254; x_wconf 73' lang='lat' dir='ltr'>Moamterii</span> <span class='ocrx_word' id='word_1_345' title='bbox 465 4201 540 4250; x_wconf 82' lang='lat' dir='ltr'>etiam</span> <span class='ocrx_word' id='word_1_346' title='bbox 557 4216 622 4250; x_wconf 87' lang='lat' dir='ltr'>nunc</span> <span class='ocrx_word' id='word_1_347' title='bbox 690 4215 719 4260; x_wconf 86' lang='lat'>¹4</span> <span class='ocrx_word' id='word_1_348' title='bbox 736 4201 845 4249; x_wconf 83' lang='lat' dir='ltr'>Praetor.</span> 
     </span>
     <span class='ocr_line' id='line_1_47' title="bbox 112 4263 1163 4380; baseline -0.001 -1"><span class='ocrx_word' id='word_1_349' title='bbox 112 4265 332 4380; x_wconf 50' lang='lat' dir='ltr'>wistri</span> <span class='ocrx_word' id='word_1_350' title='bbox 355 4265 622 4380; x_wconf 52' lang='lat' dir='ltr'>&amp;mildi</span> <span class='ocrx_word' id='word_1_351' title='bbox 656 4263 942 4379; x_wconf 43' lang='lat' dir='ltr'>samum</span> <span class='ocrx_word' id='word_1_352' title='bbox 968 4263 1090 4314; x_wconf 47' lang='lat' dir='ltr'>‘nm</span> <span class='ocrx_word' id='word_1_353' title='bbox 1115 4277 1163 4312; x_wconf 77' lang='lat'>&#39;⁶¹</span> 
     </span>
     <span class='ocr_line' id='line_1_48' title="bbox 113 4346 623 4380; baseline 0 -1"><span class='ocrx_word' id='word_1_354' title='bbox 113 4346 183 4380; x_wconf 78' lang='lat' dir='ltr'>annas</span> <span class='ocrx_word' id='word_1_355' title='bbox 274 4347 289 4380; x_wconf 87' lang='lat' dir='ltr'>e</span> <span class='ocrx_word' id='word_1_356' title='bbox 613 4356 623 4364; x_wconf 93' lang='lat'><em>-</em></span> 
     </span>
    </p>
   </div>
   <div class='ocr_carea' id='block_1_4' title="bbox 0 0 1498 4800">
    <p class='ocr_par' dir='ltr' id='par_1_5' title="bbox 0 0 1498 4800">
     <span class='ocr_line' id='line_1_49' title="bbox 0 0 1498 4800; baseline 0 0"><span class='ocrx_word' id='word_1_357' title='bbox 0 0 1498 4800; x_wconf 95' lang='lat' dir='ltr'> </span> 
     </span>
    </p>
   </div>
  </div>
 </body>
</html>
