2934 4800
991 15 1434 24 ———

427 151 765 260 auersatum
1049 201 1114 265 aaa

45 347 268 434 poeitiaeimia,
284 359 321 415 ut
337 349 454 418 Cicero
468 352 523 430 ait,
538 365 572 418 et
586 351 766 422 clariaaimia
782 353 818 418 in
832 353 1016 422 membrana
1029 379 1113 424 erae·

44 452 129 517 aiore
156 453 325 542 exscripta
347 467 406 534 eet,
426 455 569 545 singulae
589 457 758 522 columnae
780 456 1112 546 duodequadmgenia,

45 565 77 618 et
88 554 172 620 inde
185 578 210 622 a
220 555 273 622 iol
287 562 364 624 192!
376 559 505 625 tricenis
518 562 657 648 septenis
667 561 810 626 versibus
824 572 979 626 constant.
1013 561 1112 629 Prae·

45 669 134 722 terea
149 659 301 739 lacunae,
317 683 399 748 quae
414 661 491 728 olim
506 662 578 730 Lib.
597 663 732 730 XXXI.
749 659 814 729 16⁶.
831 665 884 729 30.
896 676 930 729 et
944 668 997 730 50.
1035 665 1108 733 Lib.

46 760 230 829 XXXIII.
254 769 307 831 29.
335 765 407 832 Lib.
431 765 619 834 XXXVII.
644 770 692 832 10.
717 771 767 832 18.
787 778 823 832 et
839 768 892 833 47.
916 779 1014 856 atque
1034 768 1108 836 Lib.

47 863 263 934 XXXVIII.
277 872 327 933 12.
338 869 374 934 in
388 869 498 936 codice
514 869 723 937 describendo
733 880 851 936 vacuae
862 882 954 936 erant
967 871 1109 953 relictae,

46 979 160 1050 postea
181 969 226 1036 ab
246 969 326 1050 aliia,
341 984 379 1038 ut
396 972 477 1038 mihi
493 973 624 1062 quidem
638 971 776 1052 videtur,
789 972 926 1038 librariia
939 972 1110 1062 diligenter

47 1066 232 1137 admodum
246 1086 322 1140 aunt
335 1074 491 1164 expletae.

92 1169 236 1247 Quanta
257 1197 361 1263 porro,
385 1189 423 1243 ut
446 1179 487 1243 ad
509 1179 653 1266 graviora
675 1201 854 1268 pergamus,
876 1181 1045 1246 commoda
1065 1204 1108 1248 ex

49 1273 160 1340 codiee
187 1275 419 1367 Bambergenai
445 1279 486 1346 ad
509 1280 606 1360 Livii,
630 1303 712 1370 quoa
737 1281 890 1360 continet,
914 1280 1011 1348 libroa
1032 1305 1108 1371 aup-

49 1373 187 1459 plendce
208 1392 304 1468 atque
321 1381 539 1448 emendandos
556 1383 815 1462 redundaverint,
831 1383 880 1448 uti
894 1383 1043 1471 perfacile
1057 1396 1107 1451 eat

50 1475 176 1560 docere,
193 1482 241 1547 ita
261 1505 327 1548 non
348 1483 455 1548 minua
472 1483 566 1549 facile
587 1484 786 1573 intelligitur,
800 1507 1013 1574 permagnum
1033 1487 1104 1553 eiua

54 1601 144 1646 usum
167 1607 241 1650 eaae
265 1583 300 1650 in
319 1585 401 1652 libro
423 1587 583 1652 niceaImo
601 1589 705 1676 pn'mo
724 1600 759 1654 et
777 1587 937 1654 tricesimo
956 1589 1107 1669 secundo,

54 1703 130 1768 quoe
150 1687 197 1753 ad
216 1688 364 1756 ecdicum
381 1701 485 1756 aetate
505 1713 543 1757 ac
562 1693 755 1780 praestantia
769 1691 997 1780 Bambergenai
1011 1693 1107 1781 longe

56 1783 258 1856 inferiorum²
279 1791 377 1859 fidem
401 1793 503 1860 editoe
526 1815 594 1860 ease
617 1807 751 1874 constat,
769 1794 945 1861 maximum
968 1795 1004 1860 in
1024 1795 1107 1862 libro

57 1886 216 1959 trloeeimo
238 1895 343 1973 tertio,
366 1896 457 1963 cuiue
480 1917 553 1984 pare
575 1897 685 1976 maior,
705 1897 891 1986 priuaquam
913 1897 1041 1964 initium
1064 1922 1106 1966 ex

59 1989 164 2060 (lodice
193 1993 421 2086 Bambergenai
444 1998 618 2078 accederet,
645 2021 686 2064 ex
711 1999 823 2066 codice
850 1999 1045 2088 Moguntino
1069 2003 1107 2068 in

59 2089 160 2162 lucem
189 2113 238 2165 eat
266 2113 432 2189 protracta,
459 2101 616 2170 minorem
645 2103 680 2167 iu
708 2103 833 2180 eeteria,
856 2124 939 2190 quoa
963 2114 997 2168 et
1021 2103 1107 2192 ipeoa

61 2196 174 2266 codicia
189 2200 377 2292 Magantini
392 2227 454 2294 ope
468 2207 533 2272 iam
547 2205 671 2272 dudum
691 2205 811 2293 optime
831 2204 995 2295 suppletae
1008 2217 1106 2296 atqua

61 2305 241 2372 emendatae
254 2329 322 2374 esee
337 2309 500 2375 neminem
514 2309 604 2398 fugit
646 2309 721 2385 Quo
736 2308 851 2375 clarina
864 2321 972 2375 autem
986 2310 1106 2377 codicia

65 2397 301 2499 Bambergcneia
329 2414 462 2481 virmtea
490 2413 764 2503 exaplendeacaut,
797 2413 923 2502 eing'ula
950 2413 994 2479 ad
1020 2426 1108 2480 certa

64 2513 214 2596 quaedam
235 2538 362 2605 genera,
383 2516 603 2606 exemplorum
622 2517 774 2584 varietate
795 2516 930 2595 adiecta,
943 2538 1106 2583 revocarat

66 2610 185 2685 iuvabit

102 2714 245 2787 Primum
269 2722 368 2809 igitur
394 2720 524 2788 lacunm
548 2720 731 2810 permultae,
758 2720 893 2785 maiorer
917 2719 1003 2798 aliae,
1029 2720 1106 2789 aliar

68 2816 204 2903 minores,
227 2846 363 2913 qumum
385 2846 427 2891 ne
449 2824 582 2913 vestigia
603 2824 734 2914 quidem
757 2822 919 2890 interdum
942 2846 1107 2913 compare·

68 2920 145 3005 bant,
168 2928 290 3017 optime
316 2926 434 3017 explet.
480 2926 552 2993 Lib.
577 2927 711 2994 XXXI.
738 2927 820 3016 Cap.
844 2932 894 2993 14.
920 2938 951 2993 et
973 2929 1107 2995 irritatio

69 3032 174 3109 quidem
188 3036 369 3099 meinwmm.
382 3064 422 3077 -
437 3028 518 3118 Cap.
537 3034 586 3096 15.
603 3052 682 3110 cum,
700 3036 729 3096 ai
748 3034 926 3097 institissent
942 3044 1015 3098 taluc
1027 3034 1107 3098 Pu·-

71 3128 148 3215 bppo.
191 3132 318 3199 Vocula
332 3144 404 3198 blac
417 3132 452 3198 in
466 3132 576 3199 codice
591 3155 760 3222 perperam
774 3134 889 3199 omiaea
902 3146 958 3199 eet.
969 3172 1013 3185 -
1023 3134 1104 3223 Cap.

71 3232 114 3297 24.
128 3238 204 3301 aeide
212 3238 316 3323 ferme
327 3258 442 3322 pesam
460 3235 702 3325 touque—Cap.
719 3240 772 3301 31.
788 3237 910 3301 Eadem
922 3238 997 3301 baec
1016 3236 1107 3302 ΟΙιίω

72 3332 125 3401 slve
145 3339 251 3428 potina
281 3340 401 3405 Glauca
414 3374 458 3387 -
471 3336 551 3426 Cap.
576 3342 628 3405 34.
655 3340 789 3404 brachiu
813 3362 882 3405 cum
907 3343 1030 3405 humero
1052 3342 1107 3405 ab·

72 3440 277 3529 ctu-cap
303 3446 355 3507 36.
385 3444 497 3507 torum
522 3444 608 3521 vidit,
634 3447 667 3508 ia
692 3444 824 3509 tumulos
849 3466 964 3530 queque
988 3466 1027 3507 cc
1049 3444 1107 3507 aab

73 3540 156 3621 ἱρωιι
168 3546 292 3609 vallum.
305 3582 351 3594 -
362 3542 443 3631 Cap.
459 3548 512 3608 43.
531 3555 561 3609 et
574 3548 749 3633 quinqentoe
766 3550 886 3633 equata.
898 3584 942 3597 -
954 3544 1036 3633 Cap.
1051 3548 1104 3611 45.

74 3644 159 3712 erlem
186 3668 346 3733 arceatque
370 3648 570 3712 tradallmmt.
583 3646 719 3713 —Ibid
748 3650 793 3712 ad
820 3648 1107 3714 ommam-

99 3872 198 3929 bllmc
215 3892 314 3942 quoque
331 3878 447 3927 lacunam
466 3880 498 3928 ab
517 3877 567 3928 alio
599 3876 631 3929 de
642 3892 691 3955 quo
702 3879 906 3929 videneatrcrum
917 3878 1107 3931 Meletematm

76 3932 157 3991 lbruio
182 3944 325 4019 auppletam
352 3956 413 4003 aree,
434 3957 480 4007 pro
501 3947 568 3993 certe
599 3942 740 3995 critrcorum
754 3944 1015 4007 Speuquuoluati
1028 3946 1107 4009 Lipeii

76 4000 274 4059 affimmnonm.
300 4006 376 4067 Vide,
384 4006 568 4071 quaeedbune
600 4007 780 4058 Annotatiouea
793 4008 827 4057 ad
839 4006 870 4057 Τ.
882 4008 947 4058 Livii
958 4008 1013 4059 Lib.
1026 4008 1108 4061 XXI.

76 4060 142 4138 lpum
157 4086 183 4133 p.
198 4070 251 4134 136.
265 4070 391 4148 nepotari.
423 4071 465 4121 De
481 4071 568 4121 cetaria
598 4070 626 4123 iu
649 4070 800 4147 bibliotheca
823 4071 1046 4147 (luelpberbytana
1070 4090 1107 4124 ra·

78 4136 451 4273 vpepfigpopopupafiepdnmm
475 4200 570 4249 obtinet
599 4140 870 4265 {indemnia
892 4136 1014 4202 Mmm'
1038 4138 1108 4203 1837.

78 4252 210 4314 turcam·
227 4264 279 4315 rire
297 4264 448 4317 Lorehanur
468 4262 570 4327 primun,

109 4358 179 4406 VOL-
193 4362 238 4409 IV.
879 4364 904 4409 Δ
917 4366 938 4410 a
