2934 4800
383 206 480 275 LIB.
501 207 609 275 XLV.
642 208 825 277 caum.
1067 214 1131 277 223

77 344 182 497 lli?
201 343 353 497 “iiiiii
363 344 836 498 ltttttltff‘t‘tlll
844 344 1027 499 §.llll
1041 344 1218 479 Μ”Ἒὲῑ
1234 363 1292 492 llll

76 517 132 583 die
161 454 363 595 ῗῗΙιιὶἰιιιῐι,Ρ
378 516 417 582 L.
432 516 488 606 Ap
510 516 630 583 uleium
662 455 881 597 Satumindm,
907 520 950 585 A.
966 446 1130 585 Lm
1138 490 1254 543 Μὰ

77 603 228 681 Nervam,
253 603 290 669 P.
304 602 466 669 Rutilium
486 540 633 683 belnum,
658 605 695 671 P.
711 604 907 681 Quintilium
922 605 1055 685 Varum,
1078 604 1128 672 M.

77 689 103 755 F
103 691 256 756 onteium.
301 688 365 755 His
382 690 580 790 praetoribus
594 691 677 757 duae
695 693 836 757 urbanae
853 692 1035 779 provinciae
1053 706 1131 759 sunt

78 777 234 854 decretae,
249 777 333 841 duae
350 774 535 864 Hispaniae,
554 776 662 843 Sicilia
676 800 713 843 ac
730 776 885 843 Sardinia.

57 878 72 921 4
120 862 348 930 Intercalatum
370 885 409 927 eo
432 885 537 929 anno:
565 864 717 953 postridie
741 864 938 930 Terminalia
961 864 1130 933 Kalendae

78 948 280 1015 intercalares
294 948 433 1014 fluerunt
472 950 594 1037 Augur'
601 974 641 1016 eo
655 972 741 1016 anno
755 964 899 1017 mortuus
913 964 962 1017 eat
978 950 1018 1017 C.
1030 951 1130 1017 Clau·

80 1034 168 1101 dius:
192 1036 228 1099 in
251 1036 322 1101 eius
344 1034 452 1102 locum
475 1058 611 1125 augures
632 1036 779 1124 legerunt
797 1036 836 1101 T.
852 1037 1041 1114 Quinctium
1057 1038 1130 1103 Fla·

79 1122 244 1271 rlqininum.
314 1120 359 1187 Et
394 1121 510 1187 flamen
550 1122 725 1199 Quirinalis
762 1136 906 1189 mortuus
945 1125 987 1200 Q,
1011 1124 1130 1191 Fabius

105 1221 193 1275 rotor.

120 1294 169 1360 Eo
188 1317 276 1361 anno
293 1318 351 1361 rex
365 1294 493 1361 Pnuias
507 1296 596 1363 venit
610 1296 749 1364 Romam
766 1319 840 1363 cum
855 1297 922 1363 lilio
937 1296 1127 1363 Nicomede.
1138 1305 1289 1358 Pronum

80 1378 119 1459 la,
135 1404 253 1469 magno
269 1382 422 1447 comitatu
444 1383 555 1449 urbem
574 1383 743 1471 ingressus,
759 1383 918 1451 odiorum
933 1407 954 1449 a
967 1396 1060 1471 porta
1073 1372 1290 1484 tri-&ww

79 1467 238 1556 bunalque
251 1467 294 1543 Q,
304 1465 406 1533 Cassii
418 1469 569 1556 praetoris
580 1471 738 1557 perrexit:
754 1492 975 1557 concursuque
985 1469 1128 1558 undique

79 1552 169 1633 sacto,
194 1554 317 1632 ‘Deos
338 1554 395 1641 qui
418 1556 529 1621 urbem
551 1556 689 1621 Romam
711 1555 898 1673 inoplerent,
918 1568 1129 1657 senatumque

81 1640 312 1881 ‘fflilffi
329 1640 1130 1817 iliriddanl'ldiscsdluliaetdliirriiqudlxidgedeiildiemenii

82 1821 91 1851 ‘
219 1813 400 1901 onibusquc
415 1827 448 1879 et
463 1812 579 1902 Illyriis
594 1816 628 1880 in
640 1815 795 1882 ditionem
810 1814 955 1895 redactis,
967 1816 1129 1884 auxissent

80 1899 258 1989 imperium.
307 1899 417 1976 Quum
438 1914 565 1988 praetor
584 1915 730 1968 senatum
750 1902 791 1982 ei,
806 1902 834 1967 si
847 1902 934 1980 velit,
950 1926 990 1969 eo
1004 1903 1057 1968 die
1072 1904 1129 1967 da-

82 1999 183 2053 turum
202 1986 356 2063 dixisset3
379 1986 513 2059 biduum
535 1988 638 2074 petiit,
656 2010 722 2077 quo
743 1989 863 2077 templa
881 1988 980 2054 deum
1002 1990 1130 2054 urbem-

100 2097 138 2140 ue
164 2086 200 2139 et
225 2071 368 2160 hospites
392 2072 574 2160 amicosque
599 2074 723 2141 viseret
770 2074 885 2153 Datus,
911 2075 969 2164 qui
994 2074 1130 2141 circum-

80 2096 208 2225 duceret
222 2182 308 2236 eum,
324 2158 363 2223 L
379 2158 549 2225 Cornelius
566 2159 672 2249 Scipio
687 2175 845 2248 quaestor,
860 2162 966 2249 quiet
982 2159 1129 2250 Capuam

81 2246 108 2310 ei
121 2247 250 2312 obviam
264 2245 378 2311 missus
391 2245 513 2313 fireratr
538 2260 572 2311 et
588 2246 693 2325 aedes,
708 2271 792 2335 quae
809 2248 914 2335 ipsum
931 2248 1128 2336 comitesque

81 2332 144 2398 eius
164 2334 207 2399 bc
289 2330 517 2420 ereciperent,
541 2333 727 2399 conductae.
775 2334 886 2401 Tertio
907 2347 980 2424 post
999 2333 1053 2402 die
1078 2358 1130 2402 se·

208 2354 233 2397 n

80 2434 188 2492 natum
211 2354 313 2496 ὣς
339 2417 516 2507 gratrrlatus
539 2420 702 2486 victoriam
725 2434 793 2498 est3
816 2421 931 2487 merita
951 2443 1010 2486 sua
1031 2422 1068 2485 in
1089 2445 1131 2488 eo

81 2505 161 2572 bello
172 2504 435 2572 commemoravit
442 2529 452 2583 ς
467 2506 570 2594 petiit,
587 2506 654 2573 ‘Ut
665 2521 776 2574 votum
787 2508 848 2572 sibi
861 2507 993 2584 solvere,
1006 2506 1130 2573 Romae

82 2595 131 2658 ‘in
152 2592 317 2680 Capitolio
341 2591 452 2658 decem
477 2592 611 2658 maiores
634 2593 763 2672 hostias,
783 2609 818 2658 et
836 2593 1009 2658 Praeneste
1032 2615 1130 2658 unam

81 2678 272 2756 ‘Fortunae,
295 2678 425 2744 liceret:
453 2701 492 2744 ea
516 2693 591 2744 vota
615 2703 673 2768 pro
698 2679 831 2746 victoria
854 2677 966 2767 populi
990 2678 1130 2744 Romani

83 2772 174 2832 ‘eme
222 2763 268 2830 Et
282 2779 319 2830 ut
331 2765 465 2831 societas
479 2788 588 2831 secum
602 2780 827 2843 renovaretur3
848 2789 987 2916 agerque
1001 2765 1072 2844 sibi,
1087 2766 1129 2833 dc

919 2877 939 2917 u

82 2859 172 2941 ‘rege
183 2851 349 2952 Antiocho
360 2865 480 2940 captus,
492 2874 590 2938 quem
601 2853 682 2954 nulli
693 2853 918 2941 datumapop
951 2853 1130 2954 pRomano

83 2939 188 3004 ‘Galli
203 2937 414 3026 possiderent,
430 2938 577 3004 daretur)
613 2937 730 3005 Frhum
745 2953 905 3028 postremo
917 2937 1130 3005 Nrcomedem

82 3026 202 3092 senatui
228 3023 472 3090 commendavit.
519 3023 685 3103 Omnium,
710 3027 768 3113 qui
792 3026 828 3090 in
851 3025 1044 3092 Macedonia
1069 3025 1130 3091 im·

82 3127 239 3197 peratores
252 3110 389 3188 fuerant,
404 3111 509 3178 farore
530 3121 579 3176 est
599 3111 736 3177 adiutus.
782 3111 896 3198 Itaque
906 3125 1030 3237 petere,
1045 3135 1130 3199 quae

65 3200 423 3372 diffinibilis
442 3196 1130 3386 luttffltttttpffit‘ml

84 3371 221 3448 ‘fuisset,
247 3391 307 3436 nec
333 3371 483 3456 cuiquem
508 3369 602 3435 datus
625 3383 717 3449 esset,
740 3371 961 3460 dignissrmum
982 3392 1022 3435 eo
1043 3372 1131 3470 dono

85 3456 247 3580 :Prusiam
267 3456 429 3558 habituros
449 3479 526 3522 esse.
574 3457 608 3523 Si
628 3471 737 3560 eptem
752 3457 909 3523 Antiochi
929 3478 996 3521 non
1008 3457 1129 3556 liusset3

84 3565 203 3696 su
243 3541 997 3718 ..rrzutdultlulmurrsu
1010 3554 1131 3692 uls

67 3715 218 3782 ⁶‘iniuria
231 3715 404 3816 quicquam
420 3717 450 3782 ci
465 3715 575 3781 datum
590 3715 687 3781 vellet
701 3715 840 3804 populus
855 3714 1029 3779 Romanus.
1076 3712 1129 3779 Ne

84 3804 150 3868 ‘cui
168 3803 266 3869 detur
279 3802 421 3954 qprdem,
437 3815 563 3890 gratum
585 3825 652 3876 esse
671 3801 917 3902 donumposse,
934 3799 1022 3888 quod
1044 3823 1130 3881 eum,

86 3891 156 3978 ‘qui
179 3889 246 3968 det,
268 3913 289 3954 u
312 3889 324 3952 i
347 3889 454 3968 vellet,
474 3889 652 3956 ablaturum
676 3895 854 3954 esse'scrat
900 3887 1005 3954 Facile
1030 3887 1130 3952 Nico·

111 4118 126 4161 4
141 4103 270 4152 Kalendae
288 4099 463 4162 intercalares]
493 4099 589 4150 Vocem
621 4099 757 4149 Romanos.

85 4165 207 4216 Kalendas
232 4166 404 4231 reponendam
428 4164 504 4214 suasit
530 4165 588 4214 Cre-
653 4161 873 4222 successeur]
892 4163 964 4221 Quod
973 4163 1067 4224 procul
1078 4163 1131 4211 rul-

85 4229 176 4280 rierim.
621 4242 652 4290 go
669 4227 765 4288 legitur,
775 4227 819 4276 ssd
830 4227 944 4276 Muretus
955 4225 982 4275 in
993 4241 1053 4276 voce
1068 4228 1133 4290 quod

112 4297 278 4356 finiemus]
303 4295 365 4343 Post
382 4292 447 4341 hanc
460 4307 545 4341 rocem
565 4296 591 4341 et
622 4291 750 4354 antiquam
766 4291 871 4341 formam
884 4294 942 4356 quoi
960 4291 1038 4342 latere
1052 4290 1132 4339 conie-

85 4367 219 4420 wquentem
233 4361 364 4410 babituros
381 4357 471 4421 supple
487 4373 520 4418 re,
537 4355 553 4406 i.
569 4371 590 4408 e.
624 4354 664 4405 eit.
