2934 4800
478 233 698 293 INDEX

66 355 160 396 atur
185 347 227 396 in
253 363 336 411 pugna
348 348 451 410 equestri
463 349 495 397 ad
505 348 570 398 Ἠοῖ·
634 350 686 399 eius
702 364 742 398 res
757 354 840 412 gestae
855 348 895 408 til,
912 362 950 415 29,
964 357 990 400 et
1002 331 1104 413 33-33.

66 429 97 461 m
116 411 178 472 46.
213 412 321 461 recedit
336 413 401 461 ultre
417 414 514 461 Padum
531 426 569 474 47.
634 414 749 463 sidonae
770 415 802 463 de
819 414 933 477 Syphace
951 421 977 464 et
995 415 1104 464 Hasdru-

66 476 570 602 mmffissilliillfflliitll
633 478 1034 604 imminuere
1047 479 1104 592 H

66 621 109 667 ga,
143 621 290 668 pugniare
308 605 422 667 cupiente
442 617 471 666 52
489 610 514 655 et
530 618 569 668 53.

66 686 134 718 asse
154 669 316 718 advehitur
332 669 356 717 in
371 669 517 736 Hispaniam
531 685 569 730 ιι,

66 753 81 782 ι.
120 734 221 782 fiatri
247 733 410 796 coniungitur,
424 734 483 783 ibid.
509 735 571 783 duas

66 805 142 846 irtes
157 798 308 847 exercitus
315 799 430 846 adversus
438 799 569 862 Magonem

66 863 127 910 icit
149 874 204 924 25,
221 876 267 923 3²·
293 863 378 910 lancea
393 861 510 911 traiicitur
526 879 570 926 pu·

66 942 139 974 ians
154 941 211 988 34.
235 925 291 974 eius
301 941 365 974 mois
375 941 424 974 non
434 927 569 990 magisRo-

66 1007 121 1049 iae,
137 1005 241 1052 quiam
253 989 279 1038 in
292 991 413 1052 Hispania
423 991 514 1040 delleta
524 989 563 1052 36.

66 1055 231 1104 Zomelius
250 1055 280 1105 P.
293 1056 321 1104 F.
334 1055 416 1118 Scipio
434 1061 528 1118 patrem
544 1055 569 1104 in

69 1135 153 1180 ugna
174 1120 218 1168 ad
237 1119 355 1168 Ticinum
372 1120 492 1181 praesenti
509 1120 570 1180 peri·

66 1184 119 1230 ulo
131 1183 229 1246 eripit
239 1182 324 1243 ιι,46.
341 1183 367 1230 in
378 1183 569 1245 puguaadCau-

66 1263 108 1294 ias
124 1248 197 1295 trib.
216 1247 294 1295 milit
306 1247 338 1296 de
354 1249 449 1309 legione
463 1249 570 1296 secunda

66 1311 571 1424 :caesenatensis

66 1439 154 1487 ltalia
167 1439 311 1498 murnai,
319 1439 377 1487 ibid.
393 1444 451 1487 ante
459 1441 570 1488 annosfit

66 1502 167 1574 aedilis
190 1503 291 1552 cunilis
307 1515 347 1563 25,
365 1517 386 1552 n.
411 1509 526 1564 quattuor
545 1511 571 1552 et

66 1567 164 1628 viginti
190 1581 276 1615 annos
294 1573 367 1616 natus
385 1574 480 1616 creatur
497 1584 512 1617 a
528 1583 570 1630 po-

69 1631 138 1690 pulo
159 1633 301 1692 proconsul
319 1632 345 1680 in
365 1631 511 1694 Hispaniam
532 1631 570 1690 26,

74 1695 114 1742 18.
137 1695 201 1743 eius
213 1701 281 1744 artes
290 1696 322 1743 ad
334 1695 442 1758 paranda
452 1695 497 1743 sibi
507 1695 570 1744 mul·

634 606 776 656 Hannibale
796 606 822 655 in
841 607 989 669 colloquium
1008 623 1105 670 congre

632 671 697 720 ditur
714 685 816 736 ²9-31·
843 671 918 720 vincit
939 672 1105 720 Hannibalem

633 747 736 797 32-35.
757 735 929 798 Carthaginem
941 735 1004 798 petit
1014 735 1053 797 36.
1073 736 1106 784 ad

633 815 689 848 eum
715 799 788 862 legati
809 799 1027 862 Carthaginienses,
1047 799 1105 848 ibid.

634 863 784 912 conditiones
799 864 866 926 pacis
876 880 893 912 a
903 864 1016 925 Scipione
1027 864 1107 912 dictae

634 937 672 989 37.
693 928 792 976 iubetur
806 943 822 976 a
838 928 930 990 populo
946 943 1032 990 paoem
1048 929 1106 978 dare

633 991 871 1054 Carthaginiensibus
881 1005 919 1052 43.
942 1006 985 1039 cur
999 1007 1049 1040 uon
1065 1008 1106 1040 ex-

633 1056 676 1104 itio
691 1055 846 1118 Carthaginis
860 1056 953 1103 bellum
968 1055 1057 1104 finierit
1067 1072 1106 1116 44.

633 1121 740 1168 Romam
757 1119 827 1178 redit,
842 1119 985 1181 triumphat,
1002 1125 1027 1167 et
1042 1119 1106 1168 snt-
1211 1175 1218 1189 .

633 1183 687 1232 cani
699 1199 831 1246 cognomen
845 1183 941 1231 asciscit
951 1195 990 1244 45.
1012 1189 1107 1231 creatur

633 1262 718 1296 censor
736 1261 775 1307 32,
792 1258 814 1309 7.
836 1262 922 1308 parum
941 1262 972 1295 ex
988 1247 1106 1309 dignitate

633 1312 718 1374 populi
733 1312 806 1359 Boin.
820 1326 872 1359 esse
887 1311 963 1369 ducit,
980 1311 1106 1359 Hanniba·

633 1377 683 1424 lein
697 1374 817 1438 pervicaci
827 1375 884 1422 odio
895 1375 1006 1437 persequi
1017 1389 1056 1435 33,
1068 1385 1107 1435 47.

633 1455 681 1488 coe.
695 1439 783 1488 iterum
798 1453 838 1499 34,
849 1453 887 1500 4ι.
911 1439 1025 1501 princeps
1038 1454 1106 1487 sena·

633 1509 673 1552 tus
691 1505 769 1553 lectus
784 1519 824 1565 44.
850 1504 944 1565 legatus
959 1503 1065 1551 mittitur
1080 1503 1107 1551 in

633 1567 742 1617 Africam
756 1565 795 1616 62.
821 1567 873 1616 eius
891 1583 947 1615 cum
965 1567 1107 1616 Hannibale

634 1632 783 1694 colloquium
794 1644 835 1693 35,
845 1646 881 1692 ¹4·
898 1647 924 1679 se
935 1632 1041 1693 legatum
1050 1647 1106 1680 cum

69 1757 202 1807 titudinis
222 1759 340 1821 obsequia
359 1773 394 1823 19.
420 1759 510 1808 milites
528 1760 569 1807 ad-

76 1822 204 1872 hortatur
215 1837 256 1884 41.
275 1837 325 1870 uno
341 1823 381 1871 die
398 1823 570 1886 Carthaginem

77 1886 191 1935 Noram
211 1887 280 1948 capit
295 1885 397 1948 ⁴2-46·
419 1889 481 1936 bene
497 1887 571 1936 habet

77 1951 187 1998 obsides
200 1951 330 2013 Hispanos
341 1965 379 2015 49.
402 1967 515 2013 sponsam
527 1953 569 1999 Al-

82 2014 147 2062 lucii
161 2021 247 2064 servat
258 2015 356 2076 pudice,
366 2029 503 2077 sponsoque
517 2016 569 2063 retl-

82 2079 123 2126 dit
132 2090 175 2139 50.
194 2093 235 2126 res
244 2079 440 2152 egregie'geritln
449 2079 570 2154 Hispanie

85 2153 127 2254 tl:
143 2145 276 2269 {iiii
291 2158 514 2267 similit.
524 2145 569 2271 ll?

89 2286 171 2320 novae
194 2271 248 2320 eius
268 2271 294 2319 in
316 2271 438 2333 Hispania
456 2271 570 2320 victoriae

91 2335 131 2392 28,
147 2349 221 2396 1-4,
232 2341 258 2383 et
271 2334 370 2384 12-16.
393 2335 462 2398 pellit
479 2335 570 2397 Hispa·

93 2399 135 2447 nia
155 2399 376 2463 Carthaginienses,
394 2399 452 2449 ibid.
476 2402 508 2449 ad
526 2402 570 2463 Sy-

94 2464 202 2525 phacem
220 2481 275 2513 cum
286 2465 498 2527 quinqueremibus
512 2466 570 2513 dua·

95 2528 141 2577 bus
158 2530 249 2579 traiicit
266 2540 303 2591 ι7.
320 2531 406 2577 ecdem
423 2530 488 2577 lecto
505 2530 572 2591 apud

98 2592 238 2655 Syphacem
246 2610 300 2641 cuni
311 2593 465 2641 Hasdrubale
475 2608 571 2642 accum-

99 2656 159 2705 bens
171 2664 255 2707 coenat
268 2658 304 2706 18.
323 2657 485 2706 Hasdrubalis
498 2658 529 2707 de
543 2673 572 2706 eo

100 2718 227 2781 iudicium,
244 2721 301 2770 ibid.
328 2722 424 2769 foedere
451 2736 506 2771 cum
528 2722 572 2785 Sy·

104 2784 181 2845 phaee
204 2786 258 2844 icto,
280 2786 342 2834 redit
369 2785 394 2833 in
417 2786 573 2848 Hispaniam,

105 2848 161 2897 ibid.
177 2851 248 2899 sumit
259 2850 573 2913 poeueadellliturgitanis,

106 2912 573 2977 Castuloneudbuahstapensibusip-

110 2990 145 3037 23.
163 2980 218 3027 duni
228 2978 290 3041 gravi
298 2979 382 3026 morbo
390 2978 524 3039 implicitus
532 2979 572 3026 de·

110 3043 205 3103 cambit,
215 3043 296 3091 seditio
311 3042 336 3090 in
350 3042 433 3090 castris
443 3043 475 3090 ad
487 3043 572 3091 Sucro

110 3120 163 3154 nem
174 3108 251 3166 oritur,
261 3122 334 3168 quam
345 3106 462 3169 sauguine
474 3106 574 3168 triginta

114 3170 212 3233 quinque
226 3171 329 3219 maxime
344 3170 473 3219 noxiorum
490 3170 574 3233 expiat

114 3240 137 3280 et
153 3236 228 3297 placat
244 3250 318 3297 24-2
368 3234 530 3283 Mandonium
548 3238 573 3281 et

116 3296 235 3347 Indibilem
254 3250 399 3349 rebeliisntes
418 3298 493 3347 vincit
510 3312 574 3359 3²-

118 3372 152 3421 34.
165 3362 573 3425 Masinissamsecumcongressum,

119 3425 197 3476 sibiet
213 3429 298 3491 populo
315 3429 390 3477 Rom.
406 3428 520 3475 conciliat
534 3438 573 3488 35.

120 3490 215 3540 Romam
224 3492 289 3551 redit,
297 3498 331 3551 et,
338 3498 433 3541 tentata
443 3492 520 3553 magis
529 3506 573 3553 spe

121 3554 231 3619 triumphi,
240 3570 311 3618 quam
323 3557 400 3619 petita
411 3555 574 3617 pertinaciter,

632 1696 706 1746 imtre
717 1695 743 1744 iu
755 1695 883 1745 Graeciam
899 1695 990 1744 iturum
1007 1695 1107 1759 podice

634 1767 673 1808 tur
690 1771 730 1823 37,
749 1775 769 1810 ι.
797 1760 914 1808 fornicem
936 1759 962 1808 in
984 1758 1107 1822 Capitolio

634 1841 689 1873 cum
707 1825 781 1887 signis
795 1831 890 1887 septem
904 1823 1003 1881 aursus,
1013 1824 1108 1872 duobus

634 1889 710 1950 equis,
722 1896 748 1938 et
757 1904 893 1938 memores
902 1889 952 1937 duo
967 1889 1035 1936 labra
1050 1894 1108 1936 aute

632 1953 749 2001 fornicem
761 1954 830 2015 ponit
842 1966 864 2013 3.
882 1952 935 2001 eius
944 1953 976 2000 ad
988 1951 1107 2011 Pausiam,

634 2017 767 2080 Bithyniae
793 2032 883 2078 regem,
905 2016 998 2076 literae,
1020 2015 1108 2077 quibus

633 2095 689 2128 euni
706 2082 739 2129 ad
755 2080 856 2128 consilia
870 2081 938 2142 pacis
953 2086 1051 2128 revocat
1066 2091 1107 2141 25.

634 2145 663 2192 P.
679 2144 808 2193 cornelius
833 2144 924 2206 Scipio,
945 2143 1003 2206 quia
1027 2144 1108 2193 Salius

633 2214 693 2269 erat,
701 2209 835 2257 disiunctus
844 2210 876 2256 ab
884 2208 992 2256 exercitu
1001 2223 1015 2270 3
1017 2222 1039 2269 3.
1056 2208 1108 2258 eius

634 2272 698 2321 filius
708 2274 775 2336 apud
785 2273 935 2321 Antiochum
947 2273 1058 2335 captivus
1068 2286 1106 2334 34.
1120 2298 1130 2321 t

634 2337 743 2385 Africani
750 2337 860 2385 animum
868 2342 947 2386 tentat
955 2337 1048 2399 legatus
1056 2338 1108 2385 Au-

634 2402 709 2451 tiochi
721 2401 759 2463 36.
780 2418 920 2465 responsum
937 2403 1058 2464 egregium
1075 2404 1108 2450 A·

634 2466 728 2523 fricani,
747 2466 805 2515 ibid.
838 2466 890 2514 eius
908 2466 987 2514 illium
1005 2466 1108 2514 remittit

635 2531 772 2579 Antiochus
793 2542 832 2591 37.
864 2530 994 2592 respondet
1022 2530 1108 2591 legatis

635 2593 760 2653 Antiochi,
776 2594 853 2656 iisque
870 2593 1011 2655 praescribit
1027 2594 1108 2641 condi·

636 2659 714 2707 tiones
724 2657 792 2721 pacis
802 2669 841 2719 45.
863 2657 976 2719 princeps
985 2657 1011 2705 in
1022 2663 1109 2706 senatu

635 2723 734 2771 tertium
751 2722 839 2785 legitur
850 2722 888 2781 38,
900 2722 938 2770 28.
957 2728 1084 2769 accusatur
1093 2738 1109 2770 a

636 2786 739 2835 tribunis
757 2787 791 2849 pl.
811 2798 850 2847 50.
883 2802 910 2834 se
928 2786 1036 2835 defendit
1057 2786 1110 2834 sola

636 2851 865 2899 commemoratione
883 2865 963 2899 rerum
979 2856 1110 2912 gestamm,

636 2915 694 2964 ibid.
712 2916 831 2978 populum
848 2916 880 2963 ab
892 2914 994 2963 tribunis
1009 2914 1111 2963 abducit

636 2994 718 3028 secum
740 2980 766 3027 in
788 2979 938 3041 Capitolium
963 2980 995 3028 ad
1021 2978 1111 3041 gratias
1200 2985 1207 2998 ¹

636 3042 692 3091 Diis
702 3045 808 3117 agendas
822 3059 867 3118 pro
877 3044 971 3118 egregie
981 3060 996 3092 a
1006 3060 1032 3091 se
1042 3048 1111 3105 gesta

635 3107 761 3167 repubbca
772 3118 810 3166 51.
826 3122 852 3154 ιιι
861 3107 1013 3155 Literninum
1024 3121 1109 3155 conce

636 3170 672 3217 dit
687 3182 724 3231 52.
747 3169 836 3219 citatus
853 3172 948 3229 absens,
966 3186 1015 3217 nou
1032 3170 1111 3230 adest,
1208 3217 1211 3221 ι

636 3233 694 3282 ibid.
714 3234 828 3292 Gracchi,
838 3233 929 3281 tribuni
940 3235 974 3295 pl.
986 3234 1111 3282 decretum

636 3297 662 3346 in
672 3298 775 3360 gratiam
785 3297 914 3359 Scipionis,
924 3297 981 3346 ibid
1000 3297 1110 3345 Africani

636 3362 955 3489 llpffierqaspbmppssffi
963 3362 1110 3488 {rim

636 3495 687 3539 tam
697 3490 832 3553 Capenam
840 3490 898 3539 ibid.
913 3504 962 3552 quo
972 3504 1036 3537 anno
1047 3504 1109 3537 mor-

636 3560 710 3604 tuus?
721 3568 761 3619 39,
775 3566 813 3616 52.

123 3632 164 3667 coa
175 3628 257 3669 creatur
266 3621 303 3681 38.
322 3621 405 3669 Africa
416 3620 438 3669 ei
450 3618 574 3683 provincia
607 3618 635 3668 P.
653 3619 781 3668 Cornelius
799 3618 889 3681 Scipio,
908 3618 974 3666 filius
992 3616 1111 3678 Africani,

124 3682 246 3745 destinatur,
256 3685 311 3733 ibid.
328 3700 401 3747 super
411 3700 441 3734 ea
450 3700 476 3732 re
487 3684 539 3733 eius
548 3688 574 3730 et

125 3744 186 3796 Fabii
201 3749 323 3797 contrariae
339 3749 459 3797 orationes
472 3763 573 3807 40-44.

637 3698 714 3747 augur
732 3688 860 3746 cooptatur
879 3683 905 3730 in
924 3683 1006 3730 locum
1025 3681 1110 3730 Albini

638 3762 678 3809 4ο,
689 3763 728 3808 4²·

127 3808 247 3862 iuSlciliam
258 3813 415 3875 proficiscitur
426 3810 463 3871 46.
481 3818 574 3860 trecea·
607 3812 636 3863 P.
648 3811 777 3861 Cornelius
792 3810 875 3873 Scipio
893 3810 1029 3869 Africanus,
1046 3810 1111 3859 iilius

127 3880 160 3923 tos
172 3877 255 3925 iuvenes
270 3878 343 3927 Rom.
358 3876 451 3938 deligit,
462 3891 522 3937 quos
538 3876 574 3924 Si-

129 3940 220 3989 culorum
241 3942 341 3990 totidem
363 3940 437 3989 arinis
457 3948 482 3987 et
507 3939 575 4001 equis

130 4010 229 4071 omntnq,
240 4020 257 4055 1.
275 4021 312 4053 res
329 4005 425 4054 Siclliae
442 4003 575 4065 componit,

131 4066 179 4119 ibid.
198 4071 273 4119 locros
293 4070 430 4127 advehitur,
445 4074 519 4130 atque
540 4068 574 4116 ibi

133 4131 294 4187 QPleininium
311 4135 417 4196 legatum
434 4132 574 4194 relinquit7

134 4261 198 4322 iebus,
214 4278 253 4311 non
272 4264 358 4322 verbis,
380 4278 406 4310 se
431 4268 518 4324 purgat
535 4275 573 4309 aa.

136 4326 227 4384 proiecto
242 4327 289 4377 eius
306 4328 332 4377 in
349 4326 455 4377 Africam
472 4336 573 4386 ι4-ι7,

637 3877 755 3925 naturalis
770 3876 798 3924 1.
809 3875 900 3935 Paulli,
915 3875 1047 3936 adoptione
1063 3875 1110 3937 pri-

637 3940 685 3989 oris
692 3940 801 3990 aniani
811 3955 895 4002 nepos,
903 3940 1035 4014 septimum
1045 3938 1109 3987 deci-

638 4020 704 4053 mum
721 4019 813 4052 annum
828 4020 909 4067 agens,
921 4018 947 4051 in
962 4018 1052 4065 pugna,
1062 4017 1112 4064 qua

639 4070 742 4117 Perseus
758 4068 835 4118 victus
851 4069 987 4128 estatinae
1002 4067 1112 4129 sequitur

134 4202 155 4243 et
163 4198 180 4247 8.
194 4198 240 4247 hinc
250 4198 380 4247 criminain
388 4196 527 4261 Scipionem
538 4211 574 4261 19.
606 4134 856 4247 81606ξυῖὥὸἶὲ
863 4196 955 4259 Scipio,
962 4196 1112 4256 adolescens,

637 4262 746 4310 nondum
762 4262 920 4323 quaestorius,
936 4260 1033 4311 Romae
1049 4260 1110 4309 iudi-

638 4332 707 4375 catur
722 4326 757 4375 vir
771 4327 890 4377 bouomm
902 4327 1010 4389 optimus
1021 4340 1061 4391 29,
1074 4340 1110 4384 ι4.
