2934 4800
454 216 780 287 KREYSSIGII.
1080 224 1141 287 401

45 396 174 461 quae
196 388 349 465 vergeret
371 377 469 447 Frob.
485 385 516 447 2.
528 416 573 429 -
584 382 668 448 Ibid.
684 392 717 447 et
736 404 819 449 casa
837 391 1000 469 argesten
1018 394 1143 451 senium

39 480 207 562 pondo,
237 490 271 545 et
298 504 402 547 aurea
431 485 550 570 viginti
576 486 689 570 pondo
717 506 780 569 pro
808 493 841 549 et
870 507 952 551 oasa
981 496 1142 572 argentea

46 588 213 645 centum
243 586 356 668 pondo
386 584 485 651 Frob.
514 586 693 671 2-Οαρ.
724 586 777 650 24
805 586 846 651 Α.
875 588 1048 653 Cornelius
1077 610 1140 674 pro

46 680 116 746 L.
142 682 318 749 Cornelius
334 686 432 753 Frob.
449 687 669 774 2-'†Ccp.
693 691 747 754 26.
770 690 855 755 adeo
875 712 937 774 pso
962 691 1006 756 ab
1029 689 1139 777 Aegio

47 782 227 850 Asceas.
242 824 287 837 -·-
300 785 427 875 '†lbid.
458 814 527 855 cum
555 812 615 876 pro
645 800 710 857 ium
739 789 879 857 Ascens.
894 826 940 841 -
954 790 1054 877 Ὀαρ.
1084 794 1137 859 27.

40 908 249 973 prospera
277 912 315 955 rs
342 891 449 957 elatus
478 914 539 977 pro
562 914 730 979 prospera
759 894 867 959 elatus
894 916 943 971 re,
972 895 1063 979 quod
1091 894 1138 961 illi

51 987 104 1051 in
138 988 242 1055 Frob.
266 993 296 1055 2.
323 1014 496 1078 perperam
519 1004 571 1059 est
596 996 821 1071 substitutum,
847 992 925 1060 Ald.
938 996 1078 1063 —Ibid.
1105 1008 1139 1063 et

44 1092 187 1174 pauci
213 1114 275 1177 pro
298 1097 404 1179 pauci
428 1093 565 1161 Ascens.
580 1130 625 1145 -
639 1094 724 1160 Ibid.
750 1096 929 1181 praeberet
953 1119 1015 1182 pro
1036 1120 1138 1185 prae·

57 1192 199 1259 berou
231 1193 330 1259 Frob.
363 1195 548 1262 1.-1bid.
579 1198 730 1283 quonium
763 1198 847 1261 satis
881 1207 915 1263 ci
949 1221 1079 1263 suorum
1114 1224 1138 1267 a

53 1296 210 1378 pudore
238 1318 299 1381 pro
329 1300 480 1383 quoniam
511 1300 595 1363 satis
626 1306 733 1363 esseni
764 1308 863 1363 testes
894 1322 1022 1365 suorum
1053 1310 1087 1365 ei
1114 1324 1136 1367 u

52 1396 211 1477 pudore
234 1395 371 1464 Ascens.
387 1436 432 1449 -··
445 1399 548 1467 ‘Ibid.
572 1401 713 1465 manime
734 1410 837 1486 paris
859 1424 920 1485 pso
945 1402 1086 1467 manime
1113 1425 1136 1468 a

53 1506 184 1581 parte
205 1497 342 1565 Ascens.
358 1538 403 1549 -·-
416 1502 520 1588 †Csp.
545 1502 598 1567 28.
613 1503 710 1588 soret
733 1523 796 1586 pro
820 1511 905 1567 esset
928 1502 1026 1569 Frob.
1051 1508 1081 1567 2.
1093 1540 1137 1551 -

65 1598 167 1683 Cap.
184 1600 236 1665 29.
255 1612 287 1667 et
304 1626 493 1689 quacunque
511 1626 571 1689 pro
590 1624 792 1689 quacumque
809 1602 908 1669 Frob.
926 1608 1017 1667 2.-
1031 1604 1134 1671 *Ibid.

65 1701 210 1787 iniqua,
237 1726 334 1790 quam
355 1728 417 1790 pro
440 1727 641 1793 nequaquam
669 1705 766 1771 Frob.
798 1708 824 1771 l.
839 1742 884 1753 -
898 1707 979 1791 Cup.
1003 1709 1055 1773 30.
1080 1709 1136 1773 uis

68 1804 295 1887 tranquillum
314 1828 376 1891 pro
396 1808 452 1873 cio
471 1808 680 1894 tranquillum
699 1807 791 1893 Mog.
805 1844 849 1855 -
863 1808 948 1873 Ibid.
965 1810 1136 1875 descende·

68 1917 160 1973 runt
181 1930 244 1994 pro
266 1911 497 1977 descenderant
513 1909 591 1975 Ald.
607 1946 651 1957 -
666 1910 748 1995 Cap.
764 1912 816 1976 31.
838 1913 906 1977 Sub
924 1914 1010 1979 hanc
1028 1936 1136 1979 cocem

69 2031 145 2093 pro
165 2010 236 2077 Sub
256 2011 321 2076 hac
338 2034 417 2076 cccc
437 2011 531 2097 Mag.
546 2046 590 2061 -·-
605 2006 689 2077 Ibid.
708 2034 848 2099 magnae
869 2036 939 2077 cum
957 2036 1018 2098 pro
1034 2015 1137 2101 Mag·

71 2121 191 2177 netum
217 2112 317 2179 Frob.
343 2114 373 2177 2.
398 2124 432 2179 et
456 2112 496 2179 B.
512 2150 556 2161 —
570 2113 650 2199 Cep.
676 2114 728 2177 33.
753 2136 829 2179 nam
853 2136 949 2199 quum
970 2116 1008 2179 id
1029 2116 1136 2201 ipsum

67 2214 249 2283 ,decretum
273 2224 427 2302 possessi
459 2238 529 2282 eum
562 2216 734 2287 Quinctius
770 2238 831 2301 pro
866 2238 941 2281 nam
969 2240 1064 2302 quum
1099 2218 1138 2283 id

74 2316 187 2403 ipsum
209 2329 363 2404 pasceret
385 2320 548 2383 dceretm
577 2318 615 2383 Τ.
635 2318 807 2391 Quinctius
829 2318 927 2384 Frob.
949 2318 1132 2387 n.-1bid.

76 2419 178 2484 aliud
190 2421 227 2485 in
239 2421 433 2508 praesentia
452 2443 513 2506 pro
528 2422 638 2506 primo
660 2422 754 2486 aliud
774 2423 809 2486 is
826 2421 1019 2506 praesentia
1033 2421 1061 2484 F
1063 2421 1133 2487 rob.

77 2523 112 2588 2.
127 2557 174 2570 --
190 2521 292 2608 Ὀαρ.
322 2523 376 2587 34.
408 2523 527 2588 moturi
563 2545 624 2607 pro
661 2524 738 2588 moti
767 2523 907 2588 Ascens.
920 2557 965 2568 --
980 2521 1066 2587 Ibid.
1103 2533 1136 2588 ei

77 2626 238 2710 optimum
260 2647 414 2712 quemque
435 2647 497 2711 pro
518 2626 669 2711 optimum
692 2647 848 2711 quemque
869 2623 964 2708 Mag.
985 2622 1136 2690 2113.-

78 2724 168 2792 Ibid.
197 2717 385 2793 Chalcidem
406 2738 440 2793 et
460 2727 737 2794 Lacedaemonem
760 2749 821 2812 pro
848 2728 1045 2806 Chalcim
1068 2728 1136 2793 La·

80 2831 306 2896 eudaemonem
336 2829 429 2914 Mog.
446 2827 609 2896 -·1bid.
640 2830 730 2894 nulia
765 2829 836 2895 alia
868 2852 944 2916 spes
973 2840 1046 2894 erat
1075 2853 1136 2915 pro

80 2933 174 2998 nulia
203 2953 279 3016 spes
308 2932 378 2996 alia
407 2939 480 2996 erat
508 2931 648 2996 Ascens.
663 2966 707 2977 -
721 2929 827 2998 'Ibid.
858 2934 1042 2997 concionem
1059 2934 1136 3019 sse·

82 3043 231 3119 queniam
253 3035 348 3101 adire
366 3035 476 3100 iubent
500 3057 560 3119 pro
581 3036 762 3099 concionem
774 3034 972 3120 frequenter
993 3032 1045 3099 vel
1056 3037 1134 3120 sre-

82 3145 232 3222 queniem
254 3138 404 3202 adierunt
426 3136 524 3202 Frob.
548 3138 575 3202 1.
587 3136 746 3201 -·1bid.
761 3137 955 3222 prodemus
976 3159 1037 3221 pro
1059 3146 1135 3202 tunc

83 3239 152 3304 sive
175 3247 241 3304 tum
257 3240 451 3326 praefectus
470 3237 609 3304 AscenS.
621 3273 665 3286 -
677 3236 779 3322 Ὀαρ.
799 3239 854 3301 35.
874 3236 1136 3302 Lacedaemones

83 3351 118 3406 ct
140 3341 409 3408 Lacedaemonas
432 3364 494 3427 pro
521 3340 798 3406 Lacedaemonios
820 3338 960 3403 Aeaeos.
983 3349 1018 3403 ct
1040 3337 1134 3424 Mag.

83 3477 127 3490 -
142 3442 230 3508 Ibid.
261 3445 460 3530 decoraeque
495 3466 555 3528 pso
589 3444 726 3507 deutrus
754 3441 893 3508 Asceos.
909 3476 953 3488 -
967 3439 1050 3525 Cup.
1080 3441 1134 3505 36.

85 3545 183 3610 simui
205 3555 403 3633 contemptus
427 3568 490 3631 pro
514 3569 555 3612 uc
581 3545 678 3610 simui
701 3552 901 3629 contesnptus
924 3541 1023 3608 Frob.
1047 3545 1080 3607 2.
1093 3577 1137 3590 —-

87 3647 169 3732 Cap.
186 3647 240 3712 40.
261 3649 435 3734 Crassipes
457 3669 518 3733 pro
543 3649 683 3713 Crassus
705 3645 806 3714 Frob.
829 3646 1006 3731 2.-Οαρ,
1025 3647 1079 3711 41.
1101 3647 1135 3710 in

87 3749 170 3816 cciia
190 3749 282 3816 Ionis
303 3771 364 3834 pro
385 3759 417 3813 et
439 3750 473 3814 in
498 3750 582 3814 ceila
604 3749 705 3826 Iocis,
731 3749 821 3834 quod
844 3759 941 3814 antes
963 3748 1135 3824 edebatur,

88 3851 187 3918 Frob.
203 3853 235 3916 2.
247 3849 406 3935 -†Cop.
422 3851 475 3916 42.
491 3851 674 3937 quempiam
695 3871 757 3935 pro
777 3871 964 3935 quemquam
985 3847 1083 3916 Frob.
1104 3853 1134 3914 2.

88 3989 130 4000 -
141 3954 224 4037 Cup.
239 3953 294 4018 43.
311 3952 463 4018 Lamiam
482 3973 543 4037 pro
559 3951 744 4037 Hyamcam
764 3951 865 4016 Frob.
885 3953 912 4015 1.
924 3987 968 3998 —
979 3950 1061 4036 Cap.
1081 3953 1135 4016 44.

89 4057 276 4148 cncuso0iis
312 4078 375 4142 pro
401 4056 513 4142 primo
545 4056 733 4120 excusantis
762 4054 1014 4139 Mog.-1bid.
1044 4056 1135 4134 ciris,

91 4160 181 4245 equis
204 4180 267 4242 pro
289 4157 371 4222 uiris
397 4157 552 4242 equisque
576 4154 676 4220 Frob.
703 4159 734 4222 2.
747 4154 903 4240 -⁸Cup.
926 4156 980 4218 45.
1005 4157 1138 4222 abscisa

133 4280 207 4324 voc.
224 4279 271 4324 tv.
926 4255 987 4320 nd
