2934 4800
336 217 378 278 34
723 205 838 274 ΤΙΤΙ
866 205 1003 274 LIVII

182 356 217 409 n.
228 356 259 408 c.
274 357 329 420 578.
337 347 458 414 bellum
472 346 599 412 exarsit
644 343 739 433 Lycii
779 367 885 431 noque
906 343 1073 432 peridem
1094 355 1221 434 tempus
1238 347 1280 411 ab
1295 344 1391 412 Rho-

181 423 213 472 Α·
229 422 263 472 ⁰·
277 433 400 500 madiis
415 433 500 499 bello
514 432 719 498 vexabantur.
756 368 832 496 led
846 444 1049 496 externorum
1064 432 1149 497 inter
1161 456 1195 496 ae
1210 431 1304 511 bella,
1319 456 1391 520 quo

339 543 486 608 quaeque
508 519 604 584 modo
626 529 716 605 gesta
739 530 825 595 sunt,
846 518 995 605 persequi
1017 539 1084 583 non
1105 542 1126 583 o
1166 541 1220 584 rae
1241 531 1291 584 est
1311 521 1391 584 sada

339 629 498 694 superque
524 605 629 673 oneris
651 603 819 670 sustinenti
842 626 894 669 rea
918 628 937 668 a
964 603 1083 691 populo
1142 627 1257 672 omano
1281 619 1391 693 gestas

340 695 484 759 scribere.

164 815 169 834 ι
230 793 282 855 26,
385 779 540 845 Celtiberi
561 779 596 843 in
619 777 786 866 Hispania,
804 779 860 865 qui
882 777 966 842 bello
987 777 1101 842 domiti
1119 801 1153 844 se
1172 778 1223 843 Ti.
1239 778 1392 843 Graccho

181 877 316 926 oelubero
340 867 538 944 dediderant,
554 865 658 953 pacati
672 877 854 930 manserant
864 864 912 928 M.
924 864 1047 929 Titinio
1060 879 1205 952 praetore
1220 866 1390 930 obtinente

181 956 236 1052 ΙΨ
247 943 326 990 ¹⁰b⁹¹·
340 954 544 1042 provinciam.
590 950 800 1018 Rebellarunt
813 952 872 1015 sub
886 950 1057 1016 adveutum
1074 951 1138 1039 Ap.
1154 952 1293 1029 Claudii,
1309 952 1413 1019 orsi-4

191 1019 223 1052 ω’
341 1063 404 1128 que
420 1039 539 1105 bellum
553 1052 628 1104 sunt
645 1039 684 1102 ab
699 1037 867 1124 repentina
880 1038 1116 1124 oppugnatione
1130 1052 1303 1103 castrorum
1320 1038 1391 1103 Ro-

341 1149 516 1191 manorum.
561 1125 671 1189 Prima
692 1125 750 1188 lux
771 1124 870 1224 ferme
892 1137 969 1201 erat,
984 1147 1084 1211 quum
1102 1125 1213 1225 vigiles
1235 1125 1270 1189 in
1292 1125 1389 1202 rullo,

340 1210 1301 1385 ttttttttt'tttttttlttthttttlttt
1337 1235 1391 1362 Ἶῖ.

341 1386 422 1463 dius,
448 1387 538 1486 signo
564 1384 724 1472 proposito
749 1407 885 1471 pugnae,
911 1385 1021 1470 paucis
1049 1385 1233 1450 adhortatus
1258 1385 1389 1461 milites,

341 1474 441 1538 tribus
463 1471 557 1537 simul
577 1473 676 1559 portis
696 1470 819 1536 eduxit.
865 1469 1101 1536 Obsistentibus
1115 1471 1156 1535 ad
1170 1471 1293 1538 exitum
1311 1471 1391 1536 Cel-

341 1560 458 1636 tiheris,
473 1560 576 1646 primo
591 1580 648 1645 par
661 1557 823 1643 utrimque
840 1555 995 1644 proelium
1010 1557 1079 1636 fuit,
1095 1558 1171 1644 quia
1185 1573 1318 1645 propter
1331 1581 1392 1622 an-

340 1646 458 1732 gustias
478 1668 543 1709 nou
562 1665 672 1708 omnes
691 1643 726 1706 in
745 1642 888 1708 faucibus
904 1666 1047 1730 pugnare
1061 1657 1209 1731 poteraut
1223 1643 1387 1709 Romani:

341 1744 491 1814 urgentes
506 1730 623 1795 deiude
638 1728 692 1794 alii
709 1727 787 1794 alios
807 1729 908 1794 sicubi
922 1744 1089 1795 evaserunt
1102 1743 1194 1796 extra
1205 1731 1335 1808 vallum,
1351 1745 1411 1805 uts

341 1816 480 1904 pandere
496 1817 607 1892 aciem,
622 1829 655 1880 et
669 1815 840 1901 exaequari
859 1816 1007 1881 cornibus
1028 1817 1180 1896 hostibus,
1195 1818 1312 1903 quibus
1327 1818 1410 1883 cir-6

341 1902 553 1980 cumibautur,
575 1915 713 1989 possent,
736 1902 783 1966 ita
802 1915 933 1990 repente
955 1903 1147 1990 irruperunt,
1171 1918 1209 1969 ut
1230 1905 1388 1968 sustinere

341 1989 620 2089 impetumeorum
638 1986 795 2138 geltiberi
808 1988 987 2139 nequiritilnt.
1032 1989 1121 2055 Ante
1141 1991 1251 2056 horam
1273 2013 1390 2091 secun-

341 2075 627 2226 lttpttttt
648 2074 1390 2251 ediff⁰⁰dnh¹2affi⁵iiiiixsstgllll

341 2185 608 2336 debellatumque.
654 2247 752 2324 Nam,
775 2247 831 2334 qui
852 2248 1035 2335 superfuere
1060 2250 1190 2337 proelio,
1211 2250 1248 2314 in
1268 2251 1391 2338 oppida

272 2355 276 2370 ·
342 2357 400 2401 sua
412 2333 526 2423 dilapsi
540 2346 623 2399 sunt
671 2332 783 2410 Quieti
797 2333 915 2399 deinde
952 2349 1102 2403 aruerunt
1116 2336 1258 2424 imperio.

275 2481 284 2499 ,
388 2421 545 2488 Censores
560 2445 598 2487 eo
613 2444 698 2487 anno
712 2421 811 2487 creati
827 2420 909 2496 QF
943 2424 1012 2488 rius
1027 2423 1157 2488 Flaccus
1171 2438 1206 2489 et
1219 2423 1262 2489 A.
1272 2423 1391 2490 Postu-

342 2510 425 2575 mius
447 2508 585 2574 Albinus
606 2508 753 2595 legenmt
774 2521 936 2574 senatum:
967 2510 1114 2597 princeps
1135 2510 1235 2575 lecum
1257 2509 1306 2574 Μ,
1320 2514 1390 2576 Ae·

341 2596 447 2661 milius
462 2595 510 2660 Le
533 2595 604 2661 idus
625 2594 771 2681 pontifex
787 2594 953 2661 maximus.
999 2596 1052 2662 De
1065 2611 1180 2662 senatu
1192 2620 1309 2661 norem
1322 2598 1390 2662 eie-

341 2694 464 2747 cerunt.
549 2682 655 2769 signes
669 2693 764 2746 notae
779 2680 909 2747 fuerunt
923 2680 1129 2748 M.Comelii
1143 2683 1214 2748 Mal
1259 2684 1266 2698 ’
1292 2685 1389 2763 ensis,

364 2770 398 2833 ui
411 2769 543 2834 biennio
557 2781 631 2833 ante
645 2781 773 2854 praetor
785 2767 821 2831 in
833 2767 990 2855 Hispania
1002 2768 1123 2847 firerat3
1145 2784 1179 2835 et
1189 2706 1412 2863 ngdrnelii}

341 2791 396 2921 gei
418 2855 501 2921 ionis
514 2854 675 2942 praeteris,
691 2853 782 2918 cuius
796 2867 866 2918 tum
879 2854 965 2919 inter
977 2856 1062 2921 cives
1082 2868 1117 2921 et
1137 2857 1320 2944 peregrinos
1336 2858 1391 2921 iu-

340 2878 481 3007 risdictio
504 2955 592 3018 erat3
619 2952 653 3005 et
674 2938 863 3018 CnFulvii,
885 2940 944 3027 qui
967 2940 1065 3007 frater
1087 2966 1256 3030 germanus
1281 2956 1325 3021 et,
1352 2956 1412 3015 uta

372 3150 572 3211 4Ap.Olouds's']
592 3147 661 3197 Hinc
671 3146 788 3197 discimus
798 3146 846 3210 Ap.
880 3146 931 3195 lam
949 3162 1048 3209 ponere,
1063 3154 1108 3196 aut
1124 3149 1163 3198 ius
1179 3149 1260 3198 dicere
1276 3150 1389 3199 auderet.
1457 3127 1458 3158 A

341 3212 474 3263 Claudium
484 3212 557 3261 titisse
573 3218 709 3274 praetorem
724 3211 849 3274 superiore
880 3211 914 3259 ld
929 3210 1031 3260 formae
1047 3217 1077 3260 ut
1093 3213 1210 3274 perficere
1226 3219 1334 3276 ponent,
1344 3230 1390 3263 no-

341 3292 415 3337 auno,
432 3282 458 3326 et
479 3276 615 3325 citeriorem
635 3275 785 3337 Hispaniam
806 3276 848 3323 ob·
863 3274 984 3323 ·taudum
994 3290 1051 3323 eum
1062 3291 1077 3324 a
1088 3277 1227 3326 censoribus
1235 3286 1388 3328 curaverant.

341 3340 448 3391 tinuisse.
882 3338 1002 3394 Quamvis
1017 3340 1083 3388 euim
1099 3340 1172 3390 hrtius
1187 3346 1261 3390 notae
1276 3341 1301 3390 ri
1317 3356 1388 3404 prae

374 3406 488 3467 5Ss'cubs’
508 3404 651 3463 orarunt]
681 3404 729 3453 Ula·
750 3417 795 3464 pro
814 3404 848 3451 el·
879 3407 960 3451 turam
974 3418 1024 3452 non
1038 3404 1170 3464 amitteret,
1179 3405 1289 3454 alienum
1301 3412 1388 3455 tamen

340 3471 396 3521 culi
414 3469 523 3532 reposuit
540 3467 648 3517 Bekker.
681 3466 750 3517 Olim
770 3467 847 3516 muti
879 3473 932 3515 erat
947 3483 964 3516 a
978 3468 1097 3531 dignitate
1111 3470 1197 3531 populi
1214 3470 1388 3528 Romaniho·

341 3535 474 3597 legebatur,
493 3547 604 3597 proquo
622 3532 697 3582 scuta
716 3532 847 3594 legandum
879 3531 971 3580 minem
997 3548 1014 3582 a
1039 3532 1178 3582 cemonbus
1208 3540 1323 3582 notatum
1348 3535 1389 3584 ius

341 3596 603 3647 coniiciebatcrevier.
879 3596 969 3656 dicere,
977 3602 1002 3645 et
1012 3601 1120 3645 statuere
1130 3597 1162 3645 de
1172 3598 1276 3646 forhmis
1286 3597 1388 3649 civium.

373 3660 390 3711 6
405 3664 441 3711 Et
450 3663 584 3725 essequod
598 3661 711 3709 comibus
725 3660 845 3719 hudhe]
880 3659 961 3709 Cura.

344 3724 382 3775 Ut
398 3740 489 3773 cornua
507 3724 647 3785 extendere,
657 3728 683 3772 et
699 3724 818 3782 hostibus,
831 3738 848 3771 a
911 3739 927 3787 9
943 3724 989 3773 On.
1000 3725 1094 3784 Fuluii,
1105 3727 1149 3789 qul
1155 3728 1242 3789 frater
1251 3742 1388 3788 possam

341 3788 429 3850 qmbus
445 3787 641 3849 cheumibautur,
652 3787 782 3849 exaequari
793 3802 848 3849 pos-
880 3789 1052 3848 ...oannem
1083 3788 1151 3837 Huic
1173 3790 1262 3838 Fulvio
1284 3806 1388 3853 praeno
1457 3821 1458 3828 κ

341 3857 403 3901 seut.
878 3867 937 3900 meu
963 3852 1129 3913 assignabantur
1152 3853 1178 3901 in
1200 3853 1276 3903 reteri
1301 3855 1388 3904 codice

376 3917 548 3977 7Pruetorta
558 3916 698 3977 Ηίφαηὶα]
717 3914 847 3978 Hicprue
878 3918 980 3964 Mass.
1001 3915 1182 3966 AtVelleius'a
1197 3932 1233 3967 ro
1245 3932 1302 3967 eum
1315 3927 1387 3969 vocat
1457 3927 1458 3974 t

340 3980 412 4030 turin
422 3978 568 4043 Hispaniam
580 3979 615 4026 ire
626 3980 847 4037 uolueratutoon-
880 3981 1005 4029 manum,-
1022 3980 1094 4041 eique
1107 3982 1188 4047 potius
1204 3983 1386 4031 amandandum
1457 3983 1458 4036 1

341 4051 391 4108 stat
412 4059 478 4107 supr.
501 4054 536 4105 15.
577 4042 641 4104 Ergo
663 4048 706 4091 aut
727 4043 848 4091 delendae
880 4043 992 4106 Sigonius
1002 4043 1133 4093 meumst.
1166 4046 1387 4105 ceterumis‚u've

232 4136 234 4142 ·
341 4116 399 4158 sunt
416 4124 487 4157 voces
505 4110 533 4156 io
549 4108 685 4169 ffnpanto,
703 4111 747 4155 aut
764 4108 847 4169 lapsus
879 4107 910 4156 Ι..
927 4107 978 4155 sive
998 4109 1046 4158 Cu.
1063 4109 1175 4169 Fulvius,
1190 4109 1257 4158 idam
1278 4117 1325 4170 est,
1342 4112 1386 4173 qui

341 4174 507 4222 estmemoria
518 4170 610 4220 Livius.
626 4170 708 4221 carr.
879 4186 945 4233 supr.
955 4172 990 4220 xl.
1002 4186 1041 4232 41.
1054 4179 1153 4221 vocatur
1168 4173 1205 4222 Μ.
1217 4174 1322 4223 Fulvius
1330 4175 1385 4224 Nc

374 4237 433 4286 BL.
446 4237 554 4286 Cornell!
571 4236 693 4297 Scipionis
708 4235 844 4295 praem}
878 4234 959 4294 bilior,
969 4241 995 4284 et
1006 4235 1094 4284 dicitnr
1104 4236 1234 4299 legionem,
1244 4237 1332 4300 inqua
1342 4239 1385 4287 tri-
1457 4249 1458 4252 ’

342 4300 458 4349 Testatur
469 4300 552 4349 Valer.
564 4299 634 4348 Max.
645 4297 680 4347 iii.
691 4309 715 4359 5.
730 4298 783 4345 eius
794 4313 848 4359 pro
880 4299 961 4347 bunus
970 4298 1077 4348 militum
1088 4307 1149 4359 erat,
1156 4301 1284 4352 dimisisse,
1307 4302 1385 4359 Quod

341 4364 446 4428 pinques
462 4364 557 4413 dedisse
573 4376 682 4424 operam,
694 4376 726 4409 ne
742 4366 787 4408 aut
802 4360 848 4409 sel·
880 4367 964 4411 antem
975 4362 1000 4411 iu
1012 4364 1091 4424 priore
1101 4364 1147 4412 illo
1156 4364 1212 4412 libri
1223 4378 1266 4415 xa.
1277 4366 1333 4415 loco
1343 4382 1384 4414 ro
