2934 4800
333 219 397 280 472
488 207 765 276 SYLLABUS
796 205 1293 276 PRAECIPUARUM

377 435 543 500 Hactenus
559 429 848 496 Drakenborchius.
897 429 992 504 Quae
1007 429 1091 496 inde
1110 431 1167 496 ab
1187 427 1263 494 hoe
1284 445 1394 515 tesupa.

334 521 521 610 prodierunt
541 518 731 620 praecipuae
754 516 841 581 Livii
862 516 1032 592 editiones,
1052 517 1125 580 aive
1155 516 1213 580 ad
1239 515 1395 580 umbrae

335 608 500 684 adductae,
525 628 589 670 sive
614 603 779 668 inchoatae
803 616 938 679 tantum,
963 603 1109 668 necdum
1142 601 1336 677 Μαίη,
1352 603 1390 663 h

335 694 400 758 fere
416 707 498 758 sunt

338 783 518 848 1738-46.
565 775 669 862 Lugd
702 773 774 840 Bae
805 789 838 838 et
868 774 970 838 Amat.
996 797 1075 840 cum
1106 774 1163 840 Io.
1204 773 1384 840 heim

381 863 626 952 supplementis,
652 875 784 926 curante
815 861 895 924 Arn.
921 860 1185 938 Drakenborch,
1212 864 1235 926 7
1256 860 1385 924 vallia.

467 949 559 1015 Haec
582 948 682 1014 editio
699 947 975 1034 praestantimima,
994 969 1099 1032 quam
1123 947 1299 1021 omniurn
1374 982 1382 992 ·

422 1049 501 1127 quot
516 1047 641 1100 secutae
656 1047 741 1110 sunt,
753 1032 996 1098 fundamentum
1011 1055 1086 1098 ease
1099 1048 1255 1110 constat,

422 1122 545 1188 borchii
563 1119 820 1186 annotationibus
838 1118 970 1182 ineditis
990 1131 1027 1182 et
1047 1118 1247 1186 lectionum
1261 1119 1377 1182 aad&

397 1221 398 1224 ’
423 1207 541 1274 codicis
558 1205 724 1272 Veithiani
748 1204 960 1291 codicumquc
979 1202 1306 1272 Hetmstadkm‘un
1322 1211 1375 1268 La

424 1300 454 1360 2.
478 1293 678 1392 locupletata,
705 1290 904 1378 Stutgardiae
922 1288 1000 1354 inde
1018 1291 1061 1356 ab
1080 1315 1177 1358 anno
1198 1297 1297 1358 1820.
1311 1311 1376 1376 quc-³·

426 1381 601 1446 tuordecrm
618 1379 711 1444 tomis
725 1377 827 1464 repeti
841 1390 954 1462 coepta
964 1389 1023 1440 est.

344 1471 433 1536 1743.
480 1465 686 1552 Heidelberg.
703 1475 834 1530 curante
850 1461 887 1526 B.
906 1460 947 1526 C.
965 1460 1138 1542 flaminio,
1151 1465 1213 1530 fot

468 1552 521 1616 De
550 1552 610 1616 hac
640 1551 724 1614 Livii
753 1548 904 1625 editione,
934 1570 1017 1634 quae
1048 1551 1251 1616 continetur
1277 1545 1370 1615 trani

423 1637 631 1704 Collectionis
653 1637 713 1702 scri
737 1649 842 1700 torum
862 1647 1009 1700 veterum
1036 1635 1227 1702 latinorum
1255 1636 1372 1701 hieme

426 1724 601 1800 Romanae,
613 1659 1372 1870 Heidelbeaq.1743-48.paratse,videediture
1429 1803 1430 1820 .

424 1810 615 1895 Bipontinos
629 1810 663 1874 in
680 1809 783 1876 Notit.
812 1808 913 1872 iterar.
930 1805 972 1870 de
987 1805 1028 1872 Τ.
1045 1807 1125 1874 Liv.
1142 1833 1178 1896 p.
1199 1816 1273 1876 144.
1287 1832 1327 1895 ⁸¹1
1429 1861 1430 1886 ,

340 1899 432 1966 1747.
448 1901 499 1960 48.
545 1895 644 1960 Paris.
669 1917 743 1960 cum
766 1893 792 1958 Ι.
818 1893 856 1958 Β.
880 1893 919 1958 Ι.
947 1891 1109 1958 Crevierii
1136 1896 1286 1962 nomed
1305 1915 1370 1958 m

380 1982 558 2048 scholarum
572 1980 828 2057 accommodatio,
847 1978 954 2044 6v011
970 1983 1041 2043 8vo.

469 2067 593 2132 Textus
607 2067 702 2132 huius
717 2066 875 2143 editionis,
890 2065 925 2128 id
941 2065 1030 2151 quod
1044 2066 1162 2132 editor
1176 2070 1248 2156 ipse
1261 2070 1293 2134 in
1304 2089 1369 2158 pu}
1429 2083 1430 2138 ξ

423 2155 476 2220 fat.
493 2177 523 2241 p.
539 2159 570 2218 4.
592 2176 638 2240 sq.
660 2153 837 2240 profitetur,
860 2174 901 2217 ex
924 2151 1041 2216 maiore
1067 2151 1139 2230 illa,
1167 2179 1254 2242 quae
1271 2153 1367 2220 Parsa

426 2243 464 2305 17
468 2245 607 2304 35-42.
624 2240 751 2326 prodiit,
770 2239 946 2325 descriptus
960 2251 1020 2313 est,
1033 2238 1095 2302 sed
1109 2243 1239 2326 passim
1251 2239 1367 2306 entend*

424 2340 483 2391 tus.
530 2325 569 2389 In
585 2326 668 2390 notis
685 2325 782 2390 etiam
802 2347 900 2390 novas
918 2323 1083 2388 interdum
1102 2328 1367 2413 coniecturam

423 2412 497 2477 ferri
518 2436 559 2477 ex
577 2412 713 2477 Walcbii
734 2410 915 2477 Emendatt.
941 2410 1011 2475 Liv.
1033 2433 1066 2497 p.
1084 2414 1168 2479 274.
1184 2414 1258 2480 oett
1273 2418 1363 2501 pte&

423 2499 619 2586 intelligitur.
667 2497 825 2563 Certatim
842 2496 976 2585 repetita
997 2511 1046 2561 est
1065 2496 1154 2563 baec
1175 2502 1277 2565 editio
1288 2503 1364 2565 tm

427 2588 520 2651 1749.
549 2584 653 2649 Lond
674 2586 767 2649 1750.
789 2582 904 2648 Venet.
923 2583 1017 2649 1751.
1045 2582 1164 2651 Patav.
1186 2589 1278 2653 1759.
1301 2586 1364 2649 Paris

427 2674 578 2737 1768-69.
602 2669 717 2735 Venet.
741 2672 833 2735 1791.
862 2667 966 2733 Lond.
991 2674 1087 2733 1813.
1108 2683 1145 2734 et
1169 2672 1279 2737 Oxou.
1297 2678 1363 2737 ltu.

424 2757 476 2821 De
492 2756 669 2821 adulterina
683 2756 751 2820 eius
764 2756 965 2842 repetitione,
977 2777 1059 2841 quae
1074 2768 1210 2822 textum
1225 2759 1362 2823 Liviam

423 2866 464 2907 ex
495 2840 696 2907 Lallemandi
724 2840 874 2919 editione,
904 2864 989 2906 anno
1017 2842 1111 2908 1775.
1144 2844 1306 2921 adornate,
1324 2844 1362 2907 dc-

423 2925 1306 3100 circumseptionem
1323 2952 1361 2993 ‘¹'

340 3102 433 3165 1751.
458 3098 590 3177 Patavii,
616 3122 656 3163 ex
680 3099 864 3163 recensione
886 3097 966 3162 Arn.
1017 3098 1255 3179 ralrenborcbii,
1274 3100 1359 3167 croit
1407 3151 1408 3188 ἢ

381 3192 451 3252 8vo.
1406 3199 1408 3220 ¹

468 3271 557 3335 Num
572 3294 612 3335 ex
628 3271 688 3335 hac
699 3270 850 3348 editione,
862 3293 944 3357 quae
959 3271 999 3335 ab
1014 3272 1196 3337 editoribus
1206 3272 1358 3361 Bipontinis

423 3358 457 3420 iu
478 3356 581 3421 Notit.
602 3357 718 3421 literar.
741 3356 781 3420 de
802 3356 872 3421 Liv.
892 3380 923 3443 p.
943 3362 1014 3422 145.
1030 3374 1301 3437 commemotatm,
1317 3359 1359 3422 de·

422 3443 539 3507 rivatae
555 3444 618 3507 sint
632 3442 714 3507 duae
730 3442 896 3519 editiones,
935 3465 1049 3507 uatum
1067 3442 1168 3508 altera
1181 3445 1248 3509 sire
1262 3445 1358 3511 Pataui

422 3528 486 3593 sive
507 3528 653 3593 Venetiis
676 3531 769 3594 1759.
793 3528 892 3592 altera
942 3528 1057 3595 enetiis
1081 3534 1176 3595 1791.
1202 3531 1317 3617 prodiit,
1332 3553 1356 3594 e
1406 3575 1407 3580 η

422 3612 1354 3788 trualtretentetisstatu
1406 3595 1407 3630 *

423 3784 627 3871 Ephemerid.
649 3785 764 3850 literar.
786 3785 912 3851 lenens.
931 3808 959 3850 a.
978 3788 1071 3852 1795.
1088 3785 1153 3852 Νο.
1172 3791 1244 3853 164.
1257 3812 1286 3877 p.
1299 3794 1352 3854 559

421 3893 489 3957 sqq.
536 3869 621 3935 Illud
643 3884 751 3935 tamen
776 3873 851 3936 satis
873 3884 1006 3949 constat,
1029 3872 1183 3937 eumdem
1206 3873 1353 3940 &modi

421 3958 520 4033 nium,
551 3958 607 4043 qui
637 3956 722 4022 Livii
755 3980 852 4043 opera
883 3980 957 4022 cum
993 3957 1048 4023 lib.
1079 3956 1177 4023 XCI.
1205 3960 1353 4047 fragment
1405 4023 1406 4028 ,

420 4041 567 4107 Venetiis
585 4045 678 4108 1791.
690 4043 802 4124 ¹denuo
816 4043 927 4121 edidit,
943 4042 996 4108 vel
1013 4066 1116 4108 unum
1133 4066 1177 4109 ex
1195 4047 1261 4111 eiua
1278 4048 1351 4111 mair

420 4129 506 4193 ribus
532 4130 594 4193 iam
621 4152 705 4194 anno
732 4132 825 4195 1751.
850 4130 1005 4195 minorem
1029 4130 1188 4195 Crevierii
1209 4132 1349 4197 editionem

420 4214 590 4297 repetiisse.
620 4214 704 4278 Vide
725 4215 863 4281 editores
882 4215 1073 4302 Bipontinos
1093 4216 1130 4281 in
1146 4216 1247 4283 Notit.
1261 4218 1348 4283 litent.
1402 4215 1406 4450 p

421 4296 461 4357 de
477 4297 515 4357 T.
533 4298 602 4360 Liv.
620 4321 649 4382 p.
670 4305 739 4363 145.
