2934 4800
303 136 310 155 '
340 170 405 233 aas
712 161 1022 231 rnrnrrrro

341 348 471 395 omnem
490 326 632 405 omnino,
647 340 805 413 quantem
822 326 903 392 mibi
919 325 1055 415 quidem
1082 344 1168 389 non
1183 317 1380 407 tymeus&

340 428 486 520 praedito
509 429 610 508 licuit,
632 430 808 516 scripturae
832 428 1048 495 diversitatem
1079 427 1127 491 in
1155 422 1271 489 verbis
1293 422 1381 509 ψ

340 558 517 623 eorumque
546 535 755 602 collocatione
788 547 956 623 repertam,
985 555 1074 622 quae
1111 531 1254 617 largam
1280 528 1386 617 praelai

340 654 376 706 et
403 638 569 729 praebebit
596 638 799 707 coniectandi
829 639 1003 715 materiem,
1033 660 1081 703 ex
1114 634 1249 703 codiee
1276 632 1388 697 Barbe-

340 744 442 832 gensi,
466 744 642 807 innumeris
666 742 809 807 Goelleri
834 742 966 829 eiusque
989 740 1068 806 socii
1099 738 1287 805 error-ihm
1306 736 1391 821 ubqa

341 846 499 924 indicatis,
526 846 696 933 diligenter
720 845 858 923 enotavi,
883 866 988 931 neque
1014 842 1162 930 potiora
1192 862 1320 915 eorsum
1339 861 1390 924 qm

341 947 383 1013 ad
411 963 551 1013 veterem
583 948 840 1035 orthographiam
876 948 1085 1033 pertinerent,
1126 942 1326 1010 omittendo
1351 964 1392 1005 a

342 1050 509 1116 arbitratus
529 1073 610 1115 sum.
656 1049 749 1116 Haec
770 1052 857 1116 enim
877 1050 1046 1115 Goellerus
1063 1072 1237 1137 quoque,
1257 1048 1311 1111 cui
1328 1044 1392 1108 bh

341 1152 403 1219 bac
422 1153 457 1218 in
473 1176 508 1219 re
527 1152 680 1241 derogare
699 1154 857 1232 nolebam,
873 1154 1045 1217 maximam
1065 1167 1219 1240 partem
1235 1149 1393 1235 exsignrt

343 1269 376 1322 et
395 1271 551 1345 quantum
573 1258 614 1323 ad
635 1259 861 1323 accuratiorem
884 1256 960 1321 artis
982 1256 1239 1343 grammaticae
1261 1252 1392 1317 scientim

342 1360 475 1439 intersit,
501 1360 580 1426 boec
605 1360 744 1447 talisque
770 1382 812 1425 ex
837 1359 1000 1425 codicibus
1025 1359 1174 1446 optimis
1204 1368 1246 1423 et
1271 1354 1392 1440 ntiqui·

342 1463 429 1529 simis
450 1486 650 1551 cognoscere,
676 1462 764 1529 Guil.
785 1461 965 1529 Freundius
985 1462 1020 1527 in
1042 1484 1163 1540 aureo,
1192 1480 1304 1548 quem
1321 1476 1393 1543 nuper

342 1565 384 1632 de
401 1564 567 1631 Ciceronis
588 1566 728 1631 oratione
751 1586 810 1652 pro
831 1564 954 1630 Milone
978 1564 1092 1641 edidit,
1109 1564 1278 1629 libello”
1294 1580 1391 1649 effi!

341 1667 459 1733 docuit.
506 1668 617 1754 Atque
649 1667 684 1733 in
713 1668 872 1733 tricesimo
903 1666 994 1733 tertio
1022 1666 1168 1753 quidem
1205 1666 1301 1731 Livii
1327 1664 1391 1735 trba

342 1792 439 1857 quern
462 1768 503 1834 ad
527 1768 644 1834 codicis
668 1768 911 1857 Bambergeusis
930 1783 964 1835 et
985 1769 1177 1835 editionum
1206 1770 1389 1857 antiqmruu

342 1871 450 1948 fidem,
474 1871 582 1937 denuo
607 1874 815 1961 recognitum,
838 1875 1010 1963 scriptume
1034 1873 1238 1941 diversitate
1266 1870 1389 1938 edimus

342 1973 663 2041 Drakenborchianae
674 1976 806 2056 adiecto,
816 1978 976 2065 superiore
988 1999 1073 2043 anno
1084 1978 1274 2065 separatim
1284 1973 1386 2048 edidit,

342 2076 376 2141 id
391 2078 588 2164 potissimum
603 2079 683 2143 mibi
697 2080 856 2168 agendum
872 2102 939 2145 esse
954 2080 1147 2159 existimavi,
1167 2096 1295 2147 utnon
1309 2076 1386 2142 solos

342 2200 383 2243 ex
394 2178 515 2259 codice,
527 2204 592 2267 quo
606 2182 826 2269 perfectiorem
840 2184 910 2248 eius
924 2183 1098 2270 imaginem
1114 2198 1383 2272 repr-mentam

341 2279 519 2347 sedetiam
548 2304 590 2348 ex
619 2283 813 2351 editionibus
841 2286 988 2373 antiquis,
1015 2284 1050 2351 id
1078 2288 1176 2373 quod
1203 2286 1382 2352 Waltbernrr

343 2410 472 2476 quoque
505 2387 540 2452 in
569 2386 683 2454 Tacito
715 2387 843 2455 edendo
874 2388 983 2454 fecisse
1016 2403 1156 2468 constat,
1192 2388 1380 2457 minutiem

340 2687 473 2736 gewonnen
500 2675 596 2723 werden
609 2673 724 2722 l—Nur
751 2672 850 2724 Combi·
882 2672 961 2736 haupt
969 2672 1012 2721 der
1021 2670 1137 2720 Kritiker
1145 2674 1210 2722 dem
1219 2671 1379 2724 Gora-bem

341 2737 425 2786 nation
441 2753 538 2802 vermeg
554 2738 618 2786 noch
629 2737 803 2788 Bedeuterrdes
819 2753 849 2786 ru
881 2737 932 2796 der,
957 2735 1051 2785 iemebr
1077 2751 1104 2786 er
1132 2739 1310 2802 goldbaltigm
1330 2733 1377 2784 ht

342 2801 445 2850 leisten:
469 2802 536 2851 dieas
557 2805 615 2850 aber
632 2801 710 2851 findet
728 2801 804 2850 allein
823 2801 849 2850 in
881 2799 980 2859 wtscht,
991 2815 1033 2848 um
1051 2815 1078 2848 so
1093 2800 1194 2852 tiehrer
1212 2805 1263 2852 auf
1278 2802 1376 2851 suffla

341 2863 390 2914 den
409 2865 607 2929 Abveichungen
626 2865 669 2914 der
688 2865 849 2914 Handschris-
880 2865 986 2913 rechnen
1006 2864 1077 2923 darf3
1099 2863 1162 2913 liisst
1187 2867 1269 2926 auch,
1286 2866 1318 2916 im
1335 2863 1377 2910 le

341 2934 384 2976 ten
403 2928 442 2976 ihr
461 2929 523 2977 Feld
545 2932 596 2978 und
614 2929 683 2978 ihren
702 2929 849 2992 Spielroum.
881 2929 961 2994 gleich
977 2929 1020 2977 des
1034 2929 1114 2977 rielen
1128 2929 1256 2990 Ger-illes,
1266 2947 1311 2981 nur
1322 2925 1375 2988 m}

342 2991 415 3041 Aucb
432 2991 523 3041 fordert
540 2993 711 3042 insbesondere
727 2994 771 3042 der
788 2993 850 3043 Um·
884 2993 1012 3042 Goldstoff
1018 2993 1069 3044 sich
1082 2995 1272 3044 sumondemJ'

341 3057 413 3104 stand
439 3057 490 3116 eus,
511 3057 551 3106 bei
574 3057 738 3107 collationem
766 3064 850 3121 getreu
916 3073 947 3118 24
964 3057 1004 3106 lta
1015 3058 1148 3120 inscripto:
1162 3057 1376 3109 “Mfruffiit'te

341 3119 391 3168 alle
407 3119 640 3170 handschriftlicben
653 3121 850 3184 Abweichungen
881 3122 947 3170 ronis
966 3121 1051 3170 Oratio
1074 3137 1118 3183 pro
1140 3121 1173 3172 T.
1184 3124 1277 3173 Annio
1299 3123 1375 3173 Milmt

341 3187 489 3246 anzugeben,
505 3187 562 3234 dass
579 3186 619 3235 bei
636 3187 850 3249 neugebreucbten
882 3187 922 3234 Ad
947 3185 1036 3234 codicis
1061 3187 1120 3234 olim
1145 3186 1313 3248 Erfurtensis,
1330 3197 1375 3232 ern<

342 3247 555 3312 Vergleichungen
582 3251 625 3298 der
653 3250 779 3298 Verdaebt
807 3249 850 3300 der
882 3249 1049 3299 Berolinensis
1065 3251 1198 3312 exemplar
1217 3251 1377 3316 lithognphio

343 3311 551 3376 Ungenouigkeit,
565 3313 620 3362 sind
637 3313 677 3361 die
688 3313 848 3362 Abweichun-
881 3329 954 3376 opere
969 3328 1042 3375 quam
1059 3315 1249 3366 accuratissime
1263 3317 1375 3366 describer-

339 3391 387 3439 gen
420 3378 563 3440 (besonders
596 3377 776 3440 Wortstellung
807 3379 848 3428 be·
881 3379 938 3426 dam
950 3378 1052 3436 curarit,
1060 3378 1268 3429 annotationibus
1276 3382 1375 3441 natan

340 3440 456 3504 treffend)
468 3441 537 3489 nicht
546 3441 692 3503 vollstttndig
699 3443 848 3504 eugegebem
880 3441 959 3503 phicis
970 3448 994 3490 et
1006 3442 1095 3491 criticis
1105 3451 1182 3504 atque
1190 3446 1376 3507 compendium

339 3504 388 3554 test
404 3505 598 3553 unrermeidlich
616 3505 667 3564 ἱεὶς
691 3505 769 3553 dieser
787 3505 848 3554 Ver-
880 3506 960 3554 indice
987 3505 1155 3568 copiosissimo
1183 3507 1307 3558 instruxit
1327 3507 1373 3557 Gttl

340 3569 415 3618 dacbt
441 3570 500 3618 aber
526 3583 594 3617 muss
625 3568 781 3630 nothrrendig
808 3570 848 3619 dis
881 3569 1025 3618 Freundius
1039 3569 1321 3634 Vretislarise,1838.”

339 3632 477 3682 steherheu
505 3633 548 3681 des
574 3632 708 3681 kritischen
739 3633 848 3682 Urtlreile
915 3645 943 3695 25
962 3633 1020 3682 Hoc
1030 3633 1104 3682 titulo
1116 3635 1247 3696 praefixo:
1265 3638 1322 3686 ι·Τ.
1331 3633 1374 3687 Liri

339 3697 413 3746 selbot
445 3696 703 3747 cetetonem-Die
729 3697 849 3762 geringste
880 3697 912 3746 ab
922 3699 982 3746 urbe
993 3699 1093 3746 condita
1104 3699 1179 3748 Liber
1191 3701 1374 3750 triceeimnste*

340 3758 565 3824 Wortumstellung
581 3762 613 3808 ist
631 3761 695 3808 beim
713 3761 846 3810 kritiscbcn
879 3761 935 3811 tius.
970 3764 1009 3811 Ad
1034 3763 1126 3811 codicis
1148 3762 1372 3828 Bembergensisst

341 3819 441 3871 Urtheil
464 3824 528 3872 wohl
554 3840 583 3872 zu
607 3825 744 3873 beocbten:
773 3824 848 3874 theils
879 3825 1015 3874 editionum
1035 3827 1193 3888 antiquarum
1211 3829 1289 3877 fidem
1312 3831 1372 3878 dau

339 3888 393 3935 weil
414 3888 504 3949 gerade
525 3887 604 3935 hierin
630 3888 672 3936 die
704 3889 848 3937 Absorieber
880 3889 956 3938 edidit
970 3895 995 3939 et
1012 3891 1146 3952 scripturae
1157 3891 1324 3942 diversitatem
1339 3893 1372 3942 edi·

338 3965 378 4000 am
404 3951 510 4001 miesten
536 3951 658 4013 siindigin,
691 3953 766 4000 theils
792 3953 846 4002 weil
878 3953 952 4001 tionis
971 3954 1221 4004 Drakenborcbisnae
1241 3957 1331 4005 adiedt
1348 3957 1371 4006 la

338 4014 429 4064 seither
471 4015 512 4064 die
557 4015 641 4064 Kritilr
693 4016 777 4065 diesen
820 4033 846 4065 so
879 4017 992 4080 Tbeoph.
1017 4017 1140 4080 Kreyssig.
1161 4019 1284 4078 Misenae,
1302 4023 1371 4082 1835.n

337 4076 465 4140 wichtigen
488 4078 648 4142 Gegenstand
670 4095 716 4127 nur
740 4095 769 4128 zu
791 4081 847 4129 sehr
880 4081 911 4128 ln
936 4083 1081 4146 Scripturas
1107 4085 1251 4133 diwsiutc
1276 4087 1371 4134 ditioni

338 4153 420 4185 eumer
430 4143 517 4202 Augen
529 4142 593 4190 lisss.
622 4142 846 4193 IedeTextebrrei-
877 4146 1137 4206 Drolreodoroltiorroe,
1154 4161 1178 4210 p.
1198 4149 1326 4208 40.1.4t
1338 4165 1370 4197 srr.

1420 3701 1424 3751 p

1418 3758 1425 4061 l

1419 4096 1423 4112 f

1418 4124 1420 4178 l

337 4199 437 4317 &ephi
448 4203 523 4249 bevor
544 4205 579 4251 sie
600 4203 728 4264 griindlicb
749 4206 846 4268 gepriilt
877 4209 1040 4270 M'.Acilius,
1055 4215 1081 4258 et
1097 4225 1122 4272 p.
1138 4225 1177 4270 4¹·
1195 4211 1217 4260 1.
1231 4222 1253 4272 7.
1268 4227 1310 4262 scr.
1342 4215 1369 4264 Ol
1420 4222 1421 4235 ¹

437 4262 465 4308 bt
480 4263 654 4326 mentia-ns
669 4268 760 4327 gleicbt
777 4269 845 4318 iiber·
877 4271 922 4320 has
930 4287 968 4321 res
977 4275 1070 4335 gestas]
1089 4275 1127 4323 ot
1137 4291 1179 4323 m
1190 4291 1229 4324 rea
1237 4283 1323 4338 pestes.
