2934 4800
396 135 460 196 284
589 121 703 193 ΤΙΤῙ
733 123 869 193 LIVII
901 122 1273 192 FRAGMENTA..

720 439 739 475 ¹
755 441 814 506 En
830 442 886 506 lib.
904 439 1112 505 CXXXIII.

440 607 552 673 Livius
573 608 679 684 refert,
698 606 912 694 Cleopatram,
930 628 1030 693 quum
1055 605 1094 670 ab
1111 606 1275 692 Augusto
1297 603 1416 688 capsu-

395 693 580 783 dulgentiua
601 692 643 758 de
667 692 824 758 industria
847 705 1042 769 tractaretur,
1065 691 1175 756 dicere
1199 689 1352 754 solitam:
1373 688 1417 751 ll'e

396 783 629 931 gemmulam.
648 782 887 846 Commentator
904 781 1042 866 Cruquii
1062 781 1110 843 ad
1122 778 1259 842 Horat.
1278 777 1340 840 oa.
1354 776 1417 838 Ill.

749 1209 808 1274 Ex
824 1209 880 1274 lib.
896 1207 1095 1274 CXXXVI.

442 1375 568 1440 Eodem
590 1397 676 1440 anno
697 1372 792 1440 ludos
812 1373 987 1440 saemrlares
1008 1375 1127 1440 Caesar
1148 1371 1283 1461 ingenti
1306 1383 1419 1466 apparat

398 1462 494 1538 lecit3
528 1483 609 1548 quos
636 1460 812 1527 centesimo
837 1483 966 1548 quoque
995 1483 1080 1525 auno
1125 1460 1154 1525 is
1182 1459 1278 1525 enim
1306 1473 1420 1522 ternuc

398 1547 532 1633 saeculi)
554 1547 625 1612 fieri
647 1569 724 1612 moa.
774 1549 939 1614 Censorio.
957 1550 998 1612 de
1012 1549 1082 1613 Die
1132 1557 1180 1613 at.
1200 1571 1280 1634 cap.
1301 1546 1349 1611 17.
1387 1541 1417 1622 Q'.

399 1636 598 1700 Freinahm
612 1635 777 1720 Supplcm.
789 1657 864 1722 cap.
875 1637 929 1697 46.

398 2063 423 2127 Ι
443 1974 504 2040 Vir
525 1974 646 2062 ingenii
670 1974 779 2060 magni
802 1973 911 2062 magis,
927 1995 1023 2060 quam
1047 1974 1133 2040 boni.
1181 1975 1310 2040 Seneca
1331 1975 1365 2036 de
1380 1970 1415 2034 lu

444 2146 610 2223 Profiteor,
622 2146 730 2210 mirari
740 2169 802 2224 me,
814 2145 854 2211 Τ.
866 2145 1005 2223 Livium,
1018 2159 1181 2212 auctorem
1195 2144 1414 2212 celeberrimus

398 2233 434 2297 in
449 2230 663 2296 Historiarum
677 2255 815 2310 suarum,
831 2231 910 2320 quas
929 2233 1044 2319 repetit
1063 2234 1103 2298 ab
1117 2233 1244 2322 origine
1259 2230 1415 2312 urbisque

399 2319 474 2384 dam
488 2317 649 2383 volumine
670 2319 716 2383 sic
736 2340 903 2384 exorsum:
940 2317 1023 2384 Satis
1045 2318 1109 2383 iam
1130 2321 1191 2386 eibi
1212 2319 1331 2407 gloriae
1348 2331 1413 2401 qtttb

399 2407 507 2485 situm,
521 2417 555 2471 et
612 2405 708 2471 arisae
722 2428 756 2471 ee
771 2406 925 2484 desinere,
941 2406 975 2469 ni
990 2406 1114 2499 animus
1129 2407 1258 2495 inquies
1271 2412 1413 2494 pasceretur

400 2494 972 2679 ‘’perfinivirlrf'll'riipiliililillli
984 2492 1266 2666 lillllllli'ee
1282 2566 1411 2675 omui}

400 2663 609 2740 tradidenrnt,
624 2664 680 2729 ubi
702 2685 817 2741 miuus,
832 2676 955 2752 septem
976 2663 1076 2730 millia
1096 2684 1268 2751 passuum
1296 2662 1346 2727 ubi
1363 2674 1408 2720 tert

398 2749 582 2899 ppmmpm,
612 2750 725 2815 decem
754 2748 861 2815 millia.
907 2752 1036 2817 Plistica
1058 2752 1093 2817 in
1116 2752 1273 2838 Proesot.
1298 2748 1348 2815 tit.
1364 2738 1409 2808 Ill.

438 2837 493 2899 iat.
541 2846 587 2901 ot.

443 2920 619 3007 Completis
631 2920 822 2987 consulibua
869 2924 959 2987 Seru.
973 2924 1020 2988 ad
1038 2922 1157 3009 Vergit.
1175 2922 1302 3011 Geor-g.
1314 2914 1399 2985 IIII-

444 3002 552 3071 Verba
565 3020 649 3085 sont,
661 3021 698 3072 ut
711 3007 865 3073 habemus
879 3008 913 3072 in
925 3006 1027 3085 Livio,
1040 3008 1239 3095 imperatoris
1254 3003 1410 3088 traust'ugttn

398 3092 582 3180 recipientis
604 3093 637 3159 in
663 3094 781 3159 fidem:
817 3094 973 3180 Quisquis
994 3117 1040 3173 ee,
1058 3104 1169 3159 noster
1187 3096 1264 3161 eris.
1290 3083 1408 3159 Sera-tl

406 3180 522 3267 virgil.
536 3182 618 3246 Aen.
634 3182 686 3245 II.
703 3185 775 3245 148.

442 3263 669 3353 Imperatorem
692 3288 745 3331 me
772 3279 872 3331 mater
899 3288 980 3343 mea,
1008 3288 1073 3330 non
1098 3264 1287 3331 bellatorem
1312 3260 1405 3355 peperit

399 3352 477 3418 Hoc
493 3353 658 3437 Scipionis
673 3355 850 3418 dictamen
861 3354 958 3418 Livio
973 3354 1094 3439 afferre
1108 3354 1237 3417 videtur
1254 3351 1407 3418 Gailielott

400 3436 702 3503 Malmesburiensie
715 3438 797 3505 Rer.
807 3439 907 3526 Angl.
921 3439 976 3504 lib.
989 3438 1039 3503 II.
1051 3462 1089 3525 p.
1104 3442 1175 3502 162.
1314 3502 1319 3511 .

442 3521 507 3588 Dic
528 3523 617 3601 mihi,
632 3546 733 3610 quum
753 3546 846 3611 saepe
868 3546 1000 3589 numero
1018 3524 1052 3587 iu
1070 3523 1224 3589 Romanis
1242 3522 1368 3589 historiis
1380 3515 1406 3579 lt·
1440 3510 1441 3531 ¹

397 3622 500 3694 gatar,
522 3608 615 3675 Livio
634 3622 773 3688 auctore,
793 3610 974 3697 saepissime
999 3610 1033 3674 in
1056 3609 1116 3675 hac
1140 3611 1217 3675 urbe
1242 3625 1348 3675 exorta
1363 3622 1407 3692 pfl'r
1439 3642 1441 3693 p

400 3691 524 3759 tilentia
546 3695 672 3761 infinita
694 3695 860 3761 hominum
880 3694 980 3761 millia
998 3695 1038 3760 de
1081 3697 1179 3773 riisse,
1200 3708 1297 3782 atque
1320 3719 1354 3761 co
1369 3689 1405 3753 lu-

397 3783 902 3883 quenterventum,utvixesset‚
912 3781 1020 3847 undei
1057 3782 1239 3848 sbellicosis
1249 3798 1314 3847 tem
1352 3776 1406 3872 up
1440 3841 1441 3862 ,

397 3878 731 4018 ttttt‘ttt’tltttt
749 3867 1031 4020 ”ilbllllnti'l
1044 3890 1104 4020 ..ἷέ
1118 3868 1180 4019 ‘lt'
1201 3868 1404 4047 {lilioli
1440 3916 1441 3937 ¹

420 4037 569 4135 roderet?
613 4036 674 4103 Illo
699 4052 842 4125 tempore
868 4040 1058 4128 Lupercalia
1085 4064 1150 4107 non
1180 4040 1401 4107 celebrabantur!

432 4141 469 4181 ec
488 4143 573 4184 emm
594 4122 736 4188 dicturus
755 4148 799 4202 es,
815 4126 894 4191 haec
913 4150 1001 4191 sacra
1020 4128 1125 4192 adhuc
1145 4127 1200 4192 illo
1215 4144 1278 4191 tem
1322 4150 1350 4191 re
1364 4138 1401 4187 not

396 4204 546 4289 coepisse,
562 4228 643 4288 quae
664 4223 738 4272 ente
757 4210 932 4277 Romulum
954 4214 993 4279 ab
1011 4212 1160 4279 Evandro
1180 4214 1212 4279 iu
1230 4151 1349 4280 [callim
1360 4227 1402 4298 pet·
