2934 4800
368 201 433 266 224
759 194 872 262 ΤΙΤΙ
902 194 1038 263 LIVII

210 351 249 404 11.
259 349 290 402 c.
305 331 494 415 583.‘medis
515 330 826 399 commendationem
850 333 1002 420 accipere.
1052 333 1183 409 Quanta
1202 355 1284 398 cura
1309 354 1401 418 regim

211 417 244 468 Α·
260 415 291 468 ⁰·
308 414 565 486 ¹⁶⁷·‘amicorum
586 418 702 484 liberos
724 429 850 484 tueatur
871 419 1008 506 populus
1029 419 1201 498 Romanus,
1219 420 1401 484 documento

371 506 611 572 ‘Ptolemaeum
639 506 781 594 Aegypti
807 529 915 594 regem
940 507 1028 572 esse’
1072 507 1158 572 Cum
1181 506 1239 571 hoc
1269 529 1402 592 responsi

370 592 498 658 Prusias
515 605 564 658 est
577 591 733 657 dimissus.
779 591 918 658 Munera
936 591 967 657 ei
984 615 1025 658 ex
1040 593 1058 628 ⁴*
1074 592 1218 658 sestertiis
1234 593 1331 656 iussa
1344 591 1414 654 dari·

370 692 565 745 etvasorum
592 693 816 780 argenteorum
844 678 953 767 pondo
982 679 1060 767 quin
1085 679 1219 780 ueginta
1283 677 1330 743 Et
1356 677 1403 740 filis

370 766 454 854 regis
468 765 642 832 Nicomedi
660 787 701 830 ex
723 788 763 831 ea
780 787 905 830 summa
922 787 1055 831 munera
1160 777 1366 839 censuerunt,
1378 785 1405 826 er

371 876 437 940 qua
459 852 631 940 Masgabae
654 851 722 917 filio
748 852 830 939 regis
854 851 1041 918 Masinissae
1066 852 1143 917 data
1167 865 1295 917 essent:
1328 864 1360 914 et
1381 871 1403 912 u

371 939 519 1004 victimae
548 938 684 1090 elinque,
714 961 796 1025 quse
830 939 872 1003 ad
905 939 1092 1004 sscrfficinm
1126 939 1338 1026 pertinerent,
1364 959 1406 999 set

372 1025 506 1103 Romae,
530 1047 587 1090 seu
641 1037 785 1090 raeneste
807 1025 971 1091 immolare
996 1025 1101 1104 vellet,
1125 1025 1193 1114 regi
1212 1047 1257 1089 ex
1282 1023 1403 1112 publicu

371 1111 454 1176 sicut
467 1112 701 1199 magistratibus
716 1111 880 1190 Romanis,
916 1114 1139 1177 rseberentur:
1155 1125 1189 1176 et
1201 1125 1235 1176 ut
1253 1133 1302 1175 ex
1316 1110 1404 1182 clm,

371 1220 454 1286 quae
478 1197 643 1263 Brundisii
665 1211 757 1276 esset,
781 1221 878 1262 naves
893 1135 1016 1286 longae
1039 1198 1152 1284 viginti
1175 1198 1402 1284 assignarentur,

372 1285 489 1371 quibua
512 1295 664 1361 uteretur,
690 1284 795 1350 donec
824 1284 865 1348 ad
894 1285 1036 1362 classem,
1058 1284 1145 1350 dono
1170 1285 1281 1349 datam
1303 1284 1345 1358 ei,
1364 1303 1416 1348 reri

371 1371 575 1458 pervenisset.
629 1370 668 1435 1.
682 1369 854 1436 Cornelius
882 1370 989 1458 Scipio
1017 1393 1059 1436 ne
1089 1372 1130 1436 ab
1158 1393 1197 1436 eo
1225 1369 1402 1438 abscederet

371 1463 598 1545 sumptumque
627 1457 689 1544 ipsi
716 1469 751 1521 et
775 1457 945 1523 comitibus
994 1458 1147 1536 raeberet,
1173 1457 1278 1522 donec
1309 1475 1403 1520 narem

372 1544 614 1609 conscendisset
660 1542 747 1608 Mire
769 1543 887 1608 laetum
910 1566 949 1610 ea
969 1480 1166 1630 benignitate
1189 1545 1224 1608 in
1248 1567 1286 1608 se
1313 1539 1416 1629 populi

373 1629 513 1695 Romani
534 1651 643 1718 regem
663 1629 769 1707 fuisse,
791 1630 918 1696 ferunt:
950 1651 1084 1695 munere
1104 1631 1165 1694 sibi
1185 1630 1247 1717 ipsi
1267 1629 1335 1694 emi
1352 1649 1411 1690 nou}

373 1715 474 1792 sisse3
509 1717 611 1782 filium
644 1716 769 1781 iussisse
798 1716 920 1782 donum
952 1715 1063 1805 populi
1093 1715 1234 1782 Romani
1266 1717 1400 1800 accipere

217 1799 467 1874 erasmi-Haec
493 1801 535 1866 de
557 1801 671 1867 Prusia
689 1803 791 1868 nostri
811 1803 987 1890 scriptores.
1033 1802 1197 1890 Polybius,
1216 1825 1291 1867 eum
1314 1821 1410 1886 regem

211 1887 278 1938 tius
373 1887 542 1976 indignum
557 1889 719 1954 maiestate
734 1890 874 1954 nominis
891 1889 981 1965 tanti,
997 1889 1114 1966 trudit3
1137 1889 1304 1977 pileatum,
1320 1909 1354 1952 cs
1371 1886 1413 1952 'tei

373 1996 453 2053 raso,
468 1975 594 2040 obviam
607 1975 653 2040 ire
667 1975 780 2063 legatis
795 1975 932 2052 solitum,
947 1975 1160 2063 libertumque
1178 1997 1212 2040 se
1227 1975 1338 2063 populi
1403 1999 1410 2034 t

372 2062 461 2126 mani
478 2061 580 2140 ferre3
604 2075 637 2127 et
656 2062 730 2127 ideo
749 2062 886 2150 insignia
905 2061 1025 2126 ordinis
1044 2061 1112 2126 eius
1131 2083 1252 2149 gerere.
1300 2061 1399 2125 Romae

372 2143 1399 2322 ttffiut‘tttittfittitttttiittfltttl

372 2319 555 2409 appellasse,
570 2320 728 2422 aliamque
744 2322 929 2399 cretionem,
945 2344 1011 2386 non
1030 2333 1094 2386 tam
1108 2321 1318 2387 honorificam
1331 2316 1399 2384 aridi

372 2407 509 2486 entibus,
535 2430 633 2495 quam
660 2410 722 2473 sibi
750 2409 935 2486 deformem,
961 2409 1116 2475 habuisse.
1163 2408 1311 2474 Moratus
1335 2406 1421 2485 cirus}

372 2496 484 2560 urbem
499 2495 628 2583 triginta
640 2494 729 2559 haud
743 2496 879 2583 amplius
893 2495 962 2561 dies
981 2496 1015 2560 in
1036 2518 1171 2583 regnum
1188 2509 1238 2561 est
1252 2494 1421 2583 protecter

372 2593 542 2671 actumque
557 2583 592 2647 in
607 2581 687 2648 Asia
699 2582 820 2647 bellum
835 2583 853 2619 ⁴*
869 2582 887 2617 ⁴
902 2582 928 2645 *.

406 2786 481 2847 7Es·
495 2786 510 2813 ⁴*
525 2786 653 2845 sestertiis]
675 2784 777 2833 Excidit
796 2799 879 2833 nume·
913 2789 983 2833 entur
1002 2784 1128 2833 Dulrerus.
1168 2784 1288 2835 Ceterum
1309 2778 1393 2831 haud
1420 2778 1421 2833 l

372 2848 596 2898 rossemrtiorum.
913 2847 1000 2911 legatis
1018 2849 1078 2897 olim
1097 2846 1184 2907 mimis,
1201 2864 1252 2897 non
1270 2851 1301 2898 de
1315 2862 1341 2895 eo
1353 2850 1394 2891 tw
1420 2850 1421 2915 l

405 2912 421 2961 8
436 2914 480 2961 Ad
488 2914 587 2962 mrtem
597 2913 659 2961 dorso
669 2914 754 2961 dutum
764 2915 800 2974 σι’]
824 2912 881 2961 Dis-
913 2926 972 2975 pore
980 2928 1029 2975 quo
1038 2912 1137 2961 Prusias
1148 2913 1257 2961 Romam
1267 2911 1338 2966 veuit,
1347 2905 1396 2956 inul·
1420 2920 1421 2955 1

373 2974 452 3023 cimus
462 2990 494 3024 ex
503 2976 551 3023 hoc
561 2976 625 3034 loco,
635 2976 656 3023 si
666 2977 741 3025 modo
752 2992 825 3026 senus
836 2982 881 3037 est,
913 2976 1011 3039 ligenda
1025 2992 1077 3025 esse
1092 2982 1175 3025 censet
1189 2976 1332 3033 Crevierius,
1340 2982 1393 3034 quffl

373 3039 457 3087 dstsm
475 3054 528 3088 esse
544 3054 560 3087 o
576 3039 697 3088 Romanis
713 3040 814 3089 Prusiae
832 3040 882 3103 regi
915 3040 944 3089 1..
953 3040 1082 3090 Comelius
1092 3040 1175 3103 Scipio
1186 3047 1302 3102 quaestor
1314 3039 1341 3087 sd
1354 3036 1394 3083 Pur

373 3103 485 3164 cimus,
495 3118 527 3153 ex
542 3103 646 3153 naribus
660 3104 777 3155 nimirum
793 3106 882 3155 Perseo
913 3104 975 3153 siam
992 3106 1099 3155 Romam
1115 3104 1256 3155 venientem
1270 3105 1350 3155 mium
1361 3100 1395 3147 tue
1420 3153 1421 3211 q

373 3166 472 3230 ereptis.
913 3174 959 3218 ret
1420 3216 1421 3223 ,

406 3245 422 3295 9
439 3232 629 3292 Gomoordisret]
659 3232 759 3296 Nempe
776 3232 881 3283 Prusias
950 3234 1123 3295 sPrqr'eotus]
1155 3232 1313 3291 Lambeoius,
1329 3228 1394 3303 cingit

374 3293 546 3348 Gmnorisnae
569 3296 689 3347 editiones
714 3298 808 3346 habent
828 3314 882 3347 oon·
915 3294 1035 3357 Hoatnio,
1051 3299 1162 3346 observet
1181 3296 1208 3345 in
1225 3293 1394 3347 Bistonis

373 3360 633 3422 manumortis
654 3361 749 3423 primae
769 3360 882 3411 editionis
914 3360 1002 3411 doben.
1014 3360 1039 3411 ii.
1051 3376 1075 3425 p.
1087 3372 1142 3426 947.
1160 3366 1216 3423 post
1231 3376 1315 3411 rocem
1326 3357 1393 3421 mitt
1420 3350 1421 3375 ¹

374 3423 457 3473 fidem.
915 3432 955 3474 tur
970 3426 1039 3499 sequi
1057 3425 1083 3475 in
1097 3425 1170 3474 unico
1184 3425 1393 3491 exemplarium!

410 3504 420 3536 r
438 3490 496 3537 Emi
507 3489 637 3554 mouisse]
656 3490 697 3539 ita
708 3505 805 3553 quoque
816 3488 881 3539 Bek-
962 3490 1089 3551 ,aliosque
1104 3489 1177 3538 etiam
1194 3490 1258 3538 dnos
1269 3503 1343 3539 rerem
1354 3484 1393 3530 olo
1420 3544 1421 3561 χ

374 3552 448 3602 kerris
463 3554 571 3616 reposuit
587 3568 631 3615 pro
649 3555 712 3617 vulg.
729 3556 821 3612 misse,
838 3568 882 3616 pro
943 3553 995 3613 sse,
1010 3553 1052 3615 qui
1068 3568 1134 3602 nunc
1151 3568 1250 3616 proruis
1265 3556 1392 3619 ermuini!-
1420 3564 1421 3595 ;

374 3631 424 3679 quo
451 3617 590 3667 Gronovius
614 3620 726 3669 renuisse
751 3618 882 3681 legendum
914 3632 960 3667 nec
978 3618 1031 3667 ulla
1049 3618 1143 3667 ratione
1162 3634 1194 3667 ex
1212 3632 1300 3668 eorum
1318 3622 1393 3673 redigis

374 3682 435 3729 vult
914 3681 974 3731 certi
984 3681 1118 3743 quidquem
1129 3697 1200 3743 posse
1211 3682 1302 3744 colligi.
1328 3678 1393 3727 Totum

410 3758 425 3791 a
443 3746 574 3807 Polybius]
604 3746 635 3796 cf.
654 3747 741 3810 Polyb.
761 3762 822 3795 xxx.
845 3745 881 3796 16.
914 3746 1020 3808 denique
1036 3745 1099 3795 illud
1110 3747 1226 3795 volumen
1241 3745 1322 3796 claudi
1335 3744 1391 3790 mord

374 3806 482 3869 Appiae.
494 3809 633 3860 Mithridat.
644 3827 669 3873 p.
683 3823 736 3873 ¹7²·
914 3810 1090 3872 subscriptione
1111 3810 1166 3869 hec,
1185 3824 1250 3873 quse
1270 3812 1302 3859 ob
1319 3811 1392 3857 retr-⁸¹⁸·

407 3872 570 3944 3uPs'laotum,
580 3877 660 3936 copies
670 3877 738 3936 roso]
752 3874 881 3937 Tanquam
915 3878 964 3923 tem
976 3889 1040 3937 poue
1051 3874 1136 3925 oculos
1145 3874 1222 3937 ugit:

374 3939 491 3984 servituto
506 3942 657 3999 exemptum.
679 3940 709 3990 ct
721 3954 787 4003 supr.
798 3938 881 3989 xxxiv.
1110 3952 1160 3987 rrrr
1173 3952 1227 3986 nrvr

375 4011 415 4061 52.
1055 4017 1088 4051 ss
1100 4016 1167 4051 rurs
1177 4014 1288 4051 oosurrs

407 4081 420 4124 ⁴
439 4065 589 4115 Oboioms‘re
599 4066 803 4128 lepatissols'tum]
831 4066 881 4116 Vo
1073 4080 1123 4117 urs.
1135 4080 1196 4116 xm.
1207 4080 1268 4117 exe.

374 4140 429 4177 cern
438 4130 535 4181 solium
548 4144 594 4193 pro
608 4130 658 4181 alis
672 4130 795 4195 irrepsisse
805 4130 881 4195 suspi·
997 4144 1046 4182 mc.
1058 4144 1108 4183 sta.
1119 4144 1190 4181 uri.
1202 4144 1338 4181 rerrcrrsn
1420 4138 1421 4143 ’
