2934 4800
311 72 372 133 184
698 64 813 135 ΤΙΤΙ
840 65 977 132 LIVII

155 218 230 269 ttc.
247 221 344 283 584.oe
369 202 652 280 consideraturum,
676 201 827 267 adhibitis
848 202 967 279 amicis,
990 199 1071 288 quid
1092 197 1367 294 faciendumlnli
1424 229 1425 278 r

154 283 403 409 &gfff-esset,
414 288 563 388 dixissen
588 287 753 375 Popillius,
765 311 823 388 pro
838 301 943 389 cetera
957 287 1126 388 asperitate
1141 284 1277 409 animi‘,
1287 294 1383 383 suffit
1424 293 1425 368 l

155 411 297 525 turs
314 375 1000 548 lqilmmail'iiiilibiicilhullillll
1015 395 1145 524 ‹mri'ill
1177 395 1239 448 ‘⁰'
1280 369 1371 554 Pl*

157 553 247 601 regem
316 547 460 648 ‘senatui
478 546 565 635 quod
584 545 738 612 referam!
784 545 1033 646 obstupefactus
1053 543 1309 660 Qsidfm‘l
1328 564 1375 604 un-

314 631 1098 806 ttttttt‘ttltltttttblffittt
1112 627 1376 812 ttsslttttl

315 819 468 892 tanquam
489 805 575 870 socio
596 818 692 892 atque
715 804 828 882 amico,
848 805 996 904 porrexit.
1044 803 1108 868 Dic
1130 802 1275 868 deinde
1299 801 1377 864 fimu

314 914 416 978 quum
424 892 607 957 excessisset
617 891 768 979 Aegypto
779 889 1078 976 Anuochmlegati,
1088 886 1378 954 concordiaetian

314 978 501 1042 auctoritate
529 1001 587 1042 sua
615 977 699 1043 inter
722 977 833 1042 hahes
858 977 991 1054 firmata,
1014 976 1100 1041 inter
1122 997 1217 1061 quos
1249 973 1377 1038 vixdum

314 1077 506 1129 convenerat
525 1085 598 1150 pax,
616 1062 762 1151 Cyprum
784 1062 951 1149 navigant:
976 1074 1010 1127 et
1024 1061 1111 1138 inde,
1151 1083 1223 1126 uae
1252 1061 1321 1124 iarn
1340 1059 1392 1122 vt:

315 1164 402 1215 cerat
422 1149 543 1237 proelio
558 1150 734 1237 Aegyptias
749 1171 854 1226 nerea,
868 1148 999 1214 classem
1014 1083 1170 1212 Antiochi
1189 1147 1376 1212 dimittunt

318 1235 414 1301 Clara
427 1259 467 1300 ea
479 1259 538 1323 per
550 1234 687 1323 gentesl
748 1235 791 1301 tio
805 1235 876 1312 fuit,
892 1235 979 1319 quod
1000 1232 1206 1298 hauddubie
1225 1233 1378 1318 adempta

317 1321 479 1387 Antiocho
496 1325 553 1422 ’A‘
602 1334 676 1409 ptus
688 1257 836 1422 eilberti
864 1321 938 1398 iam,
968 1319 1199 1406 redditumque
1237 1319 1375 1407 patrium

158 1421 556 1572 mnnfiffloegllhldirrslttihil
569 1407 871 1570 ciirhlehlnarii,fhicrtil
893 1491 1021 1558 alterius
1049 1491 1153 1557 clarus
1182 1490 1374 1590 consulatis

158 1589 296 1652 matare
315 1579 433 1667 insigni
454 1581 594 1658 victoria,
616 1582 662 1644 ita
683 1579 812 1644 alterius
835 1579 968 1644 obscura
988 1578 1081 1656 fama,
1100 1579 1180 1666 qnia
1202 1593 1374 1642 materian

315 1687 366 1730 res
379 1665 513 1751 gerendi
527 1689 594 1731 non
608 1665 727 1730 habuit.
774 1664 844 1729 Iam
858 1665 995 1752 primum
1011 1687 1109 1751 quum
1126 1663 1324 1752 legionibus
1338 1659 1372 1726 ad
1423 1690 1424 1727 r

316 1751 572 1816 conveniendum
586 1752 673 1817 diem
687 1751 780 1829 dixit,
795 1774 862 1815 non
876 1750 1037 1837 auspicato
1052 1750 1213 1836 templum
1229 1749 1387 1816 innacius

315 1836 406 1902 Vitio
420 1837 506 1902 diem
521 1837 640 1902 dictam
659 1861 727 1902 csse
747 1860 891 1924 augures,
907 1859 1007 1924 quum
1026 1836 1068 1901 ad
1085 1859 1139 1901 sos
1154 1836 1304 1902 relatum
1320 1849 1370 1911 ort,

315 1923 533 1989 decreverunt
579 1923 744 1989 Profectus
765 1923 801 1987 in
824 1922 962 1988 Galliam
984 1923 1067 1988 circa
1084 1921 1218 1988 Macros
1241 1943 1370 2008 campet
1423 1992 1424 1997 γ

316 2009 358 2074 ad
377 2022 502 2075 montes
521 2009 706 2075 Siciminam
725 2020 759 2075 et
773 2009 932 2098 Papinum
955 2007 1067 2074 stativa
1088 2007 1223 2076 habuit:
1250 2007 1369 2074 deinde

315 2095 402 2159 circa
423 2096 536 2160 eadem
558 2096 628 2162 loca
650 2119 724 2161 cum
747 2096 839 2160 sociis
862 2094 999 2159 nominis
1021 2093 1130 2159 Latini
1152 2093 1365 2161 hibernabat:
1422 2066 1424 2161 l

315 2181 457 2269 legiones
484 2181 658 2260 Romanae,
682 2181 771 2269 quod
796 2181 873 2247 vitio
898 2181 968 2246 dies
992 2180 1147 2246 exercitui
1176 2181 1221 2246 sd
1253 2202 1368 2247 coure-

316 2267 656 2346 niendumdictaerat,
670 2267 793 2333 Rornae
807 2279 994 2332 manserant
1039 2266 1082 2332 Et
1092 2279 1270 2354 praetores,
1279 2289 1365 2356 prae·
1420 2272 1424 2411 l

316 2367 366 2420 ter
382 2353 421 2421 C.
434 2354 597 2444 Papirium
614 2354 806 2433 Carbonem,
822 2354 873 2419 cui
897 2352 1044 2419 Sardinia
1061 2367 1222 2433 evenerat,
1239 2356 1279 2421 in
1299 2375 1365 2443 pro-

316 2441 435 2507 vincias
444 2443 517 2508 iere.
564 2441 650 2507 Eum
661 2456 730 2506 turn
741 2440 791 2505 ius
800 2440 905 2506 dicere
919 2439 1041 2505 Romae
1051 2441 1140 2526 (nam
1150 2464 1223 2505 eam
1234 2456 1381 2530 qnoquet
1421 2454 1424 2556 1

316 2542 434 2593 sortem
446 2528 597 2616 habebat)
607 2528 691 2593 inter
701 2527 785 2593 cives
796 2540 830 2591 et
842 2527 1027 2614 peregrinos
1040 2526 1151 2591 Patres
1162 2541 1361 2595 censuerant.

361 2612 405 2677 Et
415 2613 571 2702 Popillius
582 2628 615 2680 et
627 2636 667 2679 ea
680 2614 690 2678 l
752 2614 807 2691 tio,
818 2635 900 2700 quae
915 2611 1010 2677 missa
1020 2612 1061 2678 ad
1072 2612 1280 2680 Antiochum
1291 2628 1363 2689 erat,

209 2704 258 2763 13.
318 2696 454 2763 Romam
470 2700 573 2765 rediit.
620 2636 996 2778 Retfficontroversias
1015 2700 1208 2786 interreges
1225 2700 1377 2767 sublatur

317 2805 395 2861 esse,
407 2785 582 2849 exercitum
605 2809 646 2849 ue
661 2808 703 2850 ex
714 2787 865 2873 Aegypto
880 2786 914 2849 in
931 2784 1055 2873 Syriam
1069 2784 1247 2852 reductum.
1291 2787 1363 2855 Post

158 2884 246 3000 tliraglait'i
257 2886 307 2934 An-
317 2868 458 3020 {ffimm
472 2809 694 2972 regumlegati
704 2884 877 2937 venerunt:
897 2869 1050 2971 Antiochi
1060 2870 1166 2959 legati,
1178 2873 1360 2973 referentes
1422 2858 1423 2887 ³

317 2971 1272 3132 ‘cuisildtvvlisiiiiiiehihldrihnlratitlcsechlusieghhriildagorhemmiihl
1300 2958 1362 3121 lid.
1423 3052 1424 3097 l

317 3128 513 3215 ‘legatorum
529 3129 748 3195 Romanorum
761 3130 852 3195 iussis
866 3129 1024 3217 paruisse?
1069 3128 1230 3195 Gratulati
1268 3131 1361 3197 einde

316 3215 478 3281 victoriam
506 3230 592 3295 sunt,
624 3226 741 3303 ‘quam
768 3238 892 3281 summa
917 3238 987 3304 opo,
1014 3215 1041 3281 si
1067 3216 1146 3304 quid
1171 3217 1361 3305 imperatum
1421 3250 1423 3285 r

159 3315 304 3369 Ptolemaei.
317 3302 427 3381 ‘foret
449 3303 633 3368 adiuturum
656 3325 763 3390 regern
786 3302 902 3367 titisse!
948 3301 1125 3367 Ptolemaei
1147 3303 1256 3391 legati,
1276 3323 1377 3371 com-²

347 3488 364 3538 6
385 3490 472 3551 Virga]
496 3490 527 3539 cl.
550 3488 651 3537 Diodor.
677 3487 740 3537 Exc.
763 3485 821 3537 Vst.
854 3485 1223 3538 amnemamnem.

315 3551 383 3602 xxxi.
395 3566 418 3613 3.
884 3564 901 3623 9
912 3552 979 3623 illam
987 3566 1040 3623 com
1048 3559 1236 3661 gquweorlem
1243 3554 1358 3616 habcw]

349 3618 603 3680 70onocncrotpoae]
622 3614 762 3665 Perizonius
769 3630 823 3677 pou·
855 3612 980 3661 Nrmrrum
1004 3620 1056 3663 rute
1078 3615 1192 3677 'gendum
1218 3622 1266 3677 est,
1288 3620 1360 3669 mim

315 3695 361 3741 pro
382 3680 447 3741 vulg.
465 3697 528 3743 porr
554 3678 701 3730 emendarit.
746 3679 822 3727 Hunc
855 3678 970 3726 adversus
989 3676 1109 3727 Gentium
1127 3678 1225 3740 Anicio,
1245 3682 1316 3732 errius
1334 3699 1359 3734 ss

316 3742 468 3791 librariorum
480 3745 575 3805 lapsum
587 3742 727 3806 saepissime
743 3742 769 3790 in
780 3757 821 3790 an·
854 3756 905 3789 sors
915 3740 1003 3800 fuerat,
1013 3742 1044 3790 ad
1057 3742 1194 3792 Carbonem
1208 3750 1300 3797 sortem
1311 3749 1360 3798 eim

316 3805 390 3869 tiquis
416 3807 581 3857 monumentis
608 3806 729 3857 obuersari
757 3806 822 3855 idem
856 3805 999 3853 translatam
1010 3805 1091 3854 irrisae.
1108 3807 1189 3857 Cnrr.

315 3870 496 3921 animadvertit.
890 3870 1019 3917 rRomnm
1045 3872 1130 3931 rediit]
1166 3871 1263 3922 Vocem
1289 3878 1359 3927 rantur

348 3936 507 3997 8Tamplum
532 3936 649 3994 intravit]
686 3934 821 3997 Templum
855 3932 985 3981 delendam
1013 3940 1095 3981 censet
1116 3935 1223 3985 Crevier.
1246 3944 1276 3987 ut
1298 3956 1359 4003 quaa

314 3997 356 4047 hic
370 3998 529 4062 intelligimus
546 3999 628 4047 locum
643 3999 751 4061 auguriis
765 4013 820 4046 con·
854 3998 927 4059 plane
938 3998 1062 4058 superflua
1072 3997 1110 4048 sit.

313 4072 444 4121 sacratum,
457 4066 523 4113 undo
540 4062 605 4112 diem
621 4062 669 4111 dici
685 4063 718 4111 ad
734 4076 820 4111 conve-
886 4076 899 4109 a
917 4062 1050 4111 Ptolemaei
1065 4062 1153 4123 kasti]
1177 4080 1210 4114 ac.
1223 4064 1357 4117 Ptolemaei

314 4127 431 4176 ruendum
449 4127 567 4177 exercitui
582 4142 635 4175 mos
649 4132 760 4184 essetut
776 4125 819 4173 sci·
853 4124 960 4173 minoris.
994 4124 1020 4173 Is
1031 4124 1097 4174 cuim
1108 4128 1174 4177 solus
1184 4130 1305 4180 auxilium
1316 4130 1356 4181 im·

314 4190 373 4241 licet
388 4190 458 4241 initia
475 4192 508 4239 rei
523 4192 644 4253 gerendae
658 4191 704 4238 sub
719 4190 820 4239 deorum
853 4189 991 4251 ploraverat
1013 4188 1192 4253 Romanorum,
1213 4200 1239 4244 et
1262 4206 1357 4261 propter
