2934 4800
352 192 418 255 410
549 187 621 256 Ex
650 189 816 257 PETRI
845 187 1121 257 LAMBECII
1145 209 1225 256 no

352 322 505 390 libsomm
520 323 729 392 Livianorum
749 325 944 394 editionibus
962 327 1127 414 impressis
1140 326 1196 391 vel
1216 325 1384 411 mgmui

352 431 468 562 Eme
490 411 623 479 lacunae
643 415 709 480 sive
727 414 871 480 defectus
890 429 976 491 sunt,
991 413 1123 479 easdem
1137 435 1259 478 omnes
1271 411 1385 476 etium

377 519 416 562 oc
434 499 554 565 Codice
574 499 672 566 Msto
690 500 903 566 Ambrosiano
920 501 1063 588 mperiri,
1081 501 1130 565 ita
1151 522 1289 586 nempe,
1307 514 1339 561 ut
1353 498 1386 560 ul

354 585 479 670 integra
495 585 600 651 desint
618 587 703 664 folia,
719 587 772 652 vel
793 601 919 653 tantum
938 609 1041 675 panes
1059 586 1227 736 nonedam
1242 585 1386 680 seimus

354 691 475 758 paucae
496 671 606 738 literae
629 674 663 737 in
677 673 825 739 foliorum
863 674 1043 739 uorundasn
1076 695 1254 736 aoerorum
1269 685 1388 736 unsu-

355 758 481 823 tatibus.
529 759 683 835 Quamvis
706 760 804 826 etiam
827 699 914 826 idem
937 760 991 824 hie
1011 759 1128 825 Codex
1150 758 1280 823 MStns
1299 758 1330 820 in
1345 757 1387 818 im

354 841 427 908 libri
447 845 679 934 quadragesimi
717 848 801 913 uinti
820 871 839 912 s
861 847 991 913 Simone
1008 845 1165 934 Grynseo
1186 867 1261 910 non
1280 843 1388 932 potusit

354 927 428 1018 legi,
453 931 514 996 nisi
540 955 641 1020 nsque
735 933 815 999 haee
837 935 954 998 verbex
982 931 1157 997 ‘Moestus
1181 933 1275 996 eima
1296 929 1388 993 Ursa

355 1023 366 1056 ‘
376 1017 507 1103 niginta
521 1019 691 1086 ³⁵HAUD
703 1020 840 1107 amplius
850 1020 928 1098 dies,
940 1021 976 1083 in
988 1019 1145 1106 Regnum
1156 1032 1211 1082 est
1223 1016 1389 1106 profectui

354 1115 494 1168 attamen
518 1127 584 1169 non
607 1119 656 1170 est
678 1106 741 1184 hio,
761 1120 798 1172 ut
815 1107 912 1194 vulgo
934 1105 1087 1182 creditur,
1105 1127 1209 1170 verus
1231 1105 1308 1168 finis
1325 1102 1388 1165 ὠ

353 1188 435 1268 libri,
452 1191 508 1256 sed
527 1205 599 1278 post
616 1215 726 1258 vocem
747 1193 1033 1258 PROFECTVS
1054 1192 1211 1278 sequitur
1231 1188 1387 1254 immone

353 1276 389 1340 in
404 1277 517 1342 eodem
531 1301 624 1343 versu
638 1279 703 1344 sive
718 1277 804 1344 lines
819 1279 1103 1354 ACTVMQVF,
1154 1277 1297 1364 Reliqui
1308 1289 1387 1340 amn

355 1361 421 1428 duo
436 1363 539 1429 ultimi
556 1387 665 1430 versus
681 1365 748 1430 sive
768 1365 871 1430 lineae
889 1387 1018 1453 prorsus
1036 1378 1259 1441 evanuerunt,
1274 1385 1330 1428 nec
1345 1358 1387 1422 ὦ

353 1450 476 1514 ratione
502 1473 542 1516 ex
564 1473 675 1516 eorum
696 1451 838 1538 vestigiis
860 1451 939 1516 certi
963 1451 1140 1537 quicquam
1164 1463 1280 1538 potest
1298 1447 1385 1532 collid—

355 1535 523 1602 Clauditur
536 1537 677 1624 denique
697 1551 801 1603 totum
820 1537 900 1603 illud
913 1537 1066 1602 volumen
1085 1537 1326 1624 subsesiptione
1338 1534 1386 1598 h

355 1623 396 1687 ob
412 1623 541 1688 nimiam
556 1636 746 1690 vetustatem
761 1625 817 1691 vix
830 1623 966 1712 amplius
979 1623 1115 1688 visibili:

586 1794 686 1859 ΤΙΤΙ
1075 1793 1183 1860 LIVl

637 1880 702 1944 AB
730 1879 864 1946 VRBE
897 1879 1122 1947 CONDITA

570 1981 660 2046 LIB.
815 1982 926 2050 XLV.
1080 1981 1196 2047 EXP.

530 2082 622 2149 INC.
659 2083 749 2150 LIB.
785 2083 913 2150 XLVI.
948 2083 1229 2150 FELICITER.

354 2265 452 2334 Unde
489 2265 600 2367 liquet,
631 2279 801 2417 sesslsentes
831 2265 991 2332 Historiae
1022 2265 1192 2332 Romanae
1223 2267 1299 2333 Titi
1322 2263 1384 2330 lini

352 2355 477 2431 Libros,
493 2375 550 2439 qus
571 2376 657 2420 nunc
703 2354 839 2419 abentur
859 2375 918 2442 pro
938 2352 1120 2440 deperditis,
1140 2365 1225 2419 tunc
1249 2352 1384 2454 tempus»

351 2440 408 2511 ubi
438 2439 551 2507 Codex
580 2440 633 2505 ille
663 2453 811 2506 exaratus
839 2454 897 2517 est,
926 2440 1067 2526 integros
1095 2440 1210 2506 adhuc
1242 2441 1383 2507 euntia

352 2528 445 2597 Haec
475 2527 572 2613 igitur
601 2526 634 2589 in
664 2548 813 2615 praesens
841 2526 998 2592 sufficiant
1027 2525 1069 2591 de
1096 2527 1270 2594 rarissimo
1298 2528 1345 2593 illo
1362 2544 1384 2587 et

351 2614 507 2681 hactenus
528 2612 622 2678 unico
637 2612 758 2679 Codice
776 2612 865 2678 Msto
880 2613 1023 2691 Liuiano,
1061 2613 1095 2678 ui
1113 2614 1266 2701 primum
1282 2614 1383 2705 quiden

352 2724 394 2767 ex
432 2698 628 2767 Monasterio
665 2698 934 2765 Laurisheimensi
970 2700 1005 2764 in
1039 2636 1246 2779 lielvetiam,
1285 2697 1382 2775 2dein²s

351 2800 460 2853 antem
474 2808 515 2851 ex
532 2784 682 2850 Helvetia
698 2785 733 2849 in
750 2786 929 2851 Comitatus
943 2784 1138 2851 Teriolensis
1153 2786 1382 2855 Ambidoalss

351 2876 479 2973 Arcem·
502 2872 756 2973 Ambrosianum,
786 2885 819 2972 et
837 2871 1048 2974 ‘tandemes
1078 2873 1165 2937 Arce
1195 2874 1383 2943 ambrum

349 3130 433 3209 luce,
460 3143 493 3195 et
517 3130 619 3196 docus
644 3132 693 3197 sui
719 3145 910 3197 aestimatori
932 3154 970 3197 us
994 3132 1225 3199 admirandum
1251 3134 1343 3202 simul
1360 3153 1383 3196 s
1421 3093 1425 3208 l

350 3217 586 3308 periucundum
600 3220 732 3305 praebet
746 3219 970 3307 spectaculum.
1422 3218 1425 3313 l

382 3434 413 3485 35
431 3420 463 3471 In
484 3420 538 3483 ipso
559 3421 702 3481 authentico
718 3423 855 3486 exemplari
871 3424 946 3476 niso
962 3438 1007 3487 pro
1023 3423 1131 3476 mvl)
1147 3426 1212 3479 nas
1229 3430 1300 3481 elus
1314 3435 1336 3481 et
1348 3438 1381 3489 pff

349 3486 433 3550 spicue
443 3486 531 3548 legitur
542 3486 625 3537 svT.
