2934 4800
292 120 332 186 72
673 112 787 180 ΤΙΤΙ
817 112 976 180 LIVII.'

141 263 216 316 uc.
231 263 401 342 58¹.regem
422 275 495 320 cum
514 252 633 340 legatis.
681 251 836 335 Salutatio
855 274 921 317 non
941 265 1093 339 tanquam
1113 253 1280 329 hostium,
1300 250 1357 316 esd

138 331 170 380 Ᾰ·
186 329 217 379 ⁰·
235 339 457 430 ¹⁷¹·hospitalis
477 363 514 406 ac
528 340 667 427 benigna
679 339 759 404 suit:
781 338 956 427 positisque
975 339 1104 405 sedibus
1117 339 1358 405 consederunt

186 433 238 492 40.
299 429 409 504 Quum
420 427 590 514 paullisper
600 425 761 492 silentium
769 425 895 490 fuisset:
920 425 1135 514 ‘Exspectam
1145 428 1231 505 nos,’
1244 427 1285 490 in
1312 426 1360 489 uit

140 515 288 588 Mfflflfflr
297 514 448 592 Marcius,
465 523 475 554 ‘
485 513 626 591 arbitror,
643 525 679 578 ut
699 512 945 600 respondeamus
963 512 1062 578 literis
1076 513 1255 601 mis,·quas
1274 447 1362 577 (ior-

140 584 183 628 *ω’
297 611 423 689 ‘syram
452 600 582 678 misisti3
612 599 787 687 inquibus
812 599 946 699 quaeris,
971 601 1050 687 quid
1075 600 1253 688 italegati
1282 621 1361 663 curu

298 687 468 754 ‘militibus
482 687 671 764 venerimus,
680 699 713 752 et
727 686 884 774 praesidia
897 687 932 750 in
946 686 1085 775 singulas
1095 688 1190 753 urbes
1199 686 1362 752 dimitta-

298 775 411 840 ‘musi
435 774 491 840 Ad
508 774 591 840 hauc
611 773 890 873 interrogationem
910 787 1046 839 tuamet
1064 797 1131 838 non
1149 772 1361 861 respondere

298 871 438 940 ‘vereor,
460 885 501 926 ne
528 861 699 948 superbum
725 871 776 936 srt,
799 873 833 924 et
856 881 931 925 vera
1046 861 1156 939 ndere,
1177 883 1221 925 ne
1254 859 1363 924 nimis

299 950 464 1014 ‘acerbum
493 946 635 1013 audienti
666 947 724 1012 tibi
748 945 924 1012 rideatur.'
1036 969 1136 1034 quum
1159 962 1215 1012 aut
1244 946 1361 1011 verbis

299 1035 528 1123 ‘castigandus
541 1048 596 1098 aut
610 1033 704 1098 armis
718 1033 768 1110 sit,
781 1033 838 1134 qui
848 1032 961 1099 foedus
970 1034 1108 1122 rumpit3
1130 1033 1212 1099 sicut
1223 1032 1361 1099 bellum

299 1121 468 1188 ‘adversus
483 1135 514 1188 te
535 1120 598 1199 alii,
637 1141 710 1184 uam
725 1119 814 1198 mihr,
829 1119 1014 1186 mandatum
1033 1120 1153 1199 malim,
1167 1122 1212 1186 ita
1228 1119 1362 1185 oratio-

299 1210 367 1274 ‘nis
381 1209 583 1274 acerbitatem
644 1229 751 1272 versus
772 1206 939 1294 hospitem,
954 1222 1117 1295 utcunque
1137 1221 1195 1285 est,
1209 1206 1381 1272 subibott

299 1296 399 1362 ‘sicut
410 1295 535 1374 medici,
547 1315 649 1383 quum
659 1293 769 1360 salutis
778 1316 873 1359 causa
883 1293 1020 1359 tristiora
1028 1295 1170 1360 remedia
1179 1294 1380 1365 adhibeut9

300 1383 373 1448 ‘Ex
394 1407 458 1470 quo
472 1403 607 1470 regnum
626 1379 760 1469 adeptus
774 1402 817 1458 es,
833 1403 930 1445 uuam
950 1403 1018 1446 rem
1038 1395 1080 1459 te,
1095 1405 1178 1468 quae
1197 1378 1360 1446 facienda

299 1470 424 1548 ‘fuerit
448 1484 575 1535 senatus
600 1468 708 1534 fecisse
731 1480 857 1544 censet3
888 1469 977 1554 quod
997 1467 1117 1556 legatos
1142 1467 1291 1533 Romam
1316 1465 1358 1530 ad

299 1556 534 1622 ‘renovandum
555 1555 572 1590 ⁴¹
589 1555 606 1590 '¹
621 1555 639 1590 '
654 1554 775 1620 iudicat
787 1554 902 1641 potius,
918 1577 1025 1641 quam,
1039 1577 1140 1642 quum
1157 1567 1357 1620 renovatum

300 1653 409 1720 ‘esset
425 1641 617 1707 violandum.
663 1641 865 1728 Abrupolim,
879 1643 1001 1706 socium
1020 1655 1116 1729 atque
1135 1643 1280 1706 amicum
1296 1663 1355 1728 po-

301 1729 389 1818 ‘puli
412 1728 560 1804 Romani,
583 1749 616 1791 re
662 1751 681 1790 o
703 1726 863 1815 expulisti.
909 1727 1095 1793 Arthetauri
1116 1728 1354 1802 interfectores,

301 1826 357 1881 ‘ut
372 1815 468 1880 caede
483 1815 539 1900 (ne
560 1750 742 1900 quidnultra
761 1813 883 1897 dicam)
896 1813 1046 1880 laetatum
1066 1829 1242 1904 appareret,
1258 1835 1355 1879 rece-

301 1902 403 1989 ‘pisti
419 1899 632 1988 qui'omnium
654 1899 835 1988 Illyriorum
848 1900 1036 1966 fidissimum
1058 1901 1205 1966 Romano
1222 1900 1353 1965 nomini

301 1989 464 2075 ‘regulum
476 1987 665 2062 occiderant
710 1987 775 2052 Per
783 1986 977 2052 Thessaliam
987 2003 1020 2053 et
1032 1987 1222 2054 Maliensem
1233 2008 1353 2075 agrum

301 2084 394 2139 ‘cum
408 2075 549 2139 exercitu
568 2087 678 2139 contm
691 2074 804 2139 foedus
822 2073 887 2139 Del
910 2073 969 2139 hos
987 2075 1058 2139 isti:
1090 2069 1253 2163 Byzantiis
1269 2076 1351 2139 item
1426 2098 1428 2107 ·

302 2159 554 2226 ‘contraloedus
568 2160 679 2226 misisti
690 2159 817 2226 auxilia.
865 2097 951 2226 timi
967 2160 1105 2239 Boeotis,
1117 2163 1209 2226 sociis
1220 2162 1350 2235 nostris,

302 2258 474 2312 ‘secretam
486 2247 543 2312 tibi
555 2247 615 2334 ipsi
623 2247 816 2325 societatem,
827 2270 923 2335 quam
933 2271 998 2313 non
1008 2248 1133 2326 licebat,
1143 2245 1371 2313 iureiurandor

302 2344 313 2382 ‘
320 2333 478 2424 pepigisti.
529 2333 699 2398 Thebanos
727 2335 858 2422 legatos,
889 2334 1042 2401 Euersam
1070 2347 1104 2401 et
1134 2334 1349 2410 Callicritum,

302 2424 484 2489 ‘venientes
503 2445 523 2486 a
542 2422 642 2499 nobis,
658 2445 809 2523 quaerere
830 2422 923 2500 malo,
939 2423 1011 2525 quis
1029 2423 1233 2500 interfecerit,
1248 2443 1350 2510 quarn

302 2519 313 2550 ‘
323 2533 463 2597 arguere.
509 2508 549 2573 In
566 2508 693 2573 Aetolia
712 2508 831 2574 bellum
851 2510 1036 2574 intessnum
1051 2521 1084 2573 et
1102 2509 1215 2574 caedes
1229 2510 1350 2596 priuci-

303 2606 397 2683 ‘purn
412 2618 470 2683 per
484 2618 574 2683 quos,
590 2596 650 2659 nisi
669 2618 727 2696 per
743 2609 824 2673 tuos,
838 2596 939 2661 factae
954 2596 1054 2660 videri
1069 2597 1223 2683 possunt?
1246 2595 1351 2661 Dolo-

303 2694 380 2783 ‘pes
395 2696 455 2747 ate
470 2683 539 2768 ipso
550 2695 681 2746 evastatr
695 2695 778 2747 suut
824 2682 985 2747 Eumenes
998 2704 1066 2759 rex,
1075 2683 1116 2747 ab
1131 2682 1236 2747 Roma
1247 2704 1350 2769 quum

304 2779 359 2833 ‘ln
380 2791 514 2856 regnum
536 2768 665 2845 rediret,
684 2791 783 2856 prope
806 2783 843 2833 ut
862 2770 992 2835 victima
1012 2767 1149 2857 Delphis
1170 2770 1204 2833 in
1225 2782 1350 2834 sacrato

304 2856 395 2920 ‘loco
417 2868 490 2920 ante
504 2877 584 2919 aras
606 2869 769 2931 mactatus,
792 2878 889 2942 quem
914 2855 1086 2933 insimulet,
1108 2856 1196 2943 piget
1220 2856 1347 2920 resena.

304 2953 313 2981 ‘
328 2942 420 3017 Quae
436 2941 549 3028 hospes
565 2940 776 3005 Brundisinus
790 2941 914 3007 occulta
926 2942 1067 3007 facinora
1081 2942 1210 3019 indicet,
1222 2956 1348 3007 certum

305 3029 434 3105 ‘habeo,
451 3042 484 3091 et
498 3028 615 3115 scripta
630 3026 687 3091 tibi
701 3028 809 3091 omnia
827 3028 867 3093 ab
881 3028 987 3094 Roma
1000 3052 1078 3107 esse,
1093 3042 1127 3093 et
1140 3029 1262 3116 legatos
1276 3044 1349 3094 tuos

305 3116 527 3180 ‘renuntiasse
574 3112 664 3186 Haec
684 3136 725 3178 ne
746 3114 961 3179 dicerentura
981 3138 1042 3193 me,
1058 3138 1122 3181 uuo
1137 3116 1232 3181 modo
1247 3116 1347 3180 vitare

305 3211 314 3240 ‘
366 3201 462 3279 tuisti,
489 3223 554 3267 non
580 3199 771 3286 quaerendo,
797 3222 893 3287 quam
914 3202 957 3290 pb
982 3225 1108 3267 causam
1131 3202 1290 3267 exereitus
1314 3204 1348 3266 iu

305 3299 314 3328 ‘
326 3320 341 3354 r
366 3288 549 3354 acedoniam
561 3285 789 3364 traiicerentur,
801 3300 858 3351 aut
870 3288 1027 3374 praesidia
1036 3290 1070 3353 in
1081 3289 1238 3354 sociorum
1252 3289 1349 3354 urbes

305 3377 528 3443 ‘mitteremus
577 3372 754 3449 Quaerenti
768 3374 827 3438 tibi
841 3376 1005 3462 superbius
1020 3376 1234 3453 tacuissemus,
1249 3398 1347 3463 qnam

304 3473 397 3529 ‘vera
410 3461 638 3551 respondimus
686 3460 845 3548 Equidem
864 3484 922 3547 pro
964 3476 1074 3527 aterno
1087 3476 1195 3528 nostro
1209 3462 1348 3551 hospitio

304 3550 413 3615 ‘faveo
434 3550 568 3615 orationi
590 3562 673 3626 tuae,
696 3560 728 3613 et
754 3562 840 3635 opto,
862 3563 899 3613 ut
920 3485 1058 3637 aliquam
1080 3549 1159 3614 mihi
1182 3550 1368 3614 materiamr

304 3638 471 3723 ‘praebeas
485 3636 627 3723 agendae
642 3650 714 3700 tuae
731 3634 817 3722 apud
830 3649 975 3700 senatum
990 3638 1121 3702 causae.’

1429 3541 1431 3570 l

331 3890 701 3965 8Utounqasast18upple‚rea
723 3890 807 3945 Quan-
841 3889 890 3939 dr'o.
906 3892 987 3940 (ἔπιεν.

302 3957 392 4005 tumvis
402 3971 474 4019 mara
485 3954 516 4003 sit
527 3956 683 4002 acerbitatem
694 3954 809 4003 orationis
876 3969 886 4002 r
904 3958 1024 4005 Quam
1042 3959 1086 4005 tibi
1102 3959 1163 4031 ipsi]
1192 3958 1343 4007 Peculiarem

302 4022 417 4069 adversus
433 4019 553 4081 hospitem
570 4033 720 4080 expromere.
752 4019 807 4067 Ma
840 4025 866 4066 et
882 4019 1345 4084 propriamtibiipm,separatimauo·
1429 4017 1431 4124 y

301 4084 339 4147 gis
357 4086 465 4148 placeret
483 4090 575 4142 tamen,
591 4098 749 4147 quaecuuque
765 4090 806 4133 sat.
839 4082 883 4132 bia

302 4150 383 4199 esav.
873 4149 1086 4209 sordissima]
1100 4150 1344 4206 Qual'erseusaccu-
1429 4175 1430 4196 1

333 4229 348 4276 9
365 4215 433 4261 Sirra
443 4214 537 4270 medici,
547 4212 635 4275 wasa]
665 4212 751 4259 Potest
766 4212 807 4259 ab
839 4211 927 4259 sationi
938 4212 1026 4262 Marcii
1037 4229 1193 4276 responsurus
1204 4221 1263 4264 erat,
1276 4215 1342 4264 Dru·

302 4292 353 4325 esse
365 4276 451 4325 rocula
466 4292 540 4338 quum
554 4274 606 4323 sine
617 4290 700 4323 seuam
711 4274 808 4336 dispen-
841 4288 915 4323 unsa
