2934 4800
714 221 934 284 INDEX.

306 338 436 388 &xanta
447 346 470 397 1,
481 349 519 400 33·
614 349 617 356 ’

841 338 871 388 C.
880 337 993 396 Sicinius,
1006 343 1093 386 auctor
1108 333 1251 384 seoensionis
1264 333 1292 382 in
1307 334 1346 384 se

307 403 411 452 Sentarii
421 402 480 462 vini,
491 401 589 450 bonoria
603 417 668 465 ergo,
683 401 810 458 militibus,
874 417 941 450 crum
957 409 1067 450 montem
1081 414 1106 459 7,
1116 413 1156 461 37.
1181 400 1246 448 inter
1260 399 1348 462 primm

338 468 381 529 qni
392 467 497 516 Decium
509 466 586 514 secuti
601 467 705 527 morant,
719 483 736 515 a
751 467 809 530 legi-

339 530 426 580 onibus
435 531 517 579 collati
524 528 553 592 7,
563 543 602 592 37.

307 595 411 644 Sextiles
427 595 556 643 Kalendae
571 595 630 643 clim
646 595 704 644 anni
721 595 810 658 princi-

873 466 982 514 tribunos
992 466 1072 528 plebis
1081 478 1121 526 33.
1132 464 1165 513 ct'.
1175 469 1201 513 et
1212 479 1237 526 3,
1245 476 1284 523 54.

842 531 872 580 0.
881 529 993 590 Sicinius,
1003 529 1059 578 trib.
1070 529 1105 591 pl.
1118 543 1142 588 7,
1153 529 1193 590 58.
1211 529 1278 576 diem
1290 527 1348 576 dicit

874 597 923 657 Ap.
931 594 1037 644 Claudio
1048 593 1087 643 61.

339 660 406 722 pium
423 672 447 719 3,
462 657 485 706 6.
509 659 603 720 duplici
618 660 689 709 clade
704 659 810 722 insignes
841 659 993 719 &Sicinius
1003 658 1057 707 trib.
1071 658 1105 721 pl.
1119 663 1177 720 post
1190 656 1347 706 messionem

337 721 361 782 6,
375 737 395 772 1.
414 722 519 773 Sextiles
530 723 591 772 Idus
601 738 641 785 41,
653 740 691 774 7ο.
711 723 810 784 Nonae,
873 723 899 771 in
911 723 1060 772 Aventinum
1072 735 1095 782 3,
1107 733 1145 782 54.

337 783 395 836 ibid.

305 851 468 900 uaeramus
487 851 597 914 plebeius
614 852 726 902 tribunus
746 851 809 901 mili·

337 915 395 964 taris
405 917 524 964 consolari
535 922 655 978 potestate
665 915 690 978 6,
701 931 739 979 3ο.

842 787 994 846 ossuum,
1008 787 1104 849 regnas
1121 801 1138 834 a
1157 791 1247 835 usu
1264 784 1349 834 nau

873 865 913 912 432
925 863 947 913 1·

842 916 888 966 011.
897 914 1010 974 Sicinius,
1020 915 1115 974 aedilis,
1129 913 1194 977 petit
1210 917 1347 975 praesum

305 978 341 1027 ss
359 980 475 1029 Sextilius
497 981 655 1043 Fregellanus
681 981 810 1044 respondet
873 993 914 1044 39,
924 995 963 1043 39.
987 979 1015 1028 tit
1031 994 1095 1028 anno
1111 985 1232 1040 sequente
1245 983 1348 1040 praetor,

336 1059 381 1105 pro
402 1044 566 1106 duodeviginti
589 1045 698 1105 coloniis,
718 1045 809 1094 milites
871 1045 1005 1093 etsortitur
1015 1043 1153 1093 Sardiniam
1164 1055 1205 1104 45.

336 1109 703 1172 exiormulaparatosessem,
716 1125 753 1159 10.
840 1107 886 1157 Cu.
894 1105 1347 1167 Siciniua,trinmrircoloniae11uesn1

305 1171 334 1221 Ι..
345 1173 451 1229 Sextius,
467 1174 522 1222 trib.
539 1173 572 1235 pL
589 1173 737 1236 rogationem
753 1174 808 1235 fert,
870 1173 1028 1222 deducendae
1038 1186 1079 1231 41,
1092 1183 1129 1232 17.

336 1252 385 1298 qua
396 1238 473 1286 Volns
483 1237 563 1285 coloni
573 1238 727 1286 mitterentur
737 1253 807 1303 4,49.
839 1237 885 1286 Gn.
896 1236 1009 1296 Sicinius,
1026 1241 1122 1299 praetor
1135 1250 1213 1310 4²29·
1238 1234 1266 1283 in
1282 1237 1346 1296 Apu·

304 1299 334 1349 L.
346 1300 451 1361 Sextius,
466 1302 521 1351 trib.
537 1302 572 1364 pl.
589 1303 727 1366 promulgat
741 1303 808 1365 leges
870 1299 930 1350 liam
956 1301 1061 1349 mittitur
1081 1301 1114 1348 ad
1134 1300 1288 1362 cnlhgandas
1315 1299 1348 1346 lo·

336 1365 368 1413 de
383 1381 439 1414 aere
452 1366 541 1425 alieno,
553 1365 585 1414 de
599 1367 673 1414 modo
687 1381 807 1430 agrorum,
870 1371 950 1414 custus
959 1379 996 1415 10.
1009 1364 1102 1412 obtinet
1109 1363 1287 1412 Macedoniam
1295 1378 1347 1426 pro

335 1434 361 1476 et
376 1430 407 1478 de
423 1430 550 1478 conuslatu
566 1429 749 1493 7177717635.
770 1446 806 1479 re
869 1429 984 1489 71771777,
1000 1434 1127 1492 prorogato
1144 1427 1171 1476 in
1191 1441 1286 1476 annum
1304 1427 1348 1476 irn-

335 1493 412 1541 fectus
429 1493 484 1542 trib.
500 1495 535 1555 pl.
553 1508 602 1542 non
619 1495 713 1557 patitur
730 1494 806 1544 creari
869 1494 936 1556 pen'o
949 1504 986 1554 77.
1003 1493 1134 1556 paludatus
1144 1491 1348 1554 proficiscitusex

333 1558 463 1606 currulesm
496 1558 601 1616 'stratum
610 1557 668 1607 ibid.
690 1565 804 1608 octauum
868 1558 1005 1618 urbeibid.

333 1621 387 1670 trib.
403 1622 437 1684 pl.
453 1635 468 1683 3
485 1658 491 1670 .
514 1622 649 1683 continuari
667 1623 712 1671 sibi
729 1623 804 1673 tribu·
837 1621 865 1672 1.
874 1621 987 1683 Sicinius,
997 1621 1052 1670 trib.
1063 1621 1098 1684 pl.
1109 1617 1168 1680 6,6.

331 1689 419 1733 natum
428 1690 523 1734 recusat
534 1699 573 1750 39.
594 1685 716 1736 decimum
728 1687 804 1736 tribn-
836 1687 867 1736 Τ.
876 1686 989 1746 Sicinius,
999 1701 1048 1735 coa
1060 1701 1084 1746 7,
1094 1699 1133 1746 4ο.

331 1764 378 1797 nus
393 1750 498 1798 refectm
513 1764 552 1809 47.
575 1749 667 1812 primus
682 1753 714 1800 de
730 1753 804 1814 plebe
836 1751 866 1800 T.
875 1750 988 1809 Sicinius,
1008 1751 1072 1798 lator
1095 1747 1227 1812 rogationis
1248 1749 1281 1798 de
1303 1748 1347 1798 7771-

332 1814 416 1861 consul
428 1814 515 1872 sactus
526 1812 585 1863 ibid.
596 1819 621 1862 et
634 1825 656 1874 7,
669 1830 689 1865 1.

865 1816 957 1877 grando
968 1814 1044 1864 Veios
1055 1825 1079 1876 5,
1091 1827 1129 1874 74.

298 1875 336 1926 Μ.
346 1876 740 1938 SextiusSabinuaexaedilitate
751 1881 803 1942 ple·
835 1878 933 1942 Sicyon,
947 1880 1055 1940 77717777,
1066 1892 1104 1940 37.
1121 1889 1162 1939 35,
1173 1888 1213 1938 75.
1239 1877 1346 1940 Sicyone

331 1941 387 2015 beia
403 1947 500 2004 praetor
515 1955 555 2005 3ο,
568 1941 605 1994 76.
629 1943 728 1992 sonitus
744 1945 804 1994 Gal·

330 2005 390 2054 ham
402 2018 440 2068 77.

867 1943 1036 1993 Romanorum
1059 1943 1212 2003 aliorumque
1240 1943 1346 2004 populo-

866 2005 1346 2070 mmlegatisdatumdcbaeonumeon·

298 2067 402 2131 Sibylla,
423 2076 481 2120 ante
501 2086 576 2132 quam
597 2072 729 2122 Carmenta
749 2071 803 2122 sati-
867 2070 951 2119 cilium
964 2087 1002 2132 37,
1016 2085 1053 2136 19.

329 2133 404 2194 loqua
425 2148 446 2192 1,
466 2146 487 2195 7.
518 2136 628 2197 Sibyllae
646 2137 755 2185 camina
773 2137 803 2186 de
834 2133 1078 2198 Sicyoniussssserssis
1092 2147 1129 2197 15.

329 2196 432 2245 termino
443 2198 512 2246 fatali
522 2199 618 2261 imperii
629 2200 702 2250 Rom.
714 2201 754 2260 38,
762 2211 801 2261 45,
834 2198 901 2258 Sida,
912 2199 1030 2262 oppidum
1041 2211 1080 2260 35,
1094 2212 1129 2259 13-
1147 2210 1187 2262 ³7,
1199 2213 1238 2262 ²3·

297 2257 398 2309 Siccites
416 2261 500 2322 ingens
515 2262 541 2310 in
557 2265 616 2312 urbe
632 2269 659 2310 et
676 2279 733 2325 agro
751 2265 801 2314 Ro-
834 2261 940 2322 Sidetae,
951 2263 1037 2326 populi
1048 2274 1088 2324 35.
1099 2263 1138 2325 48·

328 2339 401 2374 mano
411 2343 436 2387 4,
447 2339 485 2386 3ο.
502 2341 542 2386 4ο,
553 2341 592 2403 79.

296 2388 325 2438 Ι..
335 2388 435 2450 Siccius,
446 2390 482 2439 vir
492 2390 641 2452 fortiaumus,
657 2391 743 2442 fraude
759 2392 799 2443 de·

326 2456 487 2504 cemrirorum
496 2456 637 2505 interiectus
647 2470 671 2518 3,
681 2470 720 2518 43.

296 2517 381 2567 Sicilia
401 2534 422 2579 1,
444 2535 464 2570 1.
494 2521 521 2569 in
538 2520 646 2570 Siciliam
665 2522 732 2571 venit
751 2524 798 2571 Aa·

326 2598 393 2643 neas,
411 2584 469 2633 ibid.
499 2584 525 2633 in
546 2585 630 2634 Sicilia
649 2585 798 2637 frumentum

324 2653 437 2709 amptum
459 2655 557 2711 propter
577 2650 703 2698 caritatem
724 2666 798 2699 anno

325 2726 372 2759 nae
390 2726 414 2771 7,
431 2727 469 2774 34.
496 2713 522 2761 in
539 2712 646 2763 Siciliam
663 2715 797 2763 exercitum

325 2776 424 2835 quando
450 2776 557 2837 primum
579 2777 717 2825 traiecerint
738 2779 797 2827 Car·

833 2326 942 2387 Sidicini,
953 2344 968 2376 a
978 2327 1127 2377 Samnitibus
1141 2327 1208 2376 bello
1225 2329 1345 2386 laeeasiti,

863 2391 941 2443 socios
954 2391 999 2441 sibi
1015 2397 1101 2455 parant
1113 2390 1256 2455 Campanos
1269 2406 1292 2455 7,
1304 2410 1344 2471 79.

862 2471 944 2507 rursm
960 2458 991 2505 ab
1006 2456 1093 2505 iisdem
1110 2456 1259 2519 impugnati,
1274 2460 1343 2507 dedr-

862 2521 955 2570 tionem
966 2522 1044 2569 facere
1055 2521 1141 2569 volunt
1153 2522 1186 2568 nd
1197 2522 1344 2583 Romanose

862 2600 878 2633 a
890 2585 978 2647 quibus
992 2584 1121 2647 repudiati,
1137 2585 1232 2633 dedunt
1249 2601 1276 2635 se
1293 2586 1343 2636 La·

861 2648 919 2697 tinis
935 2650 959 2709 8,
976 2664 986 2697 1
1003 2655 1028 2697 et
1045 2664 1066 2697 7.
1092 2648 1214 2697 Sidicinos
1230 2649 1297 2699 inter
1315 2656 1343 2700 et

861 2714 989 2761 Auruncos
1000 2714 1091 2761 bellum
1106 2724 1142 2773 75.
1159 2713 1294 2763 vincuntur
1303 2714 1342 2765 Si-

860 2776 935 2825 dieini
945 2794 962 2826 a
973 2776 1091 2826 Romanis
1104 2774 1134 2825 16
1144 2782 1170 2825 et
1182 2788 1220 2839 17.

322 2837 486 2911 tbaginienees
498 2856 522 2898 4,
533 2855 571 2913 79.
592 2854 608 2887 7
618 2841 727 2903 tyrannis
737 2842 796 2891 Sici·
829 2839 951 2890 Sidicinus
960 2856 1017 2903 ager
1030 2855 1068 2902 ιο,
1081 2854 1117 2900 14.
1136 2838 1174 2901 76,
1184 2856 1211 2906 9.

323 2901 372 2950 hae
386 2902 483 2951 missam
493 2910 630 2966 srrsp1catur
641 2904 725 2953 Livius
736 2906 796 2956 clas-
828 2904 931 2963 Sidonii,
942 2904 1027 2968 populi
1037 2916 1078 2965 35,
1089 2905 1128 2963 48.

321 2978 373 3013 sem
391 2964 548 3026 Graecorum,
560 2983 623 3029 quse
638 2984 706 3019 mare
722 2970 795 3019 Etru·
828 2968 900 3018 Sidus
911 2970 1073 3031 Vergiliarum
1085 2983 1124 3029 77,
1134 2980 1174 3031 35.

323 3044 390 3078 scum
399 3030 514 3080 infestum
527 3033 633 3081 habebat
645 3044 667 3095 7,
679 3044 708 3095 75
720 3040 746 3083 et
758 3032 794 3086 26.
827 3032 925 3095 Sigeum
937 3049 976 3094 44,
989 3034 1026 3081 78.

323 3092 463 3144 Poenorum
472 3095 498 3145 in
510 3096 593 3147 Sicilia
603 3113 725 3148 7777777777
738 3110 760 3159 7,
771 3100 795 3159 8,
827 3096 910 3159 Signia
920 3097 1016 3147 colonia
1028 3112 1049 3157 1,
1061 3096 1099 3158 56.
1112 3112 1135 3157 7,
1144 3112 1182 3147 77.
1194 3099 1220 3157 8,
1227 3114 1250 3161 3.
1262 3114 1304 3162 37,
1314 3116 1338 3152 7.

320 3173 346 3271 ἓ.
363 3159 446 3209 Sicilia
453 3162 571 3211 deseritur
580 3176 597 3209 a
607 3162 697 3211 Poenis
708 3162 747 3222 76,
755 3178 793 3224 4ο.
827 3160 918 3221 Signini
932 3174 954 3225 7,
966 3164 988 3211 8.
1009 3161 1128 3211 Romanis
1139 3162 1181 3211 lidi
1194 3175 1236 3225 77,
1248 3179 1287 3215 ιο.

340 3223 420 3273 iciliae
436 3241 473 3274 res
489 3227 612 3288 componit
625 3226 708 3288 Scipio
720 3242 759 3292 ²9·
773 3241 792 3275 1.
826 3224 929 3286 Signifer
939 3226 1005 3275 omni
1017 3226 1039 3273 vi
1051 3226 1154 3275 moliens
1167 3227 1266 3288 signum
1277 3245 1336 3279 con-

321 3286 419 3337 Siciliae
440 3289 566 3338 calamitas
586 3292 617 3337 ob
638 3297 719 3341 motus
746 3306 792 3339 ser-

320 3350 389 3411 viles,
402 3352 450 3401 vid.
463 3354 539 3411 Serri,
555 3354 668 3415 Fugitivi.
691 3355 716 3404 in
733 3356 791 3405 Sici-

320 3415 378 3463 liam
394 3418 509 3479 navigant
525 3418 631 3465 Romani
649 3417 687 3478 76,
702 3431 741 3481 77,
753 3433 791 3480 34.

320 3478 456 3529 Siculorum
466 3481 547 3530 studia
555 3498 611 3544 erga
619 3482 745 3535 Romanos
752 3496 790 3544 57.
823 3482 923 3545 Signum
935 3484 1049 3531 emissum
1060 3483 1085 3530 in
1097 3482 1202 3531 hostium
1216 3484 1295 3533 aciem
1307 3486 1333 3546 6,

318 3558 356 3591 rcs
372 3550 454 3606 gestae
471 3546 497 3594 in
516 3546 599 3594 Sicilia
617 3552 672 3608 post
690 3549 789 3605 caedem

319 3607 465 3670 Hieronymi
477 3623 516 3669 74,
528 3624 566 3670 77,
578 3609 616 3671 36.

286 3671 423 3733 Sicilianm,
436 3675 555 3737 oppidum
571 3674 731 3737 Hirpinorum
749 3690 788 3738 73,

284 3746 421 3877 8173717777]
432 3818 470 3852 res
482 3818 498 3851 7
509 3804 546 3852 Μ.
554 3803 674 3852 Marcello
688 3819 787 3867 compo-

315 3872 376 3915 sitae
395 3880 434 3928 75,
450 3883 491 3929 4ο.
518 3883 601 3915 eornm
620 3870 733 3929 querelae
754 3870 785 3919 de

315 3930 433 3980 Marcello
451 3931 489 3990 76,
507 3945 544 3995 79.
567 3947 650 3979 eornm
667 3933 743 3981 oratio
760 3934 785 3982 in

313 4002 399 4044 senatu
410 4009 449 4056 3ο.
472 3996 502 4044 iis
511 3997 641 4057 respondet
652 3997 784 4046 Marcellus

312 4072 351 4118 37.
376 4062 407 4108 de
418 4076 448 4109 ea
457 4076 483 4109 re
493 4061 728 4109 senatusconsultum
744 4075 782 4122 37.

311 4122 388 4172 Siculi
405 4124 479 4186 legati
491 4125 523 4173 ad
534 4124 647 4173 Marcelli
662 4139 741 4186 genua
757 4142 782 4177 so

310 4187 439 4251 proiiciunt
450 4202 488 4249 33.

278 4250 389 4301 Siculum
399 4250 488 4299 fretum
503 4266 524 4311 1,
536 4266 558 4303 7.

272 4314 402 4374 Sicimina,
412 4330 482 4363 mons
492 4329 532 4375 45,
546 4329 581 4363 77.

857 3290 946 3339 vellere
968 3291 1052 3352 nequit
1074 3305 1114 3350 77,
1136 3304 1158 3351 3.
1190 3290 1336 3353 signiferum

856 3368 930 3402 manu
949 3360 1073 3416 arreptum
1092 3370 1175 3403 secum
1190 3354 1218 3403 in
1235 3356 1335 3407 hostem

855 3418 919 3480 rapit
930 3420 1050 3474 Camillus
1060 3417 1085 3479 6,
1095 3420 1118 3468 8.

853 3547 877 3595 8.
895 3560 934 3608 34,
950 3546 988 3607 46.
1014 3547 1113 3595 secundi
1133 3547 1232 3607 hastati,
1246 3550 1333 3597 adenr-

852 3617 923 3673 ptum
934 3610 1081 3673 signiferae
1092 3612 1125 3667 Q„
1136 3610 1217 3659 Nerio
1232 3612 1258 3659 in
1276 3614 1332 3663 bos-

852 3682 889 3724 tes
905 3676 1002 3724 illatum
1020 3674 1059 3733 76,
1076 3686 1099 3735 5.
1126 3674 1193 3737 signa
1211 3676 1331 3727 militaria

852 3754 882 3789 ex
898 3740 990 3788 aerario
1004 3740 1150 3801 depromptu
1161 3756 1185 3799 4,
1196 3754 1235 3789 77.
1254 3752 1278 3801 7,
1291 3756 1330 3803 73.

851 3804 963 3866 captain
981 3803 1074 3867 proelio
1090 3819 1115 3868 9,
1132 3820 1170 3863 44.
1191 3818 1229 3863 ιο,
1248 3820 1286 3866 74.
1303 3812 1330 3855 et

849 3868 908 3916 alibi
928 3868 1030 3930 saepius.
1057 3874 1116 3915 ante
1134 3867 1202 3929 signa
1224 3875 1250 3917 et
1271 3876 1329 3931 poet

847 3931 916 3994 signa
934 3938 1024 3994 strages
1043 3932 1107 3980 iacta
1123 3934 1147 3991 8,
1164 3946 1201 3979 11.
1213 3948 1326 4005 'sgnum

846 4125 967 4173 secundae
983 4125 1080 4186 vigiliae
1097 4134 1119 4184 7,
1133 4136 1172 4186 35.
1198 4126 1325 4186 signabis

845 4194 945 4247 canunt,
958 4188 1000 4235 ubi
1016 4189 1065 4236 duo
1081 4194 1139 4237 sunt
1156 4190 1268 4237 consides
1283 4200 1325 4251 77,

845 4262 884 4312 47.
911 4253 1005 4314 signum
1024 4252 1117 4311 datum,
1135 4251 1160 4301 id
1179 4258 1225 4310 est,
1241 4254 1324 4301 iussus

844 4315 995 4377 imperatoris
1016 4332 1061 4379 per
1080 4322 1159 4365 totum
1182 4316 1318 4365 exercitum
