2934 4800
458 263 678 348 runnx.

56 383 233 432 'ossumius
266 381 421 443 Tempsanus
454 385 548 428 creatur
612 393 703 428 annam
715 379 859 436 exstinctae,
869 379 927 428 ibid.
976 434 979 440 ,

56 454 169 496 aecor
182 461 224 511 39,
236 459 274 508 43.
292 451 408 509 pastores,
418 443 444 492 in
456 443 549 506 Apulis
581 443 713 492 Preeeoad
721 443 846 492 tribunum
853 444 968 494 Celerum
980 439 1086 494 Brutum

56 508 548 638 &exstitistis-titii:

56 639 163 687 lium
175 637 326 700 quaestionis
337 637 476 699 exsequitur
486 651 526 698 41.

56 703 234 751 ?osrtumius
256 702 409 764 Tympanus
428 706 548 764 quaestor,

56 765 193 816 eciditur
204 783 219 815 a
231 765 300 814 Boiis
311 781 350 828 34,
361 777 400 828 47.

56 829 233 880 ?oastumius
250 829 388 892 Pyrgensis,
400 827 549 941 9911144444

56 908 80 954 ’,,
108 908 144 956 3.
170 893 226 942 eius
241 893 343 942 ovantia
359 899 384 942 et
437 893 547 953 44411411.

56 965 203 1008 seusatus
233 959 301 1020 apud
331 957 459 1019 populum,
489 956 547 1007 ibid.

56 1029 123 1071 44441
149 1023 300 1082 tumultum,
314 1021 372 1070 ibid.
389 1021 424 1070 rei
437 1020 549 1084 capitalis

613 508 732 571 populum
747 509 851 556 advocat
870 523 891 566 4,
904 519 944 573 39
963 507 1049 558 Patres
1062 509 1088 557 in

613 572 703 621 4441444
718 573 750 620 41
765 572 915 621 decemuiros
928 578 999 621 vocat
1012 586 1037 634 3,
1047 573 1086 634 38.

613 635 638 683 in
650 636 754 685 concilio
769 637 926 685 Achaeorum
934 651 980 699 per
990 651 1086 699 praeeo-

613 716 679 760 nem,
690 701 817 760 medendi,
827 700 847 749 si
858 701 913 762 quis
925 701 1085 764 4411414414-

612 769 663 813 stas
680 765 708 813 fit
722 781 737 814 4
751 765 931 828 magistratibus
945 779 985 826 34,
1001 781 1039 815 4ο.
1061 764 1087 814 14

614 828 773 878 Isthmiorum
793 828 887 877 ludicro
921 845 992 878 raeco
1010 829 1086 878 Grae

613 891 666 941 cisa
680 893 817 942 libertatem
837 895 976 968 promulgat
992 908 1032 955 33,
1047 907 1086 954 34.

613 971 745 1018 praecones
755 972 799 1020 per
810 956 874 1005 vicos
884 957 977 1006 dimissi
987 959 1019 1006 ad
1030 973 1085 1006 con·

612 1020 707 1069 cionem
718 1019 886 1070 adsooandam
898 1039 923 1082 4,
935 1035 973 1083 34.

56 1103 101 1135 rea
117 1086 155 1136 ei
170 1085 264 1136 dicitur
277 1103 300 1146 4
318 1085 368 1135 41411
384 1085 409 1134 in
427 1085 549 1144 exsilium,
581 1083 677 1138 Praeda
687 1083 712 1132 in
728 1100 816 1147 campo
827 1085 918 1134 Martio
929 1083 1049 1146 exposita,
1059 1091 1088 1134 nt

56 1151 112 1200 rid.

56 1214 243 1273 Postumius,
259 1215 314 1264 trib.
336 1213 407 1262 milit.
427 1212 548 1262 consulari

56 1283 245 1354 4144414144,
267 1292 306 1339 34.
333 1279 418 1326 decem
440 1276 548 1326 millibus

56 1343 448 1465 &euthitius
475 1404 546 1454 ..44.

56 1472 125 1520 sive
142 1470 231 1532 potius
242 1467 338 1534 censor)
351 1482 375 1531 3,
389 1484 408 1518 r.

57 1534 230 1584 Postumius
244 1533 399 1596 Regillensis,
409 1531 464 1584 trib.
475 1531 546 1582 milit.

57 1615 104 1648 os.
117 1605 181 1662 pot.
188 1615 213 1659 4,
221 1613 259 1662 49.
275 1599 349 1646 homo
356 1597 547 1661 praraementis,

56 1664 119 1713 bid.
137 1663 169 1711 in
181 1662 367 1711 euminvehitur
378 1661 484 1712 Sextius.
492 1661 547 1708 trib.

56 1729 88 1777 41.
109 1727 183 1776 ibid.
200 1728 231 1775 ab
245 1726 353 1776 exercitu
366 1741 411 1775 suo
426 1725 548 1788 lapidibus

56 1791 184 1840 rbntitur
195 1801 233 1851 50.

58 1854 227 1904 Postumius
239 1869 289 1931 cos
302 1859 397 1930 creatur
413 1867 436 1913 4,
453 1851 489 1903 46.
506 1851 546 1902 tri·

56 1919 341 2044 aggitisin‘iffiacffl',
347 1919 482 2044 1Alienatus
492 1981 547 2032 mii·

56 2049 127 2096 dtur
142 2047 255 2097 Athenas
270 2047 351 2110 legum
367 2061 440 2095 causa
451 2060 489 2107 31.
506 2047 547 2094 de·

56 2112 165 2162 cemvir
175 2117 271 2161 creatur
284 2125 322 2174 33.
340 2111 442 2173 legatus,
453 2115 548 2172 praeest

56 2177 170 2226 mediae
180 2176 242 2225 aciei
254 2186 291 2237 70.

56 2267 66 2289 ¹.
80 2240 237 2290 Postumius
248 2241 334 2298 Albus,
345 2237 400 2289 trib.
408 2237 480 2288 milit.
492 2253 547 2286 con·

56 2305 146 2352 441441
160 2309 280 2366 potestate
290 2321 314 2363 4,
326 2313 364 2363 45.
382 2303 476 2364 legatus
490 2313 527 2362 47.

56 2386 70 2418 4.
86 2367 247 2427 Postumius,
264 2368 320 2419 trib.
337 2366 408 2416 milit.
428 2365 548 2417 consulari

58 2438 196 2495 potestate
214 2445 237 2493 5,
255 2431 291 2482 46.
313 2432 345 2481 ab
362 2431 455 2493 Aequis
470 2431 548 2495 primo

62 2499 170 2559 pulsus,
180 2512 238 2545 mox
249 2497 347 2545 eosdem
361 2495 435 2545 vincit
447 2496 484 2545 48.

57 2578 75 2621 ,¹-
98 2562 244 2611 Postumius
268 2576 317 2611 cos.
343 2565 439 2609 creatur
463 2559 488 2619 8,
512 2558 548 2609 46.

62 2640 162 2675 censor
178 2636 213 2686 47.
230 2624 344 2687 magister
358 2624 433 2685 equit
450 2637 488 2685 43.
505 2624 548 2673 ite-

66 2704 127 2738 rum
147 2694 243 2737 creatur
258 2704 306 2741 cos.
321 2703 345 2753 9,
363 2701 383 2736 4.
405 2690 450 2737 sub
465 2688 548 2751 iugum

65 2754 182 2803 mittitur
200 2750 223 2801 6.
245 2752 298 2803 eius
314 2752 391 2800 oratio
409 2758 434 2801 et
451 2766 548 2815 magns·

612 1155 891 1276 &ilidii-iii*
893 1150 1087 1276 4111111411

611 1275 729 1339 inopiam,
744 1277 858 1326 venditur
887 1290 949 1337 ,34.
965 1279 997 1325 ad
1013 1292 1085 1338 quae

611 1346 688 1389 stores
702 1343 802 1390 redacta
816 1353 840 1404 5,
852 1291 890 1390 ai.
908 1338 947 1400 46,
959 1352 998 1403 47.
1014 1339 1088 1390 militi

611 1419 726 1454 concessa
742 1404 767 1464 6,
780 1421 804 1464 4,
819 1419 854 1466 43.
874 1416 896 1467 7,
914 1403 951 1466 46,
962 1420 1003 1466 44,
1015 1417 1045 1466 47
1060 1410 1086 1454 41

612 1479 651 1530 44·
669 1467 928 1535 1464444144.
948 1484 985 1526 ιο,
1000 1483 1040 1530 4ο.
1055 1483 1083 1530 ³¹

612 1537 637 1581 et
652 1545 690 1595 43.
710 1547 749 1594 43,
767 1546 795 1596 ¹5
811 1538 836 1581 et
851 1545 889 1595 37.
907 1547 946 1593 44,
964 1532 993 1582 16
1007 1540 1033 1582 et
1047 1548 1085 1593 4ο.

613 1607 652 1659 274
674 1611 754 1672 ¹230s
773 1608 794 1660 7·
812 1610 853 1658 3¹,
872 1608 909 1659 ²7·
929 1612 969 1659 4¹,
988 1609 1025 1658 ¹5·
1045 1611 1085 1659 45,

613 1675 651 1724 34.
667 1662 741 1710 mrlrtr
751 1661 818 1720 data,
828 1667 933 1724 excepto
942 1667 1084 1710 44444141-

610 1729 769 1850 4144·
786 1725 1086 1839 hoelffiidid

611 1869 669 1902 nam
691 1825 798 1916 populus
822 1806 859 1902 ei)
875 1855 935 1904 urbe
960 1853 986 1904 in
1008 1859 1088 1903 eastra

611 1917 699 1966 missus
713 1933 738 1980 5,
753 1932 792 1968 4ο.
814 1917 966 1981 iniquissima
979 1924 1043 1966 sorte
1058 1919 1086 1968 lit

582 2019 585 2030 .
611 1995 704 2040 eorum,
712 1981 755 2043 qni
764 1997 860 2044 pugnae
868 1997 917 2032 non
925 1982 1087 2032 interfuerunt

612 2045 652 2107 38,
672 2059 710 2106 43.
739 2045 901 2094 Macedonica
919 2046 1026 2094 Romam
1046 2047 1087 2095 de·

612 2114 683 2158 recta
697 2119 738 2170 45,
750 2122 789 2170 33.
810 2109 915 2171 praedae
931 2109 1085 2160 Veientanae

612 2172 708 2220 decima
723 2173 836 2236 Apollini
849 2173 908 2222 1414
923 2189 947 2236 5,
962 2187 1000 2234 43.
1028 2190 1085 2237 quo

612 2237 686 2286 modo
700 2238 781 2286 solnta
796 2249 833 2298 43.
851 2239 955 2300 praedae
970 2237 1087 2288 aviditate

612 2301 701 2350 amima
719 2300 814 2350 occasio
832 2301 868 2350 rei
885 2303 948 2352 bene
966 2305 1087 2366 gerendae

612 2366 855 2492 3144111111
873 2368 1087 2493 rattruut

613 2498 638 2543 et
659 2494 790 2557 7444441444
812 2494 899 2544 dividit
914 2495 979 2544 inter
996 2496 1089 2545 milites

613 2570 653 2620 ss.
667 2572 687 2608 1·
704 2559 796 2621 444414
809 2558 945 2620 pastam
955 2565 982 2608 a
997 2560 1087 2623 arpen-

613 2622 654 2671 dio
671 2638 728 2671 cum
750 2622 800 2672 fide
821 2623 978 2683 exsolvendo,
996 2624 1089 2673 milites

613 2686 658 2735 sibi
670 2685 779 2735 maxime
786 2686 901 2736 conciliat
913 2687 1087 2747 Hannibales,

613 2762 637 2812 5.
653 2766 684 2799 ex
693 2750 909 2813 praedamilitibus
916 2752 974 2800 1414
980 2752 1089 2813 praemia

66 2817 143 2866 nima
152 2817 304 2866 4441441148.
322 2830 365 2878 per
375 2816 470 2865 fetiales
481 2816 548 2865 Sam-
616 2830 654 2875 44,
665 2828 703 2877 34.
721 2820 746 2865 41
758 2815 847 2878 passim
858 2814 884 2863 in
894 2815 1031 2878 triumphis

69 2882 168 2931 mitibus
178 2880 282 2940 deditus,
292 2894 342 2929 non
353 2879 472 2942 accipitur
486 2894 522 2929 re.
583 2878 743 2931 Praediorum
775 2879 918 2929 rusicomm
955 2881 1089 2929 locationes

70 3015 113 3057 tor
132 3020 173 3071 37,
185 3020 224 3071 47.
247 3008 345 3057 sortitur
359 3009 549 3057 rurrsdrctronem
613 3008 720 3070 praediis
741 3008 919 3071 praedibusque
939 3010 1032 3072 populo
1049 3025 1087 3058 ea-

72 3075 195 3122 urbansm
216 3076 241 3122 41
263 3071 326 3121 inter
351 3071 488 3134 peregrinos
510 3084 548 3133 34.
614 3073 729 3130 rendum,
756 3072 776 3120 si
803 3088 834 3122 ex
864 3072 957 3123 4444414
984 3073 1090 3137 pecunia

73 3154 126 3187 cos.
141 3152 179 3201 39,
189 3135 212 3186 6.
229 3137 252 3185 ei
264 3134 384 3185 Aebutius
394 3136 472 3197 sperit
484 3136 549 3200 flegi-
614 3141 701 3184 mutus
711 3133 784 3184 detur
794 3150 834 3194 44,
843 3134 883 3187 64.

74 3203 121 3261 tis,
136 3216 197 3263 quae
214 3200 239 3249 in
258 3200 454 3250 Bacchanalibus
470 3209 549 3263 petra·
583 3199 723 3249 Praedones
743 3205 868 3248 terrestres
885 3205 911 3248 et
927 3199 1044 3249 maritimi
1065 3214 1088 3263 7,

77 3272 163 3315 rentur
178 3280 213 3315 44.
232 3280 283 3315 rem
300 3266 332 3315 ad
347 3271 457 3313 senatum
473 3265 550 3316 defert
615 3275 654 3325 43.

80 3344 118 3389 44.
137 3328 186 3379 eius
200 3330 277 3378 oratio
291 3344 364 3391 super
378 3344 407 3379 ea
421 3330 493 3378 read
508 3345 549 3392 po·
583 3326 703 3377 Praefecti
722 3328 825 3441 capum
844 3328 950 3391 primurn
971 3329 1045 3377 creati
1063 3344 1087 3394 9,

80 3396 166 3457 pulum
179 3406 206 3456 15
219 3398 243 3443 et
257 3392 293 3445 46.
309 3408 387 3456 augam
397 3392 500 3445 moritur
510 3408 550 3454 40,
615 3406 653 3441 44.
666 3392 696 3443 ci.
705 3398 754 3441 414
771 3390 825 3451 ‚ru
842 3391 959 3455 praesceti
967 3393 1087 3442 sociorum

614 3454 641 3505 in
652 3456 797 3517 exercitati,
807 3454 847 3518 36.
864 3470 903 3519 43,
916 3468 937 3518 7.
955 3470 995 3519 34,
1005 3470 1043 3519 47.

61 3472 168 3584 1741215441.
179 3522 290 3581 Albinus,
299 3527 396 3585 praetor
406 3522 505 3574 sortitur
515 3522 550 3572 si·
582 3520 716 3571 Praeneste
732 3519 757 3579 6,
769 3535 806 3585 49.
825 3532 848 3581 7,
863 3535 900 3571 44.
918 3523 992 3586 48,9
1010 3533 1051 3582 43,
1066 3536 1087 3571 4.

82 3586 163 3635 eiham
175 3601 212 3652 39,
223 3600 262 3648 45.
274 3602 322 3635 cos.
333 3599 373 3646 41,
386 3585 423 3637 46.
616 3585 749 3635 Praeneste
765 3584 876 3634 desciscit
894 3587 926 3634 ab
946 3585 1040 3635 Latinis
1055 3586 1087 3633 ad

61 3648 96 3711 ip.
107 3652 250 3711 Postumius,
261 3652 405 3713 1434144444,
417 3662 455 3713 43.
615 3650 743 3699 Romanos
754 3662 777 3708 4,
788 3664 823 3713 49.
840 3649 957 3711 recipitur
966 3664 1010 3712 per
1020 3648 1087 3698 dedi·

61 3712 96 3775 ip.
106 3714 240 3767 Postumius
251 3714 398 3777 Regillensis
407 3730 550 3765 4444444444-
614 3712 775 3763 tinnemu'l'.
784 3713 903 3770 Quinctio
914 3711 939 3772 6,
951 3728 988 3787 49.

86 3784 140 3827 atur
148 3776 171 3839 6,
181 3790 217 3841 47.
583 3777 733 3827 Praenestini
741 3777 860 3826 deficiunt
870 3776 894 3835 6,
904 3791 941 3826 44.
958 3777 1087 3825 irsbellum

62 3840 206 3903 Potentisin
223 3842 315 3895 Piceno
329 3858 394 3907 agro,
405 3844 500 3895 colonia
511 3856 551 3909 39,

90 3923 127 3966 44·
142 3921 177 3967 41,
188 3921 225 3969 32·

63 3968 187 4031 Potidania,
197 3972 254 4020 urbs
265 3973 408 4021 Aetolorum
421 3972 460 4031 48,
471 3972 493 4021 8.

63 4031 149 4093 Potitii,
163 4036 192 4084 ab
211 4036 326 4087 Evandro
343 4035 431 4096 edocti,
448 4035 550 4084 ministri

92 4112 202 4149 sacrorum
218 4100 335 4149 Herculis
349 4100 497 4163 permultas
511 4116 549 4149 ae·

92 4166 149 4211 tates
165 4165 229 4213 luere
251 4180 272 4223 4,
291 4175 312 4225 7.
339 4178 420 4213 servos
441 4164 553 4225 publicos

94 4228 200 4276 sollennia
210 4228 297 4277 horum
312 4244 443 4286 sacrorum,
454 4236 552 4277 auctore

96 4290 138 4351 Ap.
152 4292 251 4341 Claudio
276 4307 382 4351 censore,
404 4292 507 4341 edocent
528 4307 553 4357 9,

97 4367 130 4416 49.
145 4356 265 4407 duodecim
277 4372 360 4407 comm
370 4356 479 4407 familiae
489 4356 553 4408 intra

614 3842 782 3892 1411414444.
801 3841 975 3903 4111414447.
992 3846 1089 3890 nutant

614 3921 698 3968 agrurn
719 3905 853 3955 11444441
871 3905 1089 3954 4144441444841

616 3984 655 4035 49.
684 3970 898 4019 Praenestinomm
920 3974 976 4018 octo
996 3968 1089 4031 oppida

614 4038 696 4095 capta,
716 4034 776 4083 ibid.
805 4034 937 4082 Praeneste
958 4033 1087 4081 devectum

615 4096 682 4147 Iovis
696 4097 854 4160 Imperatoris
867 4096 963 4159 signum
977 4095 1003 4145 in
1014 4096 1089 4158 Capi·

616 4161 705 4210 tollam
716 4162 803 4221 latura,
813 4160 871 4209 ibid.
890 4159 1042 4209 Praenestini
1052 4176 1088 4209 re·

616 4226 761 4287 1441144134.
777 4230 877 4274 tuentur
892 4224 1005 4273 Pedanos
1014 4224 1039 4283 8,
1053 4239 1089 4277 1².

617 4290 755 4339 multantur
780 4306 837 4353 agro
866 4305 903 4349 44.
937 4288 1089 4338 Praenestini

617 4354 742 4419 quingenti
767 4370 825 4407 cum
851 4353 970 4454 Perusina
990 4354 1090 4406 cohorte
