2934 4800
352 165 414 228 164
733 158 846 226 ΤΙΤΙ
875 159 1014 228 LIVII

198 307 274 360 uc.
289 297 519 370 sta‘miiitaris
540 297 620 362 haec
642 296 744 374 sedes,
758 295 940 384 vallumque
963 320 1022 386 pro
1044 299 1221 378 moenibus,
1240 313 1283 366 et
1308 313 1405 366 teuto·

197 374 229 425 Δ·
245 373 277 425 ⁰·
293 370 460 451 ¹⁶⁸·‘rium
482 405 576 449 suum
596 383 649 448 cui
672 405 713 448 ue
736 381 832 448 militi
853 383 967 449 domus
986 406 1024 450 ac
1042 399 1176 473 penates
1194 399 1289 452 sunt.
1339 386 1406 453 sne

356 471 443 536 ‘ulla
461 471 537 536 sede
556 469 628 557 vagi
671 470 894 548 'micassemus
909 482 947 535 ut
962 493 1028 558 quo
1047 473 1182 538 victores
1200 495 1265 538 nos
1290 474 1360 538 red
1410 503 1420 527 ι-

357 558 507 623 ‘remusi
552 555 615 621 His
628 555 865 622 difficultatibus
879 568 912 622 et
928 557 1165 645 impedimentis
1179 582 1321 647 pugnae
1372 559 1408 624 ud

358 645 569 732 ‘opponiturz
601 641 691 717 Quid
712 643 740 706 si
760 641 860 707 hostis
877 642 938 707 hac
958 644 1144 732 interposita
1161 661 1261 711 nocte
1284 647 1408 720 abisset,

359 741 369 770 ⁶
401 744 535 796 uantum
556 751 663 794 rursus
684 727 848 815 sequendo
869 752 909 794 co
930 731 1057 816 penitus
1075 732 1110 795 in
1132 731 1286 797 ultimam
1304 731 1409 797 Mace·

343 755 509 882 .‘doniam
530 814 783 881 exhauriendum
805 815 920 880 laboris
938 818 1031 881 erat?
1075 817 1146 904 Ego
1163 834 1289 898 antem,
1308 842 1408 906 neque

358 913 563 969 ‘mansurum
577 925 661 979 eum,
676 923 782 989 neque
797 901 831 965 in
846 902 947 966 aciem
966 903 1073 991 copias
1093 903 1292 970 educturum
1308 905 1409 980 fuiss

359 999 502 1054 ‘certum
524 990 637 1067 habeo,
660 989 688 1053 si
711 987 825 1052 cedere
848 987 924 1053 hinc
947 991 1113 1055 statuisset.
1161 989 1304 1066 Quanto
1329 992 1410 1057 enim

360 1075 611 1176 ‘faciliusnabire
629 1074 701 1150 fuit,
720 1096 821 1161 quum
844 1074 955 1160 procul
976 1076 1164 1154 abessemus,
1184 1100 1289 1165 quam
1317 1101 1409 1178 nima

360 1185 487 1350 ‘iiii
505 1161 869 1313 tsztdtttttt
879 1162 893 1225 a
905 1160 1410 1351 offliafflioeipiiisffi

360 1347 789 1508 ‘tmtttsttt‘itt
802 1335 1408 1510 ffiiffiidiffffl‘di

360 1516 370 1547 ⁴
380 1531 499 1585 sumus,
515 1530 578 1583 eos,
596 1507 714 1572 relictis
736 1507 951 1584 munimentis,
970 1509 1096 1594 agmine
1118 1445 1219 1574 edm
1241 1510 1407 1584 almuntes

360 1595 415 1658 ‘in
437 1595 618 1681 patentibus
639 1593 758 1678 campis
779 1594 820 1657 ab
840 1605 930 1680 tergo
951 1593 1154 1660 adoriamur?
1199 1593 1276 1661 Hae
1292 1596 1406 1660 dilaue

359 1689 371 1718 ‘
403 1702 506 1766 ugnas
532 1703 573 1744 ex
598 1679 746 1744 hesterno
771 1679 824 1742 die
850 1679 884 1742 in
909 1677 1101 1745 hodiernum
1126 1703 1240 1746 causae
1265 1683 1405 1748 firerunt.

359 1702 528 1865 ‘iugnare
554 1765 640 1828 enim
666 1779 700 1830 et
723 1765 784 1852 ipsi
810 1765 889 1829 mihi
915 1765 1038 1848 placen
1072 1779 1106 1831 et
1134 1767 1218 1845 ideo,
1247 1771 1331 1868 qnia

358 1851 542 1938 ‘Enipeum
565 1873 692 1914 amnem
715 1863 825 1938 saepta
847 1851 889 1916 ad
911 1789 1036 1918 iiostem
1056 1854 1108 1917 via
1126 1866 1204 1931 erat,
1227 1854 1296 1920 aho
1317 1789 1405 1930 mid,

359 1937 512 2038 cdeiectis
537 1937 1019 2087 hostinmlpraesidiis,·novu,1n
1047 1939 1109 2004 iter
1132 1941 1265 2028 aperui:
1302 1963 1404 2028 neque

291 2166 299 2183 ‚
379 2046 479 2174 Ρῗὲἓὶ
492 2022 1041 2188 ttzttttttt‘tflttffi,
1057 2112 1172 2199 ,mm
1194 2113 1404 2178 musas

356 2197 547 2261 sententiam
568 2197 646 2273 eius,
666 2197 783 2283 partim
801 2197 983 2262 verentibus
1004 2199 1219 2285 nequicquam
1241 2200 1403 2265 offendere

356 2282 392 2347 in
405 2305 455 2360 eo,
470 2282 568 2369 quod,
585 2295 747 2368 utcunque
762 2283 1026 2369 praetermissum,
1041 2285 1180 2349 revocari
1200 2307 1271 2350 non
1289 2299 1401 2374 poaeet.

358 2371 409 2436 Ac
430 2391 472 2435 ne
494 2369 548 2434 illo
570 2369 638 2456 ipso
656 2367 789 2455 quidem
804 2369 867 2446 die,
887 2381 943 2434 aut
964 2370 1103 2449 consule,
1121 2385 1177 2436 aut
1198 2395 1286 2461 rege,
1305 2375 1402 2461 (rege,

357 2457 445 2545 quod
459 2480 518 2522 nec
532 2456 639 2532 sessos,
651 2470 687 2520 ut
700 2454 814 2542 pridie,
828 2479 869 2520 ex
883 2456 944 2534 via,
956 2480 1062 2545 neque
1077 2458 1275 2546 trepidantes
1288 2462 1325 2525 in
1340 2462 1402 2525 acie

356 2543 542 2608 instruenda
552 2557 585 2608 ct
595 2542 729 2607 vixdum
743 2543 932 2629 compositos
946 2566 1147 2631 aggressurus
1161 2556 1246 2622 erat3
1263 2546 1401 2623 oonmde,

356 2630 446 2715 quod
464 2631 499 2694 in
520 2629 611 2694 novis
629 2629 738 2693 castris
757 2650 823 2693 non
843 2627 939 2715 ligna,
954 2652 1021 2694 non
1040 2631 1191 2718 pabulum
1213 2648 1402 2699 convectum

356 2727 433 2793 erat,
457 2715 604 2803 adquae
629 2714 769 2801 petenda
793 2737 834 2779 ex
862 2716 1051 2803 propinquis
1079 2717 1161 2804 egris
1186 2740 1307 2806 magna
1336 2742 1402 2807 pars

356 2800 495 2865 militum
524 2823 542 2864 e
571 2802 680 2864 castris
708 2801 845 2885 exierat)
869 2816 984 2867 neutro
1012 2804 1238 2891 imperatorum
1265 2806 1401 2881 volente,

357 2885 507 2963 Fortuna,
544 2908 604 2950 uae
624 2886 696 2972 plus
713 2886 852 2951 consiliis
869 2887 1018 2953 ¹humanis
1037 2888 1146 2976 pollet,
1161 2893 1325 2957 contraxit
1340 2916 1402 2958 cer·
1437 2924 1438 2929 ¹

254 3026 260 3036 .
356 2984 473 3036 tamen.
521 2908 663 3035 (i'iumen
699 2986 767 3038 erat
798 2972 886 3038 haud
919 2996 1068 3062 magnum
1103 2998 1160 3063 pro
1184 2976 1233 3041 ius
1265 2978 1400 3044 hostium

261 3120 263 3124 .
301 3063 309 3077 ‘
356 3059 473 3135 castris
488 3080 530 3123 ex
544 3081 610 3145 quo
624 3069 657 3122 et
672 3057 868 3124 Macedones
882 3072 916 3124 et
930 3060 1069 3126 Romani
1087 2999 1300 3149 aquapbantur,
1315 3088 1401 3153 prse-

354 3145 443 3209 sidiis
465 3167 506 3209 ex
529 3158 663 3231 utraque
688 3146 760 3233 ripa
783 3146 902 3232 positis,
927 3160 963 3211 ut
986 3147 1019 3212 id
1042 3147 1145 3213 facere
1169 3162 1240 3215 tuto
1263 3168 1399 3239 possent.
1437 3154 1438 3247 i

355 3230 449 3296 Duae
472 3231 618 3296 cohortes
640 3253 660 3295 a
682 3246 771 3318 parte
797 3231 1014 3298 Romanorum
1038 3247 1138 3313 erant,
1161 3234 1353 3304 Marrucina
1371 3252 1399 3302 et
1437 3254 1438 3303 t

354 3316 506 3469 Peligqa·
534 3317 617 3382 duae
640 3331 762 3386 turmae
787 3316 978 3384 Samnitium
999 3322 1154 3471 equitum,
1173 3323 1293 3409 quibus
1315 3348 1399 3425 prae·
1437 3352 1438 3409 q

499 3366 508 3395 θ

353 3419 421 3470 erat
475 3404 540 3470 .Se
579 3404 628 3469 'us
644 3403 728 3469 Silus
743 3403 881 3490 legatus:
906 3418 939 3469 et
953 3404 1016 3471 aliu
1055 3430 1113 3495 pro
1127 3408 1238 3473 castris
1252 3424 1399 3478 stativum
1437 3426 1438 3477 ἒ

352 3504 421 3556 erat
443 3492 545 3579 praesi
580 3513 635 3555 um
658 3491 717 3555 sub
743 3490 781 3556 C.
796 3488 913 3556 Cluvio
936 3491 1051 3579 legato,
1072 3505 1135 3559 tres
1154 3493 1316 3575 cohortes,
1337 3498 1400 3562 Fn-
1437 3524 1438 3533 ¹

353 3599 456 3655 mana,
471 3577 614 3655 Vestina,
632 3576 878 3653 Cremonensis3
905 3576 987 3643 duae
1011 3593 1132 3645 turmae
1154 3576 1317 3667 equitum,
1332 3584 1399 3649 Pla·

352 3664 480 3727 centina
511 3676 545 3728 et
574 3663 760 3727 Aesernina
809 3660 919 3737 Quum
950 3665 1052 3730 otium
1083 3666 1125 3731 ad
1154 3667 1278 3732 flumen
1311 3684 1398 3747 esset,

352 3750 473 3812 neutris
493 3749 727 3826 lacessentibus,
743 3747 822 3812 hora
843 3749 967 3815 circiter
987 3775 1074 3816 nona
1092 3752 1286 3833 iumentum,
1302 3779 1323 3821 e
1339 3768 1415 3821 mit-⁵
1437 3756 1438 3805 ἶ

383 3926 398 3969 4
418 3909 629 3972 thttooictom]
644 3908 858 3959 Utdeindarictis
923 3926 937 3973 5
954 3912 1026 3961 Hora
1043 3913 1140 3962 aismter
1154 3915 1234 3974 noua]
1262 3914 1308 3963 Ita
1323 3916 1398 3979 legan-
1437 3932 1438 3937 ¹

350 3973 460 4021 hostibus
481 3970 544 4020 nibil
564 3970 718 4032 haberemus,
739 3988 788 4035 quo
812 3988 858 4021 nos
890 3974 950 4023 dnm
964 3976 1059 4024 censuit
1071 3976 1180 4026 Gronov.
1195 3991 1240 4039 pm
1259 3979 1328 4041 vulg.
1342 3982 1397 4029 tm

349 4036 532 4098 reciperemus?
555 4040 600 4083 aut
620 4036 692 4085 nulla
712 4042 793 4085 castra
814 4036 856 4085 ha·
889 4040 988 4088 circiter
1005 4047 1105 4103 φωνὴ,
1123 4054 1200 4103 quum
1219 4054 1298 4103 supra
1316 4045 1396 4093 coam]

349 4101 470 4159 bererum,
487 4115 551 4161 quae
567 4099 698 4149 victoribus
713 4106 856 4162 receptacu-
890 4101 955 4150 diem
967 4104 1101 4152 extraxisse
1114 4104 1141 4153 in
1156 4104 1258 4153 masilia
1269 4105 1353 4156 dictus
1362 4116 1396 4165 nt.

350 4164 402 4212 lum
421 4169 522 4213 cuent?
554 4164 603 4213 Sed
625 4165 782 4213 commodum
802 4179 856 4213 sen-
889 4171 915 4213 st
933 4166 1081 4216 Plutarchus
1097 4168 1186 4217 diserte
1202 4169 1330 4231 smipnen't
1342 4188 1396 4235 pug-

349 4241 404 4276 sum
425 4226 549 4339 honoratim
571 4228 612 4277 vix
634 4228 783 4278 eliciendum
804 4243 857 4277 csse
890 4244 947 4277 nam
959 4237 1073 4294 coeptam
1085 4248 1137 4282 esse
1147 4232 1206 4294 aper
1217 4230 1326 4291 ἐπαίτης.

349 4296 432 4340 censet
504 4304 539 4340 er.
