2934 4800
384 197 614 264 LIB.XLIL
648 199 836 266 CAP.52.
929 221 933 236 ·
1081 205 1126 266 83

48 334 154 400 sicut
170 346 276 412 crant,
291 333 332 400 ad
346 335 532 400 concionem
550 333 682 399 vocavit.
727 333 801 422 lpse
815 335 958 400 constitit
974 336 1008 399 in
1022 336 1167 405 tribu-U.
1178 354 1208 404 c.
1223 353 1280 416 581.

17 435 31 482 ῐ
51 422 146 500 nali,
164 423 252 488 circa
265 444 298 486 se
314 421 435 486 habens
455 421 536 485 filios
551 420 648 484 dnos:
671 443 807 520 quorum
824 423 925 486 maior
942 419 1162 510 Philippus,du
1178 418 1208 468 C·
1225 429 1280 480 171·

50 523 190 574 natura
209 508 316 585 frater,
335 507 506 594 adoptione
526 505 629 582 filius3
652 529 766 585 mmor,
784 531 882 595 quem
901 508 1120 574 Alexandrum

51 596 240 672 vocabant,
250 593 400 659 naturalis
411 606 486 658 erat
534 591 725 658 Cohortatus
739 607 788 658 est
801 594 918 659 milites
931 595 973 660 ad
987 595 1119 660 bellurn:

15 707 31 753 ,-
50 681 223 746 iniuriam
243 680 353 768 populi
375 679 513 744 Romani
533 679 567 742 in
587 693 709 766 patrem
728 703 826 768 seque
846 683 1119 747 commemoravitt

54 776 67 804 ‘
79 767 201 845 Illum,
218 767 364 833 omnibus
376 765 618 852 indignitatibus
632 766 829 854 compulsum
839 767 880 832 ad
893 768 1121 846 rebellandum,
1130 782 1279 832 OratioPer

55 863 69 891 ‘
80 855 179 919 inter
193 868 378 942 apparatum
389 852 437 916 bel
443 851 466 916 li
480 851 545 917 fato
560 875 743 940 oppressum
754 877 763 917 t
787 853 828 918 ad
839 877 872 918 se
887 854 980 918 simul
991 855 1120 942 legatos,
1129 847 1206 960 {ff
1216 847 1261 895 m‘s

53 939 190 1004 ‘simul
208 939 323 1005 milites
337 939 379 1004 ad
393 938 592 1027 occupandas
610 938 763 1004 Graeciae
777 942 872 1004 urbes
885 941 1004 1006 missos.
1049 941 1121 1007 Fal·

53 1027 152 1090 ‘laci
168 1026 287 1091 deinde
302 1025 459 1112 colloquio
474 1048 531 1112 per
545 1025 682 1112 speciem
697 1026 948 1092 reconciliandae
963 1028 1050 1115 pacis
1064 1051 1120 1093 ex·

53 1122 229 1178 ‘tractam
251 1113 398 1189 hiemem,
421 1124 457 1175 ut
479 1125 604 1198 tempus
625 1112 666 1176 ad
687 1135 757 1177 corn
857 1113 934 1179 dum
956 1113 1119 1182 haberent.

54 1198 273 1264 ‘Consulem
293 1221 379 1262 nunc
392 1198 499 1263 venire
520 1220 593 1262 cum
613 1197 736 1263 duabus
769 1199 936 1286 egionibus
955 1200 1119 1278 Romania,
1209 1255 1213 1262 .

11 1305 41 1352 8
55 1293 68 1323 ‘
81 1309 180 1373 quae
196 1287 213 1320 ⁸
229 1287 246 1320 ⁸
262 1297 404 1350 trecenos
422 1285 545 1371 equites
565 1283 710 1363 habeant,
727 1298 761 1350 et
779 1287 848 1373 pari
868 1286 968 1350 ferme
987 1275 1120 1354 numero

56 1373 253 1438 ‘sociorum
274 1370 419 1459 peditum
442 1394 459 1436 e
484 1371 658 1458 uitumque.
704 1370 755 1436 Eo
774 1385 812 1436 ut
832 1373 985 1437 accedant
1007 1395 1119 1458 regum

15 1485 45 1535 9
57 1467 69 1498 ‘
81 1458 213 1524 auxilia
228 1457 382 1523 Eumenis
392 1470 426 1522 ct
480 1457 637 1534 asinissae,
652 1480 718 1522 nou
732 1457 805 1544 plns
818 1471 940 1545 septem
953 1458 1053 1522 millia
1063 1482 1120 1546 pe·

57 1555 70 1582 ⁶
82 1545 208 1622 ditum,
218 1545 283 1610 duo
294 1545 438 1632 equitum
449 1544 562 1609 futrua.
608 1543 739 1608 Auditis
752 1543 892 1608 hostium
900 1545 1008 1632 copiis,
1021 1546 1120 1633 respi-

61 1640 75 1669 ‘
88 1645 208 1696 cerent
224 1653 317 1696 suum
337 1630 397 1718 ipsi
415 1631 608 1696 exercitum:
632 1643 788 1716 quantum
805 1653 948 1707 numero,
987 1645 1120 1697 uantum

61 1727 74 1755 ‘
87 1741 214 1805 genere
229 1717 365 1782 militum
381 1730 574 1805 praestarent
588 1717 752 1794 tironibus,
766 1717 879 1804 raptim
895 1717 937 1782 ad
951 1655 986 1783 id
999 1717 1120 1784 bellum

60 1805 217 1870 ‘conseri
241 1804 289 1881 tis,
301 1804 373 1891 ipsi,
384 1827 404 1868 a
414 1805 519 1891 pueris
529 1802 646 1868 eruditi
657 1804 778 1869 artibus
787 1804 929 1882 militiae,
938 1818 986 1869 tot
996 1805 1119 1870 subacti

59 1900 194 1978 ‘atque
209 1827 313 1956 durati
327 1890 425 1955 hellis.
471 1889 603 1954 Auxilia
617 1888 771 1955 Romanis
786 1890 905 1978 Lydos,
920 1904 954 1957 ct
964 1891 1118 1978 Phrygas,

59 1985 130 2042 ‘et
153 1977 312 2042 Numidas
334 1999 420 2041 csse:
451 1977 510 2042 sibi
533 1977 683 2053 Thracas,
708 1976 891 2063 Gallosque,
913 1978 1129 2042 ferocissimas-

59 2064 249 2153 ‘gcntium
294 2064 396 2128 Arma
415 2061 485 2128 illos
504 2063 618 2128 habere
639 2085 685 2139 ea,
701 2085 784 2149 quae
804 2063 865 2127 sibi
879 2065 1014 2151 quisque
1028 2087 1120 2151 para.-

59 2160 72 2189 ‘
88 2151 181 2216 verit
191 2173 310 2238 pauper
318 2148 424 2214 miles:
448 2148 643 2214 Macedonas
653 2161 800 2250 prompta
807 2172 849 2214 ex
859 2150 946 2237 regio
957 2164 1119 2238 apparatu,

60 2246 155 2326 ‘per
170 2251 219 2302 tot
232 2259 331 2302 anuos
345 2235 441 2324 patris
456 2236 505 2301 sui
520 2257 595 2300 cura
609 2248 641 2299 et
655 2258 800 2323 rmpensa
813 2235 902 2302 facta.
950 2235 1120 2302 Commea-

61 2334 164 2390 ‘tum
179 2323 241 2388 illis
254 2345 355 2411 quum
365 2322 489 2411 procul,
502 2334 569 2387 tum
585 2323 731 2386 omnibus
745 2323 804 2387 sub
818 2324 941 2388 casibus
955 2324 1120 2388 maritimis

62 2422 75 2450 ‘
89 2412 182 2477 fore:
205 2433 238 2475 se
253 2424 286 2477 ct
299 2410 466 2499 pecuniam
478 2423 511 2475 et
524 2410 728 2486 frumentum,
740 2424 865 2497 praeter
878 2410 998 2475 reditus
1009 2410 1120 2476 metal-

63 2499 208 2575 ‘lorum,
223 2498 257 2561 in
272 2498 384 2562 decem
399 2519 498 2561 annos
517 2496 699 2583 seposuisse.
747 2496 875 2573 Omnia,
891 2518 972 2583 quae
988 2494 1121 2561 deorum

38 2584 187 2649 r‘indnl
231 2585 411 2670 ntia,'quae
433 2606 467 2648 rc
489 2584 520 2647 ia
540 2606 616 2647 cura
636 2582 851 2669 praeparanda
871 2582 1006 2658 fueram,
1025 2582 1123 2669 plena

64 2680 168 2737 ‘cum
204 2684 318 2757 ataque
333 2670 448 2734 habere
500 2668 672 2734 acedonast
695 2668 838 2743 animum
848 2668 1031 2733 habendum
1042 2690 1120 2747 csse,

66 2768 196 2847 ‘quem
206 2756 376 2821 habuerint
386 2756 518 2821 maiores
529 2778 653 2831 eorum3
677 2755 744 2843 qui,
755 2755 883 2842 Europa
893 2755 981 2819 omni
989 2755 1120 2833 domita,

68 2842 283 2931 ‘transgressi
302 2844 337 2906 in
359 2842 479 2919 Asiam,
494 2841 691 2928 incognitum
705 2842 806 2907 famae
826 2842 1007 2928 aperuerint
1026 2844 1121 2907 armis

42 2932 204 2997 2‘orbem
222 2944 391 2995 terramm:
416 2951 475 2994 nec
489 2941 563 2993 ante
580 2928 705 2993 vincere
720 2927 881 3005 desierint,
897 2951 993 3016 qnam
1009 2928 1121 2996 Rubro

68 3018 178 3082 ‘mari
206 3015 345 3093 inclusis,
375 3014 463 3101 quod
491 3014 664 3091 vincerent,
694 3014 839 3079 defuerit.
894 3018 950 3091 At,
980 3014 1120 3093 hercule,

71 3116 185 3169 ‘nnuc
199 3126 265 3167 nou
279 3102 320 3167 de
332 3100 450 3166 ultimis
464 3099 576 3165 Indiae
592 3100 663 3177 orie,
676 3101 732 3165 sed
742 3101 783 3165 de
798 3100 896 3189 ipsius
911 3100 1120 3168 Macedoniae

70 3190 291 3279 ‘possessione
307 3203 466 3253 certamen
480 3187 637 3251 fortunam
651 3186 812 3251 indixisse.
860 3187 944 3252 Cum
1001 3200 1046 3252 tre
1063 3211 1121 3252 suo

69 3288 245 3365 ‘gerentes
259 3274 378 3339 bellum
400 3273 561 3338 Romanos
580 3274 756 3360 speciosum
773 3273 926 3338 Graeciae
940 3274 963 3338 li
1004 3274 1121 3339 rendae

72 3362 206 3429 ‘tulisse
218 3360 359 3427 titulum:
383 3382 469 3424 nunc
481 3360 642 3448 propalam
658 3358 880 3425 Macedoniam
896 3360 930 3423 iu
939 3360 1122 3425 servitutem

108 3589 385 3651 catamitum]
399 3587 525 3650 clPolyb.
536 3586 584 3635 llx-
652 3586 1124 3649 1Prccporondosaeront1Fuera'nt,
1151 3579 1158 3589 ’

77 3660 155 3718 oerpt.
169 3650 422 3702 Vatican.xxxrii.6.
619 3650 721 3699 Dukero
747 3655 855 3706 anctore,
880 3649 989 3710 reposuit
1016 3650 1122 3701 Bekkcr.

112 3732 126 3780 7
141 3720 268 3767 Iniuriam
280 3718 368 3779 populi
383 3716 501 3774 Romani]
528 3714 584 3763 Ma·
618 3714 660 3762 sed
676 3712 739 3762 nihil
755 3728 785 3761 ea
798 3711 934 3760 mutatione
950 3727 1012 3775 opus
1025 3720 1069 3764 cst.
1090 3717 1123 3765 et

78 3784 115 3845 gis
137 3783 246 3845 placeret
262 3780 386 3829 Crevisrio
401 3780 516 3837 inludere,
534 3780 585 3826 lau·
617 3792 683 3840 supr.
694 3777 779 3826 xxxvi.
791 3789 830 3840 39.

79 3850 139 3897 dato
149 3844 224 3893 simili
235 3846 290 3893 loco
301 3858 365 3906 supr.
377 3844 401 3892 ii.
414 3845 452 3905 38.
651 3844 761 3891 cRcbro
770 3842 847 3901 mort]
860 3840 1047 3900 Idestindico.
1072 3844 1124 3894 Ve-

115 3912 131 3959 8
147 3912 218 3968 (λειω
234 3910 249 3935 ⁴
266 3910 280 3935 ⁵
296 3916 403 3957 trecenos
420 3908 524 3971 equites]
555 3906 586 3955 In
619 3911 682 3954 teres
692 3904 772 3954 Rubri
782 3905 1124 3957 marianomiaenonintelli·

81 3976 145 4023 hanc
164 3975 280 4021 lacunam
298 3970 436 4021 Gronovius
451 3986 523 4019 voces
538 3973 587 4019 sia-
618 3971 708 4033 gabant
724 3969 877 4019 selummodo
887 3970 1019 4019 Arabicum
1035 3972 1124 4030 sinum,

80 4041 153 4103 palae
166 4054 228 4087 sena
238 4036 316 4085 vatdio
329 4038 439 4099 peditura
449 4044 473 4086 et
483 4035 588 4083 inseran-
620 4033 660 4082 cui
670 4048 737 4082 nunc
750 4032 796 4080 soli
812 4032 873 4082 haec
885 4036 1020 4096 appellatio
1030 4051 1124 4084 reman-

83 4106 126 4152 das
136 4108 226 4151 censet.
621 4098 660 4156 ait,
671 4098 713 4147 sed
724 4103 751 4145 ct
763 4096 885 4145 Persicum
901 4098 990 4157 sinum,
1000 4104 1062 4147 teste
1073 4099 1126 4147 Pli-

25 4218 27 4234 ,
119 4182 134 4232 9
149 4168 208 4215 Non
228 4167 287 4228 plac
308 4172 397 4227 septem
417 4165 508 4223 millia]
538 4164 590 4211 Aut
621 4162 662 4210 nio
678 4164 712 4211 Η.
726 4162 760 4210 N.
776 4162 807 4210 vi.
823 4176 861 4222 ¹⁴-
877 4168 951 4223 atqne
967 4162 1040 4211 etiam
1058 4164 1126 4211 Iudi-

26 4240 27 4287 ξ
83 4246 212 4279 numerum
232 4235 371 4291 corruptum
391 4242 443 4277 ease
462 4244 519 4277 curn
536 4228 589 4276 Du·
622 4242 678 4275 cum
688 4240 771 4275 mare:
788 4230 818 4274 ut
834 4231 902 4287 patet
916 4241 948 4273 ex
963 4226 1012 4274 hoc
1027 4228 1127 4285 loco,et

26 4292 27 4339 ἒ
85 4296 142 4343 kero
156 4294 346 4349 consentiamus,
356 4297 400 4341 aut
411 4307 466 4340 cnm
479 4292 590 4339 Drakeu-
623 4306 653 4339 ex
669 4290 755 4339 Curtio
766 4290 849 4353 viiic.
866 4289 891 4336 in
907 4290 1069 4351 descriptione
1086 4293 1127 4339 ln-

85 4359 182 4409 borchio
195 4358 340 4420 particulam
351 4364 380 4405 ct
391 4357 519 4405 delendam
532 4370 590 4404 esse.
623 4355 685 4403 diae.
703 4354 784 4404 Casa.
806 4354 836 4402 cl.
848 4368 912 4413 supr.
923 4353 1008 4403 xxxvi.
1022 4367 1058 4413 17.

905 4420 961 4477 02
