2934 4800
339 238 547 307 L'I'BROR.
582 240 808 309 DEPERD.
1034 249 1097 315 2³⁷

66 375 183 442 militiae
202 375 402 464 disciplinam
422 377 588 443 revocavit.
635 376 756 443 Omnia
773 374 961 443 deliciarum
981 378 1099 446 inctru-

67 476 162 527 menta
174 463 307 540 recidit3
333 463 396 527 duo
416 462 515 528 millia
533 476 708 529 scortorum
723 486 743 527 a
756 464 864 529 mois
878 464 992 543 eiecit3
1016 466 1099 531 mili-

65 562 120 697 ἔπι
130 549 271 637 quotidie
288 550 433 701 {tuopesre
448 548 758 700 babuitlpptuigintu
767 550 893 615 dierum
902 550 1098 653 irumeptum

116 658 147 699 se
223 658 259 701 os
272 659 293 701 v
339 658 373 700 oa
401 656 471 701 erre
634 658 642 699 ε
887 658 998 702 ronua
1011 660 1100 703 moe·

66 648 294 799 deutiillieclirbat,
313 720 425 797 Quum
443 656 601 808 ghilidete
618 651 1002 800 vmegepeoeppnpyoevfflum
1015 724 1098 791 ferre

67 804 194 871 desinito.
240 808 323 885 Atti,
345 818 470 871 scutum
496 828 630 907 parvum
653 806 800 873 habiliter
823 808 948 887 ferenti,
972 822 1098 875 scutum

67 892 185 979 amplius
211 894 298 959 iusto
327 893 409 957 ferre
438 893 547 959 iuuit:
586 915 693 980 neque
725 892 760 958 id
788 916 822 959 ee
854 895 1096 983 reprehendere,

68 978 179 1062 quaudo
189 980 305 1045 melius
316 991 415 1057 scum,
450 978 649 1067 uamglndio,
662 992 813 1045 uteretur.
846 979 952 1056 Quem
964 980 1099 1047 militem

68 1078 144 1127 extra
163 1065 311 1131 ordinem
335 1002 556 1153 depreleudit,
579 1066 605 1129 ei
626 1064 793 1131 Romanus
815 1078 906 1143 esset,
923 1066 1098 1145 vitibus,si

69 1162 229 1229 extraneus,
245 1152 385 1217 fiuctibus
406 1150 530 1215 cecidit.
577 1148 725 1216 Iumenta
746 1153 862 1229 omnia,
882 1176 924 1217 ne
945 1176 1100 1218 exonere-

69 1248 127 1299 rent
139 1236 281 1315 militem,
293 1236 448 1302 vendidit.
485 1234 587 1337 Saepe
601 1236 750 1303 adversus
763 1238 946 1325 eruptiones
959 1237 1098 1303 hortium

70 1318 185 1387 feliciter
205 1324 372 1411 pugnavit.
417 1320 555 1387 Vaccaei
576 1322 703 1399 obsessi,
718 1321 826 1388 liberie
847 1324 1099 1411 coniugibusque

71 1406 246 1487 uueidadai
287 1410 347 1474 ‘se
362 1409 599 1474 interemerunt.
636 1406 744 1496 Scipio
755 1408 946 1497 amplimima
956 1432 1099 1489 munera,

71 1492 148 1557 mima
159 1496 217 1559 sibi
232 1432 298 1561 uim
290 1494 456 1559 Antiocho
469 1516 543 1582 rege
561 1493 669 1583 Syriae
684 1516 786 1581 quum
799 1493 902 1559 celare
916 1493 986 1560 aliis
999 1495 1101 1583 impe·

72 1580 205 1645 uteribus
223 1602 339 1669 regum
359 1602 493 1645 munera
514 1602 582 1646 moe
600 1594 692 1658 esset,
708 1602 768 1667 pro
786 1580 936 1646 tribunali
953 1595 1102 1668 occeptu-

72 1683 129 1727 nun
154 1688 185 1731 se
213 1690 283 1732 esse
315 1666 408 1744 dixit,
433 1666 603 1754 omnisque
633 1688 672 1731 ea
695 1666 812 1732 referre
860 1684 1036 1731 uaeetmem
1064 1669 1100 1733 in

73 1748 193 1833 publicae
216 1752 343 1818 tabulas
365 1752 474 1818 iussit:
502 1774 543 1818 ex
566 1752 605 1817 ile
627 1774 661 1817 ae
684 1751 760 1816 viris
781 1752 854 1817 fort]
876 1774 914 1817 ue
936 1752 1022 1818 dona
1044 1753 1102 1819 da·

74 1836 908 2001 tpmmmgmpppnundtilquetNumaptiepoepffldione
928 1838 1101 1989 cliiiiot'

76 1940 141 1985 eo
350 1944 491 1989 emere
531 1946 657 2011 urgem
832 1946 958 2011 qurpa
1045 1948 1100 1989 um

76 2006 208 2087 exierant,
233 2010 339 2077 vetuit
366 2008 469 2074 occidi
481 2033 491 2086 3
545 2010 611 2076 uod
639 2009 769 2089 diceret,
795 2009 934 2075 velocius
962 2032 1017 2075 eos
1045 2012 1102 2076 ab·

76 2108 243 2179 sumpturos,
256 2096 412 2162 frumeuti
427 2095 515 2183 quod
523 2032 692 2175 tluberent,
707 2097 733 2161 ei
748 2096 855 2184 plures
867 2096 1009 2161 fuissent

515 2444 639 2512 Lvln.

83 2605 127 2674 l'l
137 2611 436 2682 SEMPRONIUS
449 2615 712 2685 GRACCHUS
726 2615 994 2704 tribunusplebis,
1004 2637 1105 2704 quum

82 2690 166 2794 legem
178 2704 330 2790 agrariam
340 2703 436 2769 ferret
446 2703 594 2769 adversus
603 2704 799 2769 voluntatem
810 2717 938 2768 senatus
948 2716 982 2768 et
991 2723 1105 2788 eques-

84 2791 127 2876 im
138 2786 257 2867 ordinis,
274 2788 329 2854 Ne
344 2788 416 2877 quis
430 2811 471 2854 ex
485 2789 614 2876 publico
628 2811 704 2878 agro
718 2789 801 2876 plue,
817 2809 913 2876 quam
952 2789 1106 2875 uingenta

142 2891 180 2950 ru,
193 2873 378 2961 penideret,
397 2875 430 2938 in
452 2897 527 2940 eum
547 2875 686 2941 firmrem
707 2875 833 2953 exarsit,
849 2889 887 2940 ut
971 2873 1106 2940 Octavio

85 2886 1020 3134 lunufflaautmttatruatoer
1034 2958 1105 3133 tr

448 3093 457 3125 t
575 3093 583 3112 ·
946 3093 957 3124 a
1094 3092 1103 3110 ·

89 3119 234 3198 Claudium
270 3153 427 3209 socerum,
458 3133 637 3198 triumviros
673 3133 714 3198 ud
750 3132 959 3198 dividendum
994 3153 1106 3219 agrum

88 3226 191 3280 curet.
233 3218 453 3305 Promulgevit
475 3233 509 3284 et
531 3218 624 3284 aliam
649 3217 753 3306 legem
775 3219 938 3306 agrariam,
982 3240 1024 3282 ua
1044 3217 1106 3283 sibi

88 3289 162 3362 ¹⁸5OE
255 3327 291 3370 m
314 3303 513 3391 patefaceret,
542 3303 589 3370 Ut
613 3303 711 3370 iidem
738 3305 892 3370 triumviri
918 3304 952 3368 iu
986 3316 1105 3380 carent,

90 3397 138 3462 qut
159 3407 199 3473 pu
219 3389 299 3456 lictu
327 3412 411 3476 ager,
442 3413 506 3477 qua
534 3391 673 3478 privatus
702 3405 792 3456 earet.
839 3389 979 3466 Deinde,
1028 3409 1106 3452 uum

90 3465 173 3564 minus
194 3479 258 3564 agri
284 3488 376 3553 esset,
403 3497 499 3563 quam
524 3475 612 3563 quod
637 3475 739 3541 dividi
763 3488 869 3564 posset
893 3475 962 3538 siue
987 3495 1008 3537 o
1031 3495 1108 3538 enea

92 3563 165 3620 turm
177 3561 284 3647 plebis,
299 3563 451 3650 quoniam
465 3585 520 3628 ecs
534 3561 575 3626 ud
589 3561 798 3650 cupiditatem
817 3559 959 3648 amplum
976 3558 1107 3623 modum

91 3647 209 3732 prandi
222 3649 419 3726 incitaverat,
434 3648 538 3736 legem
553 3669 587 3713 ee
604 3647 879 3736 promulgaturum
894 3643 1043 3722 ostendit,
1060 3643 1108 3709 Ut

93 3739 128 3799 ¹¹⁸,
140 3731 187 3814 qui
202 3733 275 3800 Sem
297 3734 388 3800 ronie
404 3735 474 3820 lege
532 3757 603 3799 rum
623 3735 766 3821 accipere
782 3733 945 3808 deberent,
960 3730 1107 3818 pecunia,

93 3827 156 3890 (lule
217 3821 242 3886 is
293 3820 362 3885 ttali
375 3757 712 3898 firimetfdivideretru.
752 3817 916 3884 Heredem
929 3831 1037 3883 autem
1051 3839 1109 3906 po-

95 3838 371 3993 tuluniiomanum
382 3905 551 4006 reliqueret
563 3905 702 3984 Attalus,
715 3927 772 3971 rex
783 3904 940 3993 Pergami,
954 3903 1109 3968 Eumenia

95 3976 164 4050 filu-⁸·
204 3991 268 4059 Tot
283 3991 526 4080 indignitanbua
540 4004 717 4058 commotus
730 3991 868 4079 graviter
881 4005 1018 4067 senatus,
1033 4002 1109 4053 ante

98 4083 181 4138 Omnes
193 4075 229 4143 T.
241 4079 370 4144 Annius
383 4076 564 4156 consularis,
580 4079 646 4165 qui,
663 4101 763 4165 quum
783 4077 817 4143 in
835 4091 946 4143 senatu
961 4077 996 4139 in
1009 4073 1110 4141 Grac·

97 4148 170 4222 chum
194 4181 374 4250 perorasset,
401 4176 508 4252 raptus
531 4165 571 4230 ab
597 4187 636 4230 eo
665 4163 707 4228 ad
731 4163 896 4253 populum,
922 4161 1109 4249 delatusque

97 4235 170 4330 plebi,
186 4270 285 4316 rursus
305 4251 338 4315 iu
359 4273 433 4316 eum
456 4273 514 4338 pro
537 4252 644 4316 rostris
667 4251 872 4316 concionatus
894 4263 950 4314 est.
998 4248 1109 4324 Quum

99 4333 187 4396 lterum
207 4339 348 4403 tribunus
371 4336 473 4424 plebis
494 4337 592 4403 creari
612 4335 708 4402 vellet
729 4336 904 4416 Gracchus,
923 4348 1050 4404 auctore
1071 4332 1109 4397 P.
