2934 4800
374 218 471 284 srs.
495 217 590 282 xus
617 217 728 286 oss.
755 219 820 308 [.]
1103 227 1124 287 s

66 354 123 433 ito,
154 369 189 420 et
221 355 303 420 nihil
338 356 400 421 tale
432 368 613 422 metuentes
647 356 787 435 adortus,
813 357 967 446 plurimos
992 357 1119 438 cecidit,
1131 369 1166 422 U.
1177 369 1208 421 c.
1226 381 1277 435 574

44 455 167 528 satque
189 443 284 508 etiam
307 442 375 530 ipsa
396 444 473 508 urbe
497 443 616 530 potitus
639 457 695 508 est
744 443 837 523 Sunt,
858 445 915 533 qui
937 467 1005 510 rem
1028 435 1160 511 aliterAt
1176 435 1208 486 ⁰·
1226 436 1273 497 ¹⁷⁸

66 543 218 595 narrent:
259 528 452 607 Gracchum,
482 552 582 630 quum
612 531 825 618 comperisset,
855 531 980 596 hostem
1010 532 1119 620 inopia

66 614 220 694 laborare,
241 630 344 682 castra
365 617 605 681 instructissima
627 617 775 682 omnibus
796 617 967 683 esculentis
988 617 1118 684 deseru-

66 701 148 765 isse:
173 725 257 791 quae
272 703 424 790 adeptum
439 702 574 780 hostem,
590 714 623 768 et
643 705 777 804 repertis
798 705 1048 793 intemperanter
1068 729 1117 771 re·

67 787 192 874 pletum
213 811 416 878 gravemque,
432 787 572 856 reducto
587 804 730 856 exerc1tu
751 791 912 870 Romano,
932 791 1038 858 subito
1060 815 1118 880 op-

66 896 212 961 pressum
227 899 304 942 eoee.

42 973 58 1021 9
112 961 179 1051 [4.]
206 962 371 1041 Cetemm,
386 963 450 1029 sive
473 964 552 1029 haec
574 964 697 1029 diversa
718 979 766 1031 est
786 966 928 1031 eiusdem
946 965 994 1030 rei
1010 979 1116 1054 gestae

67 1051 217 1125 narratio,
240 1051 305 1114 sive
329 1051 390 1115 alia
412 1051 504 1137 plane
529 1073 578 1116 res
604 1074 640 1116 ac
664 1052 805 1131 victoria,
827 1052 1005 1141 complures
1031 1066 1116 1118 certe

67 1137 203 1223 populos
220 1135 394 1214 Gracchus,
410 1150 505 1225 atque
520 1137 600 1202 adeo
616 1151 714 1204 totam
731 1138 965 1204 Celtiberorum
986 1153 1117 1228 gentem

47 1223 258 1308 rperdomuit
312 1222 442 1311 Cepisse
468 1245 542 1288 eum
567 1237 599 1289 et
629 1225 777 1290 evertisse
806 1239 962 1291 trecentas
987 1249 1028 1290 ex
1054 1226 1116 1292 illis

68 1311 173 1387 urbes,
188 1332 373 1398 quanquam
388 1309 541 1398 Polybius
561 1311 664 1398 gravis
685 1311 721 1374 in
743 1312 852 1399 primis
871 1325 982 1377 auctor
995 1335 1117 1399 memo·

67 1410 125 1473 rat,
141 1395 230 1461 baud
245 1411 351 1462 tamen
373 1418 432 1485 pro
452 1411 538 1463 certo
558 1397 712 1462 affirmare
727 1398 849 1475 ausim3
872 1398 934 1462 nisi
948 1398 975 1463 si
989 1398 1116 1464 urbium

67 1483 197 1548 nomine
216 1496 319 1548 turres
339 1496 372 1548 et
391 1483 518 1549 castella
534 1483 742 1570 intelligenda
761 1496 853 1550 sunt:
878 1507 943 1572 quo
957 1484 1117 1550 mendacii

70 1591 186 1654 genere
205 1584 238 1634 et
255 1569 316 1656 ipsi
337 1568 491 1636 bellorum
512 1569 619 1648 duces
635 1583 668 1635 et
685 1571 852 1658 scriptores
866 1593 995 1672 quoque
1017 1571 1116 1637 histo-

70 1656 186 1722 riarum
200 1679 249 1721 res
263 1670 366 1742 gestas
381 1679 533 1721 exornare
548 1669 663 1721 amant
711 1655 797 1722 Nam
813 1657 970 1745 Hispania
983 1657 1115 1746 quidem

68 1742 158 1807 arido
177 1756 210 1809 st
227 1743 349 1808 inculto
371 1743 437 1808 solo
457 1765 604 1830 magnam
623 1745 751 1808 urbium
770 1744 1009 1809 multitudinem
1030 1743 1114 1810 alere

67 1851 131 1893 non
154 1843 270 1918 potest.
316 1830 512 1917 Repugnant
529 1831 624 1894 etiam
642 1829 858 1918 Hispanorum
880 1854 992 1909 mores,
1013 1831 1039 1896 si
1061 1855 1114 1896 sc-

65 1915 268 1982 colss'nostri
283 1917 378 1981 maris
393 1916 541 2003 excipias,
556 1917 614 1982 feri
629 1932 751 2004 agreste
791 1941 841 1995 ue,
857 1941 957 2004 quum
972 1917 1115 1984 civilibus

65 2003 193 2068 urbium
210 2003 417 2068 conventibus
439 2004 649 2068 mansuetiora
662 2003 733 2068 fieri
746 2026 781 2068 so
793 2019 868 2069 eant
882 2004 1047 2068 hominum
1063 2005 1114 2068 in·

65 2091 170 2176 genia.
218 2091 370 2155 Ceterum
407 2090 538 2177 uicquid
560 2090 764 2155 statuendum
779 2105 828 2156 est
842 2091 882 2155 de
902 2113 1036 2156 numero
1057 2105 1114 2157 aut

65 2199 184 2263 genere
200 2177 327 2242 urbium
347 2200 367 2241 a
384 2113 574 2264 hempronio
588 2190 752 2264 captarum
765 2177 901 2263 (etenim
922 2177 957 2241 in
978 2200 1113 2244 numero

44 2285 197 2351 aquaque
212 2263 334 2330 variant
349 2263 524 2350 scriptores,
541 2276 574 2328 et
587 2277 716 2328 centum
731 2264 964 2351 quinquaginta
980 2263 1043 2342 alii,
1059 2264 1114 2329 alii

63 2365 197 2417 centurn
216 2350 278 2417 tria
290 2350 409 2439 oppida
425 2351 465 2415 ab
480 2373 525 2435 eo¹
534 2363 626 2438 capta
639 2350 869 2437 memoravere)
883 2373 915 2415 m
979 2375 1013 2416 as
1026 2365 1112 2417 certe

63 2437 115 2503 ille
134 2460 189 2503 res
206 2438 320 2538 gessit;
343 2460 403 2502 nec
420 2437 541 2503 bellicis
562 2450 686 2503 tantum
708 2437 855 2503 inclaruit
875 2373 1032 2516 laddibus,
1055 2438 1113 2503 sed

63 2537 95 2589 et
113 2546 282 2612 egregium
301 2548 334 2589 sc
352 2524 437 2612 pacis
459 2524 566 2625 legum
589 2547 630 2588 ue
653 2524 884 2609 moderatorem
905 2540 937 2589 et
959 2526 1113 2589 arbitrum

62 2611 201 2677 devictis
215 2611 362 2698 gentibus
376 2612 530 2699 praebrut.
598 2632 649 2675 am
664 2624 698 2676 et
712 2611 818 2676 divisit
828 2611 976 2699 inopibus
990 2634 1111 2698 agruim

62 2712 95 2763 et
108 2698 207 2763 sedes
221 2698 260 2762 sd
276 2696 483 2763 habitandum
504 2697 681 2784 assignavit,
699 2710 733 2762 et
750 2698 897 2762 omnibus
916 2721 954 2763 ea
973 2697 1043 2764 loca
1062 2698 1113 2763 in-

61 2784 245 2850 colentibus
267 2784 392 2872 populis
410 2784 496 2873 leges
515 2797 659 2849 accurate
682 2785 863 2871 descriptas,
882 2786 1055 2872 exquibus
1077 2786 1112 2850 in

61 2872 207 2937 amicitia
221 2894 258 2936 ac
272 2872 421 2935 societate
435 2871 545 2959 populi
561 2870 700 2936 Romani
714 2871 866 2949 viverent,
879 2871 952 2937 dato
967 2895 1041 2937 acce
1064 2886 1113 2938 to·

61 2982 126 3045 que
152 2957 357 3022 iureiurando
383 2957 526 3022 firmavit.
573 2958 683 3044 Atque
704 2957 801 3022 huius
821 2958 952 3045 quidem
977 2895 1113 3023 foederis

60 3045 287 3111 auctoritatem
313 3043 436 3131 saepius
464 3044 643 3131 imploravit
671 3066 808 3131 sequens
837 3058 922 3109 aetas
950 3046 985 3109 in
1012 3044 1113 3123 bellis,

60 3155 148 3219 quae
174 3144 286 3219 postea
311 3144 380 3196 orta
403 3144 486 3195 sunt
534 3130 698 3197 Gracchus
723 3143 966 3197 monumentum
989 3132 1114 3197 virtutis

37 3239 265 3321 superumque
294 3240 422 3283 suorum
450 3216 658 3283 Gracchurim
684 3219 798 3282 urbem
822 3241 880 3284 suo
905 3218 1035 3284 nomine
1065 3218 1115 3282 in·

59 3326 191 3394 signem
209 3326 275 3369 esse
290 3304 399 3381 voluit,
439 3327 497 3368 uae
512 3297 607 3369 antea
620 3303 745 3369 Illurcis
759 3305 990 3370 nominabatur.
1035 3304 1114 3369 Pos-

60 3392 162 3458 tumii
184 3413 289 3455 rerum
306 3390 389 3455 fama
410 3414 429 3455 o
450 3391 570 3456 scurior
588 3404 644 3456 est
689 3389 827 3457 Vaccaei
847 3404 953 3457 tamen
973 3391 1013 3455 ab
1028 3414 1067 3454 eo
1081 3403 1115 3454 et

60 3479 216 3544 Lusitani
237 3477 359 3542 subacti
379 3490 462 3554 sunt,
478 3490 511 3543 et
526 3477 736 3579 quadraginta
749 3500 792 3543 cx
805 3476 856 3541 his
870 3475 995 3564 populis
1012 3476 1116 3541 homi·

37 3586 146 3642 4num
170 3563 269 3629 millia
289 3563 456 3628 interfecti.
502 3562 564 3628 Hrs
579 3566 673 3629 rebus
687 3564 784 3651 gestis
798 3565 901 3639 ambo,
917 3561 1116 3627 advenienti·

56 3654 126 3718 -bus
141 3650 373 3717 successoribus
384 3650 541 3716 exercitus
552 3673 589 3717 sc
603 3651 780 3738 provincias
791 3671 892 3737 quum
903 3648 1115 3730 tradidissent,

99 3927 404 3990 SSuaaqutrsmoltter
414 3924 529 3988 narem]
545 3926 576 3975 cf.
642 3927 775 3988 sosoma
791 3926 893 3973 variant
912 3922 1055 3987 scriptores]
1085 3924 1117 3974 st

66 3990 181 4041 Frontin.
193 3992 296 4053 Strateg.
307 3990 333 4041 ii.
346 4003 368 4054 5.
610 3990 676 4038 Flor.
688 3988 712 4038 ii.
727 3999 764 4050 17.
776 3988 883 4050 Appias.
895 3988 959 4037 Iber.
969 4003 1118 4037 remmom·

100 4070 116 4119 9
134 4056 254 4115 Ceterum
264 4057 316 4105 riva
326 4056 386 4105 baso
398 4053 507 4117 diuersa]
528 4054 578 4105 Ini-
611 4061 662 4103 tum
678 4054 728 4101 tria
743 4054 833 4115 oppida
848 4068 914 4115 supr.
928 4053 963 4102 xl.
974 4067 1013 4116 49.
1025 4066 1117 4100 memo-

65 4119 133 4167 rium
150 4119 238 4181 capitis
252 4119 333 4181 quarti
346 4120 400 4169 inlr.
415 4120 448 4169 ad
463 4134 535 4169 voces
549 4121 577 4167 irs
609 4124 701 4166 rantur.

67 4185 154 4231 Gallio
175 4186 290 4233 Mandra
315 4186 400 4233 arant
421 4184 577 4233 Drakenbor-
642 4179 932 4242 3Graccburimorbem]
949 4178 1117 4239 ciFestuar.

2 4303 3 4306 Ἴ
67 4246 141 4295 chius
151 4254 175 4297 et
187 4247 336 4311 Docringius
347 4256 487 4311 posuerunt.
610 4246 769 4295 Gracchana.

87 4326 116 4422 6r
136 4312 232 4376 Oepisre
248 4313 317 4372 mm]
341 4312 372 4361 cf.
389 4312 484 4362 Strabo.
501 4311 535 4362 iii.
552 4326 576 4374 p.
611 4374 617 4385 Ι
642 4327 657 4372 4
673 4312 723 4384 ¹¹⁸2*
732 4311 806 4421 petus
814 4311 890 4370 pesth
900 4308 982 4367 αηιὸο]
1005 4306 1036 4357 cl.
1047 4308 1117 4358 Oros.

73 4390 82 4422 r
105 4388 127 4435 3.
504 4420 520 4455 ο
610 4390 642 4423 n.
656 4388 694 4423 ao.
705 4389 730 4422 in
742 4390 761 4421 r.
775 4386 797 4433 7.
