<?xml version="1.0" encoding="UTF-8"?>
<!DOCTYPE html PUBLIC "-//W3C//DTD XHTML 1.0 Transitional//EN"
    "http://www.w3.org/TR/xhtml1/DTD/xhtml1-transitional.dtd">
<html xmlns="http://www.w3.org/1999/xhtml" xml:lang="en" lang="en">
 <head>
  <title>
</title>
<meta http-equiv="Content-Type" content="text/html;charset=utf-8" />
  <meta name='ocr-system' content='tesseract 3.04.00' />
  <meta name='ocr-capabilities' content='ocr_page ocr_carea ocr_par ocr_line ocrx_word'/>
</head>
<body>
  <div class='ocr_page' id='page_1' title='image "./tliviipatavinih01kreygoog/tliviipatavinih01kreygoog_0065.png"; bbox 0 0 2934 4800; ppageno 0'>
   <div class='ocr_carea' id='block_1_1' title="bbox 402 243 1143 313">
    <p class='ocr_par' dir='ltr' id='par_1_1' title="bbox 402 243 1143 313">
     <span class='ocr_line' id='line_1_1' title="bbox 402 243 1143 313; baseline 0.007 -5"><span class='ocrx_word' id='word_1_1' title='bbox 402 243 500 308; x_wconf 89' lang='lat' dir='ltr'>LIB.</span> <span class='ocrx_word' id='word_1_2' title='bbox 522 243 631 313; x_wconf 91' lang='lat' dir='ltr'><strong>XLII.</strong></span> <span class='ocrx_word' id='word_1_3' title='bbox 665 245 776 312; x_wconf 89' lang='lat' dir='ltr'><strong>CAP.</strong></span> <span class='ocrx_word' id='word_1_4' title='bbox 793 251 846 311; x_wconf 81' lang='lat'><strong>20.</strong></span> <span class='ocrx_word' id='word_1_5' title='bbox 1101 252 1143 313; x_wconf 75' lang='lat'><strong>55</strong></span> 
     </span>
    </p>
   </div>
   <div class='ocr_carea' id='block_1_2' title="bbox 53 375 1300 2378">
    <p class='ocr_par' dir='ltr' id='par_1_2' title="bbox 53 375 1300 557">
     <span class='ocr_line' id='line_1_2' title="bbox 78 375 1299 470; baseline 0.01 -28"><span class='ocrx_word' id='word_1_6' title='bbox 78 375 190 455; x_wconf 88' lang='lat' dir='ltr'><strong>dicto,</strong></span> <span class='ocrx_word' id='word_1_7' title='bbox 217 393 324 444; x_wconf 85' lang='lat' dir='ltr'><strong>tamen</strong></span> <span class='ocrx_word' id='word_1_8' title='bbox 350 381 413 446; x_wconf 88' lang='lat' dir='ltr'><strong>iam</strong></span> <span class='ocrx_word' id='word_1_9' title='bbox 439 380 577 459; x_wconf 88' lang='lat' dir='ltr'><strong>decreto,</strong></span> <span class='ocrx_word' id='word_1_10' title='bbox 604 383 660 468; x_wconf 93' lang='lat' dir='ltr'><strong>qui</strong></span> <span class='ocrx_word' id='word_1_11' title='bbox 686 404 798 469; x_wconf 76' lang='lat' dir='ltr'><strong>regum</strong></span> <span class='ocrx_word' id='word_1_12' title='bbox 822 403 923 459; x_wconf 78' lang='grc' dir='ltr'>ειιιιιιι,</span> <span class='ocrx_word' id='word_1_13' title='bbox 949 382 1058 447; x_wconf 82' lang='lat' dir='ltr'><strong>Persei</strong></span> <span class='ocrx_word' id='word_1_14' title='bbox 1082 383 1138 470; x_wconf 88' lang='lat' dir='ltr'><strong>qui</strong></span> <span class='ocrx_word' id='word_1_15' title='bbox 1152 401 1186 453; x_wconf 85' lang='lat' dir='ltr'><strong>U.</strong></span> <span class='ocrx_word' id='word_1_16' title='bbox 1196 403 1228 453; x_wconf 85' lang='lat' dir='ltr'><strong>c.</strong></span> <span class='ocrx_word' id='word_1_17' title='bbox 1243 404 1299 466; x_wconf 60' lang='lat'><strong>582</strong></span> 
     </span>
     <span class='ocr_line' id='line_1_3' title="bbox 53 465 1300 557; baseline -0.002 -23"><span class='ocrx_word' id='word_1_18' title='bbox 53 465 233 534; x_wconf 78' lang='lat' dir='ltr'><strong>rsecuturi</strong></span> <span class='ocrx_word' id='word_1_19' title='bbox 253 467 425 532; x_wconf 81' lang='lat' dir='ltr'><strong>amicitiam</strong></span> <span class='ocrx_word' id='word_1_20' title='bbox 441 482 556 545; x_wconf 83' lang='lat' dir='ltr'><strong>essent,</strong></span> <span class='ocrx_word' id='word_1_21' title='bbox 572 467 668 556; x_wconf 79' lang='lat' dir='ltr'><strong>legati</strong></span> <span class='ocrx_word' id='word_1_22' title='bbox 683 468 871 546; x_wconf 78' lang='lat' dir='ltr'><strong>Ariarathis,</strong></span> <span class='ocrx_word' id='word_1_23' title='bbox 886 491 1022 557; x_wconf 85' lang='lat' dir='ltr'><strong>puerum</strong></span> <span class='ocrx_word' id='word_1_24' title='bbox 1036 467 1139 534; x_wconf 88' lang='lat' dir='ltr'><strong>filium</strong></span> <span class='ocrx_word' id='word_1_25' title='bbox 1147 466 1179 518; x_wconf 67' lang='grc' dir='ltr'><strong>Α·</strong></span> <span class='ocrx_word' id='word_1_26' title='bbox 1195 467 1227 519; x_wconf 77' lang='lat'><strong>0·</strong></span> <span class='ocrx_word' id='word_1_27' title='bbox 1244 483 1255 517; x_wconf 90' lang='lat'><em>¹</em></span> <span class='ocrx_word' id='word_1_28' title='bbox 1260 479 1300 531; x_wconf 74' lang='lat'><strong>7²·</strong></span> 
     </span>
    </p>

    <p class='ocr_par' dir='ltr' id='par_1_3' title="bbox 80 551 1140 637">
     <span class='ocr_line' id='line_1_4' title="bbox 80 551 1140 637; baseline 0.005 -21"><span class='ocrx_word' id='word_1_29' title='bbox 80 551 176 637; x_wconf 76' lang='lat' dir='ltr'><strong>regis</strong></span> <span class='ocrx_word' id='word_1_30' title='bbox 197 575 305 618; x_wconf 86' lang='lat' dir='ltr'><strong>secum</strong></span> <span class='ocrx_word' id='word_1_31' title='bbox 320 554 525 632; x_wconf 85' lang='lat' dir='ltr'><strong>adducentes,</strong></span> <span class='ocrx_word' id='word_1_32' title='bbox 543 555 680 620; x_wconf 83' lang='lat' dir='ltr'><strong>Romam</strong></span> <span class='ocrx_word' id='word_1_33' title='bbox 695 569 860 621; x_wconf 86' lang='lat' dir='ltr'><strong>venerunt.</strong></span> <span class='ocrx_word' id='word_1_34' title='bbox 908 555 1054 632; x_wconf 88' lang='lat' dir='ltr'><strong>Quorum</strong></span> <span class='ocrx_word' id='word_1_35' title='bbox 1070 577 1140 621; x_wconf 88' lang='lat' dir='ltr'><strong>ora·</strong></span> 
     </span>
    </p>

    <p class='ocr_par' dir='ltr' id='par_1_4' title="bbox 80 637 1139 727">
     <span class='ocr_line' id='line_1_5' title="bbox 80 637 1139 727; baseline 0.007 -26"><span class='ocrx_word' id='word_1_36' title='bbox 80 637 134 702; x_wconf 83' lang='lat' dir='ltr'><strong>tio</strong></span> <span class='ocrx_word' id='word_1_37' title='bbox 150 638 223 716; x_wconf 83' lang='lat' dir='ltr'><strong>fuit,</strong></span> <span class='ocrx_word' id='word_1_38' title='bbox 241 639 386 727; x_wconf 82' lang='lat' dir='ltr'><strong>‘Regem</strong></span> <span class='ocrx_word' id='word_1_39' title='bbox 398 641 600 708; x_wconf 84' lang='lat' dir='ltr'><strong>educandum</strong></span> <span class='ocrx_word' id='word_1_40' title='bbox 616 641 718 706; x_wconf 86' lang='lat' dir='ltr'><strong>filium</strong></span> <span class='ocrx_word' id='word_1_41' title='bbox 730 642 867 707; x_wconf 86' lang='lat' dir='ltr'><strong>Romam</strong></span> <span class='ocrx_word' id='word_1_42' title='bbox 882 643 1012 719; x_wconf 77' lang='lat' dir='ltr'><strong>misisse,</strong></span> <span class='ocrx_word' id='word_1_43' title='bbox 1025 642 1139 708; x_wconf 87' lang='lat' dir='ltr'><strong>utiam</strong></span> 
     </span>
    </p>

    <p class='ocr_par' dir='ltr' id='par_1_5' title="bbox 83 723 1136 816">
     <span class='ocr_line' id='line_1_6' title="bbox 83 723 1136 816; baseline 0.007 -28"><span class='ocrx_word' id='word_1_44' title='bbox 83 723 188 789; x_wconf 88' lang='lat' dir='ltr'><strong>‘inde</strong></span> <span class='ocrx_word' id='word_1_45' title='bbox 203 749 224 791; x_wconf 87' lang='lat' dir='ltr'><strong>a</strong></span> <span class='ocrx_word' id='word_1_46' title='bbox 236 749 337 814; x_wconf 87' lang='lat' dir='ltr'><strong>puero</strong></span> <span class='ocrx_word' id='word_1_47' title='bbox 351 742 543 794; x_wconf 65' lang='lat' dir='ltr'><strong>asuesceret</strong></span> <span class='ocrx_word' id='word_1_48' title='bbox 557 729 696 794; x_wconf 91' lang='lat' dir='ltr'><strong>moribus</strong></span> <span class='ocrx_word' id='word_1_49' title='bbox 712 729 867 794; x_wconf 85' lang='lat' dir='ltr'><strong>Romanis</strong></span> <span class='ocrx_word' id='word_1_50' title='bbox 880 729 1136 816; x_wconf 85' lang='lat' dir='ltr'><strong>hominibusque.</strong></span> 
     </span>
    </p>

    <p class='ocr_par' dir='ltr' id='par_1_6' title="bbox 84 810 1139 904">
     <span class='ocr_line' id='line_1_7' title="bbox 84 810 1139 904; baseline 0.008 -30"><span class='ocrx_word' id='word_1_51' title='bbox 84 810 238 889; x_wconf 64' lang='lat' dir='ltr'><strong>‘Petere</strong></span> <span class='ocrx_word' id='word_1_52' title='bbox 251 826 288 879; x_wconf 90' lang='lat' dir='ltr'><strong>ut</strong></span> <span class='ocrx_word' id='word_1_53' title='bbox 298 836 373 880; x_wconf 87' lang='lat' dir='ltr'><strong>eum</strong></span> <span class='ocrx_word' id='word_1_54' title='bbox 387 837 452 880; x_wconf 92' lang='lat' dir='ltr'><strong>non</strong></span> <span class='ocrx_word' id='word_1_55' title='bbox 466 816 526 880; x_wconf 91' lang='lat' dir='ltr'><strong>sub</strong></span> <span class='ocrx_word' id='word_1_56' title='bbox 539 815 701 903; x_wconf 88' lang='lat' dir='ltr'><strong>hospitum</strong></span> <span class='ocrx_word' id='word_1_57' title='bbox 716 815 811 881; x_wconf 93' lang='lat' dir='ltr'><strong>modo</strong></span> <span class='ocrx_word' id='word_1_58' title='bbox 825 817 1020 904; x_wconf 88' lang='lat' dir='ltr'><strong>privatorum</strong></span> <span class='ocrx_word' id='word_1_59' title='bbox 1033 829 1139 882; x_wconf 81' lang='lat' dir='ltr'><strong>custo·</strong></span> 
     </span>
    </p>

    <p class='ocr_par' dir='ltr' id='par_1_7' title="bbox 83 897 1138 988">
     <span class='ocr_line' id='line_1_8' title="bbox 83 897 1138 988; baseline 0.007 -26"><span class='ocrx_word' id='word_1_60' title='bbox 83 897 174 976; x_wconf 88' lang='lat' dir='ltr'><strong>‘dia,</strong></span> <span class='ocrx_word' id='word_1_61' title='bbox 186 899 243 965; x_wconf 91' lang='lat' dir='ltr'><strong>sed</strong></span> <span class='ocrx_word' id='word_1_62' title='bbox 259 901 403 988; x_wconf 85' lang='lat' dir='ltr'><strong>publicae</strong></span> <span class='ocrx_word' id='word_1_63' title='bbox 415 902 510 967; x_wconf 90' lang='lat' dir='ltr'><strong>etiam</strong></span> <span class='ocrx_word' id='word_1_64' title='bbox 526 923 619 968; x_wconf 85' lang='lat' dir='ltr'><strong>curae</strong></span> <span class='ocrx_word' id='word_1_65' title='bbox 634 925 672 968; x_wconf 85' lang='lat' dir='ltr'><strong>ac</strong></span> <span class='ocrx_word' id='word_1_66' title='bbox 685 902 774 968; x_wconf 81' lang='lat' dir='ltr'><strong>velut</strong></span> <span class='ocrx_word' id='word_1_67' title='bbox 788 902 906 969; x_wconf 80' lang='lat' dir='ltr'><strong>tutelae</strong></span> <span class='ocrx_word' id='word_1_68' title='bbox 917 902 1037 969; x_wconf 88' lang='lat' dir='ltr'><strong>vellent</strong></span> <span class='ocrx_word' id='word_1_69' title='bbox 1050 905 1138 968; x_wconf 80' lang='lat' dir='ltr'><strong>esse’</strong></span> 
     </span>
    </p>

    <p class='ocr_par' dir='ltr' id='par_1_8' title="bbox 54 984 1204 1178">
     <span class='ocr_line' id='line_1_9' title="bbox 84 984 1136 1076; baseline 0.008 -28"><span class='ocrx_word' id='word_1_70' title='bbox 84 984 140 1049; x_wconf 86' lang='lat' dir='ltr'><strong>Ea</strong></span> <span class='ocrx_word' id='word_1_71' title='bbox 163 986 248 1074; x_wconf 81' lang='lat' dir='ltr'><strong>regis</strong></span> <span class='ocrx_word' id='word_1_72' title='bbox 269 985 385 1076; x_wconf 79' lang='lat' dir='ltr'><strong>legatio</strong></span> <span class='ocrx_word' id='word_1_73' title='bbox 405 1002 495 1076; x_wconf 83' lang='lat' dir='ltr'><strong>grata</strong></span> <span class='ocrx_word' id='word_1_74' title='bbox 515 989 638 1054; x_wconf 82' lang='lat' dir='ltr'><strong>senatui</strong></span> <span class='ocrx_word' id='word_1_75' title='bbox 659 989 729 1054; x_wconf 75' lang='lat' dir='ltr'><strong>fuis</strong></span> <span class='ocrx_word' id='word_1_76' title='bbox 776 989 1005 1068; x_wconf 83' lang='lat' dir='ltr'><strong>Decrevenmt,</strong></span> <span class='ocrx_word' id='word_1_77' title='bbox 1020 1003 1058 1055; x_wconf 92' lang='lat' dir='ltr'><strong>ut</strong></span> <span class='ocrx_word' id='word_1_78' title='bbox 1073 989 1136 1056; x_wconf 84' lang='lat' dir='ltr'><strong>Cn.</strong></span> 
     </span>
     <span class='ocr_line' id='line_1_10' title="bbox 54 1071 1204 1178; baseline 0.01 -42"><span class='ocrx_word' id='word_1_79' title='bbox 54 1071 232 1138; x_wconf 77' lang='lat' dir='ltr'><strong>SSicinius</strong></span> <span class='ocrx_word' id='word_1_80' title='bbox 254 1089 379 1163; x_wconf 86' lang='lat' dir='ltr'><strong>praetor</strong></span> <span class='ocrx_word' id='word_1_81' title='bbox 403 1075 497 1140; x_wconf 87' lang='lat' dir='ltr'><strong>aedes</strong></span> <span class='ocrx_word' id='word_1_82' title='bbox 521 1076 690 1142; x_wconf 84' lang='lat' dir='ltr'><strong>instructas</strong></span> <span class='ocrx_word' id='word_1_83' title='bbox 712 1076 840 1155; x_wconf 82' lang='lat' dir='ltr'><strong>locaret,</strong></span> <span class='ocrx_word' id='word_1_84' title='bbox 865 1077 920 1143; x_wconf 90' lang='lat' dir='ltr'><strong>ubi</strong></span> <span class='ocrx_word' id='word_1_85' title='bbox 945 1078 1029 1143; x_wconf 88' lang='lat' dir='ltr'><strong>filius</strong></span> <span class='ocrx_word' id='word_1_86' title='bbox 1054 1077 1137 1178; x_wconf 71' lang='lat' dir='ltr'><strong>regis</strong></span> <span class='ocrx_word' id='word_1_87' title='bbox 1200 1138 1204 1148; x_wconf 90' lang='lat'><strong>.</strong></span> 
     </span>
    </p>

    <p class='ocr_par' dir='ltr' id='par_1_9' title="bbox 56 1159 1138 1423">
     <span class='ocr_line' id='line_1_11' title="bbox 82 1159 1136 1252; baseline 0.005 -28"><span class='ocrx_word' id='word_1_88' title='bbox 82 1159 286 1248; x_wconf 78' lang='lat' dir='ltr'><strong>comitesque</strong></span> <span class='ocrx_word' id='word_1_89' title='bbox 312 1162 380 1226; x_wconf 90' lang='lat' dir='ltr'><strong>eius</strong></span> <span class='ocrx_word' id='word_1_90' title='bbox 408 1161 549 1228; x_wconf 84' lang='lat' dir='ltr'><strong>habitare</strong></span> <span class='ocrx_word' id='word_1_91' title='bbox 579 1175 718 1250; x_wconf 71' lang='lat' dir='ltr'><strong>poment&#39;</strong></span> <span class='ocrx_word' id='word_1_92' title='bbox 762 1163 807 1228; x_wconf 90' lang='lat' dir='ltr'><strong>Et</strong></span> <span class='ocrx_word' id='word_1_93' title='bbox 829 1163 991 1230; x_wconf 90' lang='lat' dir='ltr'><strong>Thracum</strong></span> <span class='ocrx_word' id='word_1_94' title='bbox 1015 1163 1136 1252; x_wconf 76' lang='lat' dir='ltr'><strong>legatis,</strong></span> 
     </span>
     <span class='ocr_line' id='line_1_12' title="bbox 56 1245 1138 1423; baseline -0.007 -27"><span class='ocrx_word' id='word_1_95' title='bbox 56 1245 326 1421; x_wconf 56' lang='lat' dir='ltr'><strong>,tantbs</strong></span> <span class='ocrx_word' id='word_1_96' title='bbox 351 1249 1138 1423; x_wconf 61' lang='lat' dir='ltr'><strong>ttmstuttuutlmmu:</strong></span> 
     </span>
    </p>

    <p class='ocr_par' dir='ltr' id='par_1_10' title="bbox 84 1417 1137 1524">
     <span class='ocr_line' id='line_1_13' title="bbox 84 1417 1137 1524; baseline 0.005 -42"><span class='ocrx_word' id='word_1_97' title='bbox 84 1417 170 1484; x_wconf 88' lang='lat' dir='ltr'><strong>lium</strong></span> <span class='ocrx_word' id='word_1_98' title='bbox 184 1421 266 1486; x_wconf 86' lang='lat' dir='ltr'><strong>aeris</strong></span> <span class='ocrx_word' id='word_1_99' title='bbox 279 1443 420 1487; x_wconf 86' lang='lat' dir='ltr'><strong>summae</strong></span> <span class='ocrx_word' id='word_1_100' title='bbox 434 1423 470 1487; x_wconf 93' lang='lat' dir='ltr'><strong>in</strong></span> <span class='ocrx_word' id='word_1_101' title='bbox 484 1423 625 1510; x_wconf 82' lang='lat' dir='ltr'><strong>singulos</strong></span> <span class='ocrx_word' id='word_1_102' title='bbox 639 1425 742 1488; x_wconf 84' lang='lat' dir='ltr'><strong>missa.</strong></span> <span class='ocrx_word' id='word_1_103' title='bbox 781 1422 852 1488; x_wconf 89' lang='lat' dir='ltr'><strong>Hos</strong></span> <span class='ocrx_word' id='word_1_104' title='bbox 867 1423 978 1510; x_wconf 91' lang='lat' dir='ltr'><strong>utique</strong></span> <span class='ocrx_word' id='word_1_105' title='bbox 992 1423 1137 1524; x_wconf 77' lang='lat' dir='ltr'><strong>populos,</strong></span> 
     </span>
    </p>

    <p class='ocr_par' dir='ltr' id='par_1_11' title="bbox 87 1506 1138 1596">
     <span class='ocr_line' id='line_1_14' title="bbox 87 1506 1138 1596; baseline 0.006 -26"><span class='ocrx_word' id='word_1_106' title='bbox 87 1506 180 1592; x_wconf 91' lang='lat' dir='ltr'><strong>quod</strong></span> <span class='ocrx_word' id='word_1_107' title='bbox 194 1508 234 1572; x_wconf 89' lang='lat' dir='ltr'><strong>ab</strong></span> <span class='ocrx_word' id='word_1_108' title='bbox 250 1521 339 1596; x_wconf 82' lang='lat' dir='ltr'><strong>tergo</strong></span> <span class='ocrx_word' id='word_1_109' title='bbox 354 1507 566 1575; x_wconf 85' lang='lat' dir='ltr'><strong>Macedoniae</strong></span> <span class='ocrx_word' id='word_1_110' title='bbox 582 1509 720 1575; x_wconf 89' lang='lat' dir='ltr'><strong>Thracia</strong></span> <span class='ocrx_word' id='word_1_111' title='bbox 733 1525 825 1587; x_wconf 86' lang='lat' dir='ltr'><strong>esset,</strong></span> <span class='ocrx_word' id='word_1_112' title='bbox 840 1522 1017 1596; x_wconf 87' lang='lat' dir='ltr'><strong>assumptos</strong></span> <span class='ocrx_word' id='word_1_113' title='bbox 1035 1532 1071 1573; x_wconf 88' lang='grc' dir='ltr'><strong>ιιι</strong></span> <span class='ocrx_word' id='word_1_114' title='bbox 1087 1533 1138 1576; x_wconf 90' lang='lat' dir='ltr'><strong>so·</strong></span> 
     </span>
    </p>

    <p class='ocr_par' dir='ltr' id='par_1_12' title="bbox 89 1591 1138 1683">
     <span class='ocr_line' id='line_1_15' title="bbox 89 1591 1138 1683; baseline 0.004 -27"><span class='ocrx_word' id='word_1_115' title='bbox 89 1591 239 1658; x_wconf 88' lang='lat' dir='ltr'><strong>cictatem</strong></span> <span class='ocrx_word' id='word_1_116' title='bbox 265 1595 454 1682; x_wconf 78' lang='lat' dir='ltr'><strong>gaudebant.</strong></span> <span class='ocrx_word' id='word_1_117' title='bbox 507 1595 572 1662; x_wconf 85' lang='lat' dir='ltr'><strong>Sed</strong></span> <span class='ocrx_word' id='word_1_118' title='bbox 596 1597 690 1662; x_wconf 90' lang='lat' dir='ltr'><strong>utin</strong></span> <span class='ocrx_word' id='word_1_119' title='bbox 714 1595 793 1662; x_wconf 83' lang='lat' dir='ltr'><strong>Asin</strong></span> <span class='ocrx_word' id='word_1_120' title='bbox 816 1618 944 1683; x_wconf 89' lang='lat' dir='ltr'><strong>quoque</strong></span> <span class='ocrx_word' id='word_1_121' title='bbox 970 1608 1004 1660; x_wconf 92' lang='lat' dir='ltr'><strong>et</strong></span> <span class='ocrx_word' id='word_1_122' title='bbox 1027 1595 1138 1660; x_wconf 87' lang='lat' dir='ltr'><strong>insulis</strong></span> 
     </span>
    </p>

    <p class='ocr_par' dir='ltr' id='par_1_13' title="bbox 90 1678 1139 1766">
     <span class='ocr_line' id='line_1_16' title="bbox 90 1678 1139 1766; baseline 0.005 -24"><span class='ocrx_word' id='word_1_123' title='bbox 90 1678 256 1766; x_wconf 85' lang='lat' dir='ltr'><strong>explorata</strong></span> <span class='ocrx_word' id='word_1_124' title='bbox 276 1683 383 1748; x_wconf 87' lang='lat' dir='ltr'><strong>omnia</strong></span> <span class='ocrx_word' id='word_1_125' title='bbox 404 1696 519 1761; x_wconf 86' lang='lat' dir='ltr'><strong>essent,</strong></span> <span class='ocrx_word' id='word_1_126' title='bbox 535 1683 587 1748; x_wconf 85' lang='lat' dir='ltr'><strong>Ti.</strong></span> <span class='ocrx_word' id='word_1_127' title='bbox 600 1681 774 1748; x_wconf 84' lang='lat' dir='ltr'><strong>Claudium</strong></span> <span class='ocrx_word' id='word_1_128' title='bbox 789 1681 964 1760; x_wconf 87' lang='lat' dir='ltr'><strong>Neronem,</strong></span> <span class='ocrx_word' id='word_1_129' title='bbox 981 1680 1028 1748; x_wconf 88' lang='lat' dir='ltr'><strong>M.</strong></span> <span class='ocrx_word' id='word_1_130' title='bbox 1040 1681 1139 1747; x_wconf 90' lang='lat' dir='ltr'><strong>Deci·</strong></span> 
     </span>
    </p>

    <p class='ocr_par' dir='ltr' id='par_1_14' title="bbox 90 1765 1138 1855">
     <span class='ocr_line' id='line_1_17' title="bbox 90 1765 1138 1855; baseline 0.008 -27"><span class='ocrx_word' id='word_1_131' title='bbox 90 1765 192 1830; x_wconf 87' lang='lat' dir='ltr'><strong>mium</strong></span> <span class='ocrx_word' id='word_1_132' title='bbox 217 1767 337 1855; x_wconf 76' lang='lat' dir='ltr'><strong>legatos</strong></span> <span class='ocrx_word' id='word_1_133' title='bbox 362 1769 524 1835; x_wconf 86' lang='lat' dir='ltr'><strong>miserunt.</strong></span> <span class='ocrx_word' id='word_1_134' title='bbox 570 1769 672 1834; x_wconf 89' lang='lat' dir='ltr'><strong>Adire</strong></span> <span class='ocrx_word' id='word_1_135' title='bbox 698 1792 752 1835; x_wconf 89' lang='lat' dir='ltr'><strong>cos</strong></span> <span class='ocrx_word' id='word_1_136' title='bbox 775 1770 905 1835; x_wconf 81' lang='lat' dir='ltr'><strong>Cretam</strong></span> <span class='ocrx_word' id='word_1_137' title='bbox 927 1782 962 1834; x_wconf 89' lang='lat' dir='ltr'><strong>et</strong></span> <span class='ocrx_word' id='word_1_138' title='bbox 984 1768 1138 1836; x_wconf 83' lang='lat' dir='ltr'><strong>Rhodum</strong></span> 
     </span>
    </p>

    <p class='ocr_par' dir='ltr' id='par_1_15' title="bbox 87 1852 1137 1943">
     <span class='ocr_line' id='line_1_18' title="bbox 87 1852 1137 1943; baseline 0.006 -27"><span class='ocrx_word' id='word_1_139' title='bbox 87 1852 260 1933; x_wconf 87' lang='lat' dir='ltr'><strong>iusserunt,</strong></span> <span class='ocrx_word' id='word_1_140' title='bbox 278 1855 373 1920; x_wconf 86' lang='lat' dir='ltr'><strong>simul</strong></span> <span class='ocrx_word' id='word_1_141' title='bbox 394 1879 544 1921; x_wconf 89' lang='lat' dir='ltr'><strong>renovare</strong></span> <span class='ocrx_word' id='word_1_142' title='bbox 565 1856 746 1934; x_wconf 80' lang='lat' dir='ltr'><strong>amicitiam,</strong></span> <span class='ocrx_word' id='word_1_143' title='bbox 760 1855 855 1920; x_wconf 90' lang='lat' dir='ltr'><strong>simul</strong></span> <span class='ocrx_word' id='word_1_144' title='bbox 873 1855 1039 1943; x_wconf 88' lang='lat' dir='ltr'><strong>speculari,</strong></span> <span class='ocrx_word' id='word_1_145' title='bbox 1058 1879 1137 1922; x_wconf 90' lang='lat' dir='ltr'><strong>num</strong></span> 
     </span>
    </p>

    <p class='ocr_par' dir='ltr' id='par_1_16' title="bbox 87 1939 1047 2045">
     <span class='ocr_line' id='line_1_19' title="bbox 87 1939 1047 2045; baseline 0.004 -41"><span class='ocrx_word' id='word_1_146' title='bbox 87 1939 251 2006; x_wconf 85' lang='lat' dir='ltr'><strong>sollicitati</strong></span> <span class='ocrx_word' id='word_1_147' title='bbox 265 1943 363 2006; x_wconf 86' lang='lat' dir='ltr'><strong>animi</strong></span> <span class='ocrx_word' id='word_1_148' title='bbox 378 1943 536 2042; x_wconf 79' lang='lat' dir='ltr'><strong>sociorum</strong></span> <span class='ocrx_word' id='word_1_149' title='bbox 550 1943 590 2008; x_wconf 84' lang='lat' dir='ltr'><strong>ab</strong></span> <span class='ocrx_word' id='word_1_150' title='bbox 603 1965 678 2030; x_wconf 79' lang='lat' dir='ltr'><strong>rege</strong></span> <span class='ocrx_word' id='word_1_151' title='bbox 694 1941 811 2044; x_wconf 77' lang='lat' dir='ltr'><strong>Perseo</strong></span> <span class='ocrx_word' id='word_1_152' title='bbox 825 1956 950 2044; x_wconf 40' lang='lat' dir='ltr'><strong>essent..</strong></span> <span class='ocrx_word' id='word_1_153' title='bbox 1040 2031 1047 2045; x_wconf 43' lang='lat'><strong>·</strong></span> 
     </span>
    </p>

    <p class='ocr_par' dir='ltr' id='par_1_17' title="bbox 65 2025 1267 2377">
     <span class='ocr_line' id='line_1_20' title="bbox 65 2025 1267 2203; baseline 0.007 -27"><span class='ocrx_word' id='word_1_154' title='bbox 65 2132 75 2166; x_wconf 65' lang='grc' dir='ltr'>ι</span> <span class='ocrx_word' id='word_1_155' title='bbox 90 2025 567 2181; x_wconf 52' lang='lat' dir='ltr'><strong>,thabtmnlhhd</strong></span> <span class='ocrx_word' id='word_1_156' title='bbox 581 2044 734 2197; x_wconf 51' lang='lat' dir='ltr'><strong>iffi</strong></span> <span class='ocrx_word' id='word_1_157' title='bbox 726 2043 940 2203; x_wconf 51' lang='lat' dir='ltr'><strong>3⁰32?th</strong></span> <span class='ocrx_word' id='word_1_158' title='bbox 941 2053 964 2152; x_wconf 87' lang='lat'><strong>¹·</strong></span> <span class='ocrx_word' id='word_1_159' title='bbox 973 2030 1060 2182; x_wconf 70' lang='lat' dir='ltr'><strong>ill</strong></span> <span class='ocrx_word' id='word_1_160' title='bbox 1072 2053 1138 2182; x_wconf 70' lang='lat' dir='ltr'><strong>lt</strong></span> <span class='ocrx_word' id='word_1_161' title='bbox 1148 2041 1267 2185; x_wconf 52' lang='lat' dir='ltr'><strong>adit</strong></span> 
     </span>
     <span class='ocr_line' id='line_1_21' title="bbox 89 2139 1137 2377; baseline 0.002 -112"><span class='ocrx_word' id='word_1_162' title='bbox 89 2139 340 2353; x_wconf 42' lang='lat' dir='ltr'><strong>iiiirii&#39;condiiiig?</strong></span> <span class='ocrx_word' id='word_1_163' title='bbox 354 2204 407 2268; x_wconf 90' lang='lat' dir='ltr'><strong>cui</strong></span> <span class='ocrx_word' id='word_1_164' title='bbox 427 2201 548 2354; x_wconf 40' lang='lat' dir='ltr'><strong>colliga</strong></span> <span class='ocrx_word' id='word_1_165' title='bbox 566 2201 633 2268; x_wconf 88' lang='lat' dir='ltr'><strong>Ser.</strong></span> <span class='ocrx_word' id='word_1_166' title='bbox 644 2203 784 2377; x_wconf 47' lang='lat' dir='ltr'><strong>Foliiigiisl</strong></span> <span class='ocrx_word' id='word_1_167' title='bbox 796 2203 975 2367; x_wconf 50' lang='lat' dir='ltr'><strong>suithatqtqa,</strong></span> <span class='ocrx_word' id='word_1_168' title='bbox 974 2203 1033 2354; x_wconf 63' lang='lat' dir='ltr'><strong>aqld</strong></span> <span class='ocrx_word' id='word_1_169' title='bbox 1036 2204 1137 2268; x_wconf 91' lang='lat' dir='ltr'><strong>imum</strong></span> 
     </span>
    </p>

    <p class='ocr_par' dir='ltr' id='par_1_18' title="bbox 171 2304 1138 2378">
     <span class='ocr_line' id='line_1_22' title="bbox 171 2304 1138 2378; baseline 0.003 -26"><span class='ocrx_word' id='word_1_170' title='bbox 171 2311 225 2353; x_wconf 88' lang='lat' dir='ltr'><strong>mc</strong></span> <span class='ocrx_word' id='word_1_171' title='bbox 274 2304 448 2356; x_wconf 83' lang='lat' dir='ltr'><strong>scussaest</strong></span> <span class='ocrx_word' id='word_1_172' title='bbox 514 2313 660 2378; x_wconf 70' lang='lat' dir='ltr'><strong>areqpr</strong></span> <span class='ocrx_word' id='word_1_173' title='bbox 747 2313 759 2354; x_wconf 92' lang='lat'>1</span> <span class='ocrx_word' id='word_1_174' title='bbox 785 2313 844 2355; x_wconf 91' lang='lat' dir='ltr'><strong>ooo</strong></span> <span class='ocrx_word' id='word_1_175' title='bbox 921 2313 931 2354; x_wconf 93' lang='grc' dir='ltr'>ι</span> <span class='ocrx_word' id='word_1_176' title='bbox 1046 2313 1138 2356; x_wconf 88' lang='lat' dir='ltr'><strong>sena·</strong></span> 
     </span>
    </p>
   </div>
   <div class='ocr_carea' id='block_1_3' title="bbox 91 2375 1140 2477">
    <p class='ocr_par' dir='ltr' id='par_1_19' title="bbox 91 2375 1140 2477">
     <span class='ocr_line' id='line_1_23' title="bbox 91 2375 1140 2477; baseline 0.006 -39"><span class='ocrx_word' id='word_1_177' title='bbox 91 2386 161 2439; x_wconf 90' lang='lat' dir='ltr'><strong>tum</strong></span> <span class='ocrx_word' id='word_1_178' title='bbox 175 2375 275 2443; x_wconf 85' lang='lat' dir='ltr'><strong>relata</strong></span> <span class='ocrx_word' id='word_1_179' title='bbox 289 2390 344 2442; x_wconf 85' lang='lat' dir='ltr'><strong>est</strong></span> <span class='ocrx_word' id='word_1_180' title='bbox 383 2377 494 2467; x_wconf 64' lang='lat' dir='ltr'><strong>Patres</strong></span> <span class='ocrx_word' id='word_1_181' title='bbox 508 2377 548 2443; x_wconf 88' lang='lat' dir='ltr'><strong>ad</strong></span> <span class='ocrx_word' id='word_1_182' title='bbox 564 2375 745 2477; x_wconf 72' lang='lat' dir='ltr'><strong>haruspices</strong></span> <span class='ocrx_word' id='word_1_183' title='bbox 759 2377 886 2455; x_wconf 86' lang='lat' dir='ltr'><strong>referre,</strong></span> <span class='ocrx_word' id='word_1_184' title='bbox 896 2389 931 2443; x_wconf 88' lang='lat' dir='ltr'><strong>et</strong></span> <span class='ocrx_word' id='word_1_185' title='bbox 945 2376 1140 2444; x_wconf 86' lang='lat' dir='ltr'><strong>decemviros</strong></span> 
     </span>
    </p>
   </div>
   <div class='ocr_carea' id='block_1_4' title="bbox 68 2460 1139 2552">
    <p class='ocr_par' dir='ltr' id='par_1_20' title="bbox 68 2460 1139 2552">
     <span class='ocr_line' id='line_1_24' title="bbox 68 2460 1139 2552; baseline 0.004 -27"><span class='ocrx_word' id='word_1_186' title='bbox 68 2460 180 2527; x_wconf 72' lang='lat' dir='ltr'><strong>sadire</strong></span> <span class='ocrx_word' id='word_1_187' title='bbox 203 2462 299 2529; x_wconf 87' lang='lat' dir='ltr'><strong>libros</strong></span> <span class='ocrx_word' id='word_1_188' title='bbox 324 2464 491 2529; x_wconf 83' lang='lat' dir='ltr'><strong>iusserunt.</strong></span> <span class='ocrx_word' id='word_1_189' title='bbox 537 2464 731 2542; x_wconf 78' lang='lat' dir='ltr'><strong>Decemviri,</strong></span> <span class='ocrx_word' id='word_1_190' title='bbox 753 2463 953 2529; x_wconf 88' lang='lat' dir='ltr'><strong>lustrandum</strong></span> <span class='ocrx_word' id='word_1_191' title='bbox 974 2464 1139 2552; x_wconf 87' lang='lat' dir='ltr'><strong>oppidum,</strong></span> 
     </span>
    </p>
   </div>
   <div class='ocr_carea' id='block_1_5' title="bbox 91 2672 1192 4471">
    <p class='ocr_par' dir='ltr' id='par_1_21' title="bbox 91 2672 1192 4471">
     <span class='ocr_line' id='line_1_25' title="bbox 125 2672 1140 2739; baseline 0.001 -16"><span class='ocrx_word' id='word_1_192' title='bbox 125 2676 396 2737; x_wconf 57' lang='lat' dir='ltr'><strong>necessumst,</strong></span> <span class='ocrx_word' id='word_1_193' title='bbox 403 2676 599 2739; x_wconf 70' lang='lat' dir='ltr'><strong>pummfilium</strong></span> <span class='ocrx_word' id='word_1_194' title='bbox 631 2674 690 2723; x_wconf 90' lang='lat' dir='ltr'><strong>dum</strong></span> <span class='ocrx_word' id='word_1_195' title='bbox 712 2674 851 2723; x_wconf 83' lang='lat' dir='ltr'><strong>circumiret</strong></span> <span class='ocrx_word' id='word_1_196' title='bbox 868 2678 895 2723; x_wconf 82' lang='lat' dir='ltr'><strong>et</strong></span> <span class='ocrx_word' id='word_1_197' title='bbox 910 2674 1015 2723; x_wconf 80' lang='lat' dir='ltr'><strong>ambiret</strong></span> <span class='ocrx_word' id='word_1_198' title='bbox 1032 2672 1140 2724; x_wconf 78' lang='lat' dir='ltr'><strong>victima.</strong></span> 
     </span>
     <span class='ocr_line' id='line_1_26' title="bbox 91 2740 1141 2801; baseline -0.002 -12"><span class='ocrx_word' id='word_1_199' title='bbox 91 2740 157 2801; x_wconf 72' lang='lat' dir='ltr'><strong>nois</strong></span> <span class='ocrx_word' id='word_1_200' title='bbox 175 2756 257 2789; x_wconf 68' lang='lat' dir='ltr'><strong>muas</strong></span> <span class='ocrx_word' id='word_1_201' title='bbox 278 2742 435 2801; x_wconf 74' lang='lat' dir='ltr'><strong>sddsoerrtu]</strong></span> <span class='ocrx_word' id='word_1_202' title='bbox 466 2740 517 2789; x_wconf 88' lang='lat' dir='ltr'><strong>Hic</strong></span> <span class='ocrx_word' id='word_1_203' title='bbox 538 2754 599 2801; x_wconf 87' lang='lat' dir='ltr'><strong>puer</strong></span> <span class='ocrx_word' id='word_1_204' title='bbox 630 2740 933 2799; x_wconf 61' lang='lat' dir='ltr'><strong>Lmtrotwellustrcm</strong></span> <span class='ocrx_word' id='word_1_205' title='bbox 943 2753 1074 2789; x_wconf 84' lang='lat' dir='ltr'><strong>commune</strong></span> <span class='ocrx_word' id='word_1_206' title='bbox 1088 2744 1141 2787; x_wconf 84' lang='lat' dir='ltr'><strong>erat</strong></span> 
     </span>
     <span class='ocr_line' id='line_1_27' title="bbox 93 2802 1140 2867; baseline -0.002 -14"><span class='ocrx_word' id='word_1_207' title='bbox 93 2818 142 2853; x_wconf 85' lang='lat' dir='ltr'><strong>uon</strong></span> <span class='ocrx_word' id='word_1_208' title='bbox 153 2810 205 2851; x_wconf 76' lang='lat' dir='ltr'><strong>erat</strong></span> <span class='ocrx_word' id='word_1_209' title='bbox 214 2804 335 2866; x_wconf 78' lang='lat' dir='ltr'><strong>genuinus</strong></span> <span class='ocrx_word' id='word_1_210' title='bbox 347 2804 410 2867; x_wconf 78' lang='lat' dir='ltr'><strong>regis</strong></span> <span class='ocrx_word' id='word_1_211' title='bbox 420 2804 494 2865; x_wconf 89' lang='lat' dir='ltr'><strong>filius,</strong></span> <span class='ocrx_word' id='word_1_212' title='bbox 504 2804 547 2853; x_wconf 90' lang='lat' dir='ltr'><strong>sed</strong></span> <span class='ocrx_word' id='word_1_213' title='bbox 561 2802 598 2851; x_wconf 87' lang='lat' dir='ltr'><strong>illi</strong></span> <span class='ocrx_word' id='word_1_214' title='bbox 631 2818 720 2851; x_wconf 84' lang='lat' dir='ltr'><strong>nomen</strong></span> <span class='ocrx_word' id='word_1_215' title='bbox 732 2803 842 2853; x_wconf 89' lang='lat' dir='ltr'><strong>omnium</strong></span> <span class='ocrx_word' id='word_1_216' title='bbox 858 2802 1040 2867; x_wconf 78' lang='lat' dir='ltr'><strong>sacrificiorum,</strong></span> <span class='ocrx_word' id='word_1_217' title='bbox 1049 2803 1076 2851; x_wconf 91' lang='lat' dir='ltr'><strong>in</strong></span> <span class='ocrx_word' id='word_1_218' title='bbox 1087 2802 1140 2865; x_wconf 88' lang='lat' dir='ltr'><strong>qui·</strong></span> 
     </span>
     <span class='ocr_line' id='line_1_28' title="bbox 93 2866 1140 2927; baseline 0 -12"><span class='ocrx_word' id='word_1_219' title='bbox 93 2867 203 2917; x_wconf 82' lang='lat' dir='ltr'><strong>subditus</strong></span> <span class='ocrx_word' id='word_1_220' title='bbox 227 2870 259 2916; x_wconf 83' lang='lat' dir='ltr'><strong>ab</strong></span> <span class='ocrx_word' id='word_1_221' title='bbox 282 2868 429 2917; x_wconf 78' lang='lat' dir='ltr'><strong>Antiochida</strong></span> <span class='ocrx_word' id='word_1_222' title='bbox 451 2884 535 2927; x_wconf 83' lang='lat' dir='ltr'><strong>uxore,</strong></span> <span class='ocrx_word' id='word_1_223' title='bbox 557 2866 599 2915; x_wconf 89' lang='lat' dir='ltr'><strong>diu</strong></span> <span class='ocrx_word' id='word_1_224' title='bbox 631 2868 677 2916; x_wconf 91' lang='lat' dir='ltr'><strong>bus</strong></span> <span class='ocrx_word' id='word_1_225' title='bbox 692 2866 772 2916; x_wconf 81' lang='lat' dir='ltr'><strong>hostia</strong></span> <span class='ocrx_word' id='word_1_226' title='bbox 788 2867 1019 2916; x_wconf 81' lang='lat' dir='ltr'><strong>circumducebabrr.</strong></span> <span class='ocrx_word' id='word_1_227' title='bbox 1053 2866 1080 2916; x_wconf 83' lang='lat' dir='ltr'><strong>si</strong></span> <span class='ocrx_word' id='word_1_228' title='bbox 1096 2866 1140 2915; x_wconf 88' lang='lat' dir='ltr'><strong>cir·</strong></span> 
     </span>
     <span class='ocr_line' id='line_1_29' title="bbox 94 2930 1139 2995; baseline 0 -15"><span class='ocrx_word' id='word_1_229' title='bbox 94 2931 185 2981; x_wconf 84' lang='lat' dir='ltr'><strong>sterili:</strong></span> <span class='ocrx_word' id='word_1_230' title='bbox 203 2946 266 2994; x_wconf 87' lang='lat' dir='ltr'><strong>quac</strong></span> <span class='ocrx_word' id='word_1_231' title='bbox 277 2938 370 2995; x_wconf 83' lang='lat' dir='ltr'><strong>postea,</strong></span> <span class='ocrx_word' id='word_1_232' title='bbox 381 2946 456 2995; x_wconf 88' lang='lat' dir='ltr'><strong>quum</strong></span> <span class='ocrx_word' id='word_1_233' title='bbox 468 2932 546 2980; x_wconf 86' lang='lat' dir='ltr'><strong>filium</strong></span> <span class='ocrx_word' id='word_1_234' title='bbox 558 2946 600 2993; x_wconf 84' lang='lat' dir='ltr'><strong>pe·</strong></span> <span class='ocrx_word' id='word_1_235' title='bbox 633 2946 689 2979; x_wconf 89' lang='lat' dir='ltr'><strong>cum</strong></span> <span class='ocrx_word' id='word_1_236' title='bbox 708 2933 803 2990; x_wconf 90' lang='lat' dir='ltr'><strong>urbem,</strong></span> <span class='ocrx_word' id='word_1_237' title='bbox 819 2932 945 2981; x_wconf 82' lang='lat' dir='ltr'><strong>dicebatur</strong></span> <span class='ocrx_word' id='word_1_238' title='bbox 961 2930 1078 2994; x_wconf 83' lang='lat' dir='ltr'><strong>peculiari</strong></span> <span class='ocrx_word' id='word_1_239' title='bbox 1096 2946 1139 2980; x_wconf 78' lang='lat' dir='ltr'><strong>nc</strong></span> 
     </span>
     <span class='ocr_line' id='line_1_30' title="bbox 95 2994 1192 3059; baseline -0.001 -14"><span class='ocrx_word' id='word_1_240' title='bbox 95 2994 264 3058; x_wconf 64' lang='lat' dir='ltr'><strong>metram</strong></span> <span class='ocrx_word' id='word_1_241' title='bbox 279 2996 546 3059; x_wconf 78' lang='lat' dir='ltr'><strong>totamriroaperuit:</strong></span> <span class='ocrx_word' id='word_1_242' title='bbox 564 3000 600 3044; x_wconf 82' lang='lat' dir='ltr'><strong>at-</strong></span> <span class='ocrx_word' id='word_1_243' title='bbox 632 2995 699 3044; x_wconf 87' lang='lat' dir='ltr'><strong>mino</strong></span> <span class='ocrx_word' id='word_1_244' title='bbox 716 2998 887 3054; x_wconf 64' lang='lat' dir='ltr'><strong>cadurciam</strong></span> <span class='ocrx_word' id='word_1_245' title='bbox 912 2996 933 3044; x_wconf 88' lang='lat' dir='ltr'><strong>si</strong></span> <span class='ocrx_word' id='word_1_246' title='bbox 951 2996 1043 3045; x_wconf 90' lang='lat' dir='ltr'><strong>circum</strong></span> <span class='ocrx_word' id='word_1_247' title='bbox 1062 3010 1140 3059; x_wconf 74' lang='lat' dir='ltr'><strong>agros,</strong></span> <span class='ocrx_word' id='word_1_248' title='bbox 1187 3024 1192 3032; x_wconf 94' lang='lat'><em>·</em></span> 
     </span>
     <span class='ocr_line' id='line_1_31' title="bbox 94 3058 1140 3123; baseline -0.001 -15"><span class='ocrx_word' id='word_1_249' title='bbox 94 3075 142 3121; x_wconf 91' lang='lat' dir='ltr'><strong>que</strong></span> <span class='ocrx_word' id='word_1_250' title='bbox 160 3058 212 3119; x_wconf 84' lang='lat' dir='ltr'><strong>ille,</strong></span> <span class='ocrx_word' id='word_1_251' title='bbox 226 3076 257 3111; x_wconf 84' lang='lat' dir='ltr'><strong>ne</strong></span> <span class='ocrx_word' id='word_1_252' title='bbox 274 3061 316 3109; x_wconf 90' lang='lat' dir='ltr'><strong>hio</strong></span> <span class='ocrx_word' id='word_1_253' title='bbox 332 3060 473 3111; x_wconf 86' lang='lat' dir='ltr'><strong>subdititius</strong></span> <span class='ocrx_word' id='word_1_254' title='bbox 491 3058 601 3123; x_wconf 78' lang='lat' dir='ltr'><strong>legitimo</strong></span> <span class='ocrx_word' id='word_1_255' title='bbox 632 3062 802 3118; x_wconf 74' lang='lat' dir='ltr'><strong>amboruolio5</strong></span> <span class='ocrx_word' id='word_1_256' title='bbox 832 3061 853 3109; x_wconf 89' lang='lat' dir='ltr'><strong>si</strong></span> <span class='ocrx_word' id='word_1_257' title='bbox 878 3060 970 3109; x_wconf 91' lang='lat' dir='ltr'><strong>circum</strong></span> <span class='ocrx_word' id='word_1_258' title='bbox 995 3060 1140 3120; x_wconf 85' lang='lat' dir='ltr'><strong>exercitum,</strong></span> 
     </span>
     <span class='ocr_line' id='line_1_32' title="bbox 94 3124 1139 3187; baseline 0.001 -15"><span class='ocrx_word' id='word_1_259' title='bbox 94 3124 177 3172; x_wconf 89' lang='lat' dir='ltr'><strong>heredi</strong></span> <span class='ocrx_word' id='word_1_260' title='bbox 189 3124 312 3186; x_wconf 76' lang='lat' dir='ltr'><strong>negotium</strong></span> <span class='ocrx_word' id='word_1_261' title='bbox 326 3125 384 3173; x_wconf 88' lang='lat' dir='ltr'><strong>olim</strong></span> <span class='ocrx_word' id='word_1_262' title='bbox 393 3126 531 3182; x_wconf 81' lang='lat' dir='ltr'><strong>facesseret,</strong></span> <span class='ocrx_word' id='word_1_263' title='bbox 543 3138 600 3173; x_wconf 88' lang='lat' dir='ltr'><strong>eum</strong></span> <span class='ocrx_word' id='word_1_264' title='bbox 633 3126 705 3173; x_wconf 70' lang='lat' dir='ltr'><strong>histri</strong></span> <span class='ocrx_word' id='word_1_265' title='bbox 715 3124 909 3187; x_wconf 82' lang='lat' dir='ltr'><strong>appellationem</strong></span> <span class='ocrx_word' id='word_1_266' title='bbox 921 3125 1048 3174; x_wconf 71' lang='lat' dir='ltr'><strong>retinebat</strong></span> <span class='ocrx_word' id='word_1_267' title='bbox 1080 3126 1139 3173; x_wconf 82' lang='grc' dir='ltr'>Αιιι-</span> 
     </span>
     <span class='ocr_line' id='line_1_33' title="bbox 95 3188 1138 3253; baseline -0.001 -16"><span class='ocrx_word' id='word_1_268' title='bbox 95 3188 179 3251; x_wconf 84' lang='lat' dir='ltr'><strong>procul</strong></span> <span class='ocrx_word' id='word_1_269' title='bbox 204 3190 236 3237; x_wconf 86' lang='lat' dir='ltr'><strong>ab</strong></span> <span class='ocrx_word' id='word_1_270' title='bbox 257 3189 417 3253; x_wconf 83' lang='lat' dir='ltr'><strong>Cappadocia</strong></span> <span class='ocrx_word' id='word_1_271' title='bbox 443 3189 599 3238; x_wconf 74' lang='lat' dir='ltr'><strong>amandabat</strong></span> <span class='ocrx_word' id='word_1_272' title='bbox 632 3188 1138 3252; x_wconf 64' lang='lat' dir='ltr'><strong>madlamdescnbiturapudLucan.i.5qs.</strong></span> 
     </span>
     <span class='ocr_line' id='line_1_34' title="bbox 95 3252 1139 3315; baseline 0.001 -13"><span class='ocrx_word' id='word_1_273' title='bbox 95 3254 176 3302; x_wconf 81' lang='lat' dir='ltr'><strong>Cur.</strong></span> <span class='ocrx_word' id='word_1_274' title='bbox 632 3252 1139 3315; x_wconf 58' lang='lat' dir='ltr'><strong>utusqmnsmauaapudvisgilfloorg.</strong></span> 
     </span>
     <span class='ocr_line' id='line_1_35' title="bbox 127 3316 1138 3380; baseline -0.002 -15"><span class='ocrx_word' id='word_1_275' title='bbox 127 3318 143 3365; x_wconf 83' lang='lat'>8</span> <span class='ocrx_word' id='word_1_276' title='bbox 162 3318 221 3377; x_wconf 83' lang='lat' dir='ltr'><strong>Ubi]</strong></span> <span class='ocrx_word' id='word_1_277' title='bbox 235 3316 285 3365; x_wconf 87' lang='lat' dir='ltr'><strong>Hic</strong></span> <span class='ocrx_word' id='word_1_278' title='bbox 297 3332 394 3379; x_wconf 89' lang='lat' dir='ltr'><strong>quoque</strong></span> <span class='ocrx_word' id='word_1_279' title='bbox 405 3323 508 3379; x_wconf 85' lang='lat' dir='ltr'><strong>peccant</strong></span> <span class='ocrx_word' id='word_1_280' title='bbox 519 3332 600 3366; x_wconf 88' lang='lat' dir='ltr'><strong>recen·</strong></span> <span class='ocrx_word' id='word_1_281' title='bbox 632 3316 648 3365; x_wconf 91' lang='lat' dir='ltr'><strong>i.</strong></span> <span class='ocrx_word' id='word_1_282' title='bbox 664 3328 719 3377; x_wconf 82' lang='lat'><strong>345.</strong></span> <span class='ocrx_word' id='word_1_283' title='bbox 734 3323 761 3365; x_wconf 93' lang='lat' dir='ltr'><strong>et</strong></span> <span class='ocrx_word' id='word_1_284' title='bbox 775 3333 824 3380; x_wconf 82' lang='lat' dir='ltr'><strong>seq.</strong></span> <span class='ocrx_word' id='word_1_285' title='bbox 840 3318 906 3366; x_wconf 81' lang='lat' dir='ltr'><strong>Fest</strong></span> <span class='ocrx_word' id='word_1_286' title='bbox 921 3317 947 3363; x_wconf 92' lang='lat' dir='ltr'><strong>in</strong></span> <span class='ocrx_word' id='word_1_287' title='bbox 963 3331 1023 3364; x_wconf 82' lang='lat' dir='ltr'><strong>voce</strong></span> <span class='ocrx_word' id='word_1_288' title='bbox 1033 3317 1138 3364; x_wconf 78' lang='lat' dir='ltr'><strong>Ambur-</strong></span> 
     </span>
     <span class='ocr_line' id='line_1_36' title="bbox 97 3380 1139 3444; baseline -0.002 -15"><span class='ocrx_word' id='word_1_289' title='bbox 97 3381 168 3429; x_wconf 86' lang='lat' dir='ltr'><strong>tlores</strong></span> <span class='ocrx_word' id='word_1_290' title='bbox 188 3380 255 3440; x_wconf 82' lang='lat' dir='ltr'><strong>editi,</strong></span> <span class='ocrx_word' id='word_1_291' title='bbox 274 3381 413 3443; x_wconf 85' lang='lat' dir='ltr'><strong>habentque</strong></span> <span class='ocrx_word' id='word_1_292' title='bbox 435 3388 464 3429; x_wconf 78' lang='lat' dir='ltr'><strong>ut</strong></span> <span class='ocrx_word' id='word_1_293' title='bbox 485 3396 530 3444; x_wconf 89' lang='lat' dir='ltr'><strong>pro</strong></span> <span class='ocrx_word' id='word_1_294' title='bbox 548 3383 599 3441; x_wconf 78' lang='lat' dir='ltr'><strong>ubi,</strong></span> <span class='ocrx_word' id='word_1_295' title='bbox 632 3382 751 3441; x_wconf 59' lang='lat' dir='ltr'><strong>bibisset</strong></span> <span class='ocrx_word' id='word_1_296' title='bbox 762 3382 871 3431; x_wconf 82' lang='lat' dir='ltr'><strong>Serv.ad</strong></span> <span class='ocrx_word' id='word_1_297' title='bbox 883 3381 969 3441; x_wconf 73' lang='lat' dir='ltr'><strong>Eclog.</strong></span> <span class='ocrx_word' id='word_1_298' title='bbox 980 3380 1063 3441; x_wconf 79' lang='lat'>11177.</span> <span class='ocrx_word' id='word_1_299' title='bbox 1091 3380 1139 3428; x_wconf 74' lang='lat' dir='ltr'><strong>Co</strong></span> 
     </span>
     <span class='ocr_line' id='line_1_37' title="bbox 97 3441 1140 3508; baseline -0.002 -15"><span class='ocrx_word' id='word_1_300' title='bbox 97 3446 160 3508; x_wconf 93' lang='lat' dir='ltr'><strong>quod</strong></span> <span class='ocrx_word' id='word_1_301' title='bbox 171 3450 250 3493; x_wconf 65' lang='lat' dir='ltr'><strong>exuat</strong></span> <span class='ocrx_word' id='word_1_302' title='bbox 260 3446 286 3494; x_wconf 94' lang='lat' dir='ltr'><strong>in</strong></span> <span class='ocrx_word' id='word_1_303' title='bbox 297 3444 479 3507; x_wconf 79' lang='lat' dir='ltr'><strong>antiquioribus.</strong></span> <span class='ocrx_word' id='word_1_304' title='bbox 497 3446 577 3494; x_wconf 74' lang='lat' dir='ltr'><strong>(lass.</strong></span> <span class='ocrx_word' id='word_1_305' title='bbox 632 3450 712 3493; x_wconf 80' lang='lat' dir='ltr'><strong>tarum</strong></span> <span class='ocrx_word' id='word_1_306' title='bbox 731 3445 773 3493; x_wconf 89' lang='lat' dir='ltr'><strong>hic</strong></span> <span class='ocrx_word' id='word_1_307' title='bbox 789 3445 853 3493; x_wconf 88' lang='lat' dir='ltr'><strong>illud</strong></span> <span class='ocrx_word' id='word_1_308' title='bbox 870 3444 1006 3492; x_wconf 84' lang='lat' dir='ltr'><strong>notandum</strong></span> <span class='ocrx_word' id='word_1_309' title='bbox 1026 3441 1140 3502; x_wconf 82' lang='lat' dir='ltr'><strong>occurrit,</strong></span> 
     </span>
     <span class='ocr_line' id='line_1_38' title="bbox 127 3506 1139 3573; baseline -0.005 -14"><span class='ocrx_word' id='word_1_310' title='bbox 127 3512 281 3573; x_wconf 81' lang='lat' dir='ltr'><strong>9Munera]</strong></span> <span class='ocrx_word' id='word_1_311' title='bbox 312 3510 383 3558; x_wconf 86' lang='lat' dir='ltr'><strong>Haec</strong></span> <span class='ocrx_word' id='word_1_312' title='bbox 405 3524 421 3557; x_wconf 85' lang='lat' dir='ltr'><strong>a</strong></span> <span class='ocrx_word' id='word_1_313' title='bbox 441 3515 528 3557; x_wconf 82' lang='lat' dir='ltr'><strong>senatu</strong></span> <span class='ocrx_word' id='word_1_314' title='bbox 550 3510 600 3557; x_wconf 85' lang='lat' dir='ltr'><strong>Ro-</strong></span> <span class='ocrx_word' id='word_1_315' title='bbox 633 3510 699 3571; x_wconf 88' lang='lat' dir='ltr'><strong>quod</strong></span> <span class='ocrx_word' id='word_1_316' title='bbox 711 3524 788 3570; x_wconf 90' lang='lat' dir='ltr'><strong>quum</strong></span> <span class='ocrx_word' id='word_1_317' title='bbox 804 3522 883 3557; x_wconf 92' lang='lat' dir='ltr'><strong>sermo</strong></span> <span class='ocrx_word' id='word_1_318' title='bbox 899 3508 932 3555; x_wconf 88' lang='lat' dir='ltr'><strong>da</strong></span> <span class='ocrx_word' id='word_1_319' title='bbox 946 3508 1029 3556; x_wconf 84' lang='lat' dir='ltr'><strong>Roma</strong></span> <span class='ocrx_word' id='word_1_320' title='bbox 1044 3506 1084 3567; x_wconf 87' lang='lat' dir='ltr'><strong>sit,</strong></span> <span class='ocrx_word' id='word_1_321' title='bbox 1098 3522 1139 3569; x_wconf 80' lang='lat' dir='ltr'><strong>op·</strong></span> 
     </span>
     <span class='ocr_line' id='line_1_39' title="bbox 96 3570 1139 3635; baseline -0.004 -13"><span class='ocrx_word' id='word_1_322' title='bbox 96 3590 168 3623; x_wconf 82' lang='lat' dir='ltr'><strong>mano</strong></span> <span class='ocrx_word' id='word_1_323' title='bbox 188 3573 299 3623; x_wconf 85' lang='lat' dir='ltr'><strong>adhibita</strong></span> <span class='ocrx_word' id='word_1_324' title='bbox 320 3572 449 3632; x_wconf 86' lang='lat' dir='ltr'><strong>lenocinia,</strong></span> <span class='ocrx_word' id='word_1_325' title='bbox 466 3574 498 3621; x_wconf 86' lang='lat' dir='ltr'><strong>ad</strong></span> <span class='ocrx_word' id='word_1_326' title='bbox 518 3574 600 3621; x_wconf 87' lang='lat' dir='ltr'><strong>deme·</strong></span> <span class='ocrx_word' id='word_1_327' title='bbox 629 3574 685 3635; x_wconf 80' lang='lat' dir='ltr'><strong>pidr&#39;</strong></span> <span class='ocrx_word' id='word_1_328' title='bbox 706 3587 797 3621; x_wconf 91' lang='lat' dir='ltr'><strong>nomen</strong></span> <span class='ocrx_word' id='word_1_329' title='bbox 817 3577 955 3633; x_wconf 83' lang='lat' dir='ltr'><strong>usurpatur.</strong></span> <span class='ocrx_word' id='word_1_330' title='bbox 996 3571 1028 3619; x_wconf 94' lang='lat' dir='ltr'><strong>Id</strong></span> <span class='ocrx_word' id='word_1_331' title='bbox 1049 3570 1139 3619; x_wconf 80' lang='lat' dir='ltr'><strong>minim</strong></span> 
     </span>
     <span class='ocr_line' id='line_1_40' title="bbox 98 3633 1140 3699; baseline -0.002 -12"><span class='ocrx_word' id='word_1_332' title='bbox 98 3639 181 3687; x_wconf 89' lang='lat' dir='ltr'><strong>rendos</strong></span> <span class='ocrx_word' id='word_1_333' title='bbox 194 3638 239 3685; x_wconf 90' lang='lat' dir='ltr'><strong>sibi</strong></span> <span class='ocrx_word' id='word_1_334' title='bbox 255 3639 368 3699; x_wconf 85' lang='lat' dir='ltr'><strong>populos,</strong></span> <span class='ocrx_word' id='word_1_335' title='bbox 378 3636 530 3699; x_wconf 86' lang='lat' dir='ltr'><strong>impendenti</strong></span> <span class='ocrx_word' id='word_1_336' title='bbox 543 3633 599 3685; x_wconf 85' lang='lat' dir='ltr'><strong>Pcr-</strong></span> <span class='ocrx_word' id='word_1_337' title='bbox 633 3636 712 3699; x_wconf 84' lang='lat' dir='ltr'><strong>primo</strong></span> <span class='ocrx_word' id='word_1_338' title='bbox 733 3641 834 3697; x_wconf 83' lang='lat' dir='ltr'><strong>aspectu</strong></span> <span class='ocrx_word' id='word_1_339' title='bbox 856 3634 933 3683; x_wconf 83' lang='lat' dir='ltr'><strong>rideri</strong></span> <span class='ocrx_word' id='word_1_340' title='bbox 951 3635 1026 3682; x_wconf 84' lang='lat' dir='ltr'><strong>debet</strong></span> <span class='ocrx_word' id='word_1_341' title='bbox 1044 3634 1074 3683; x_wconf 88' lang='lat' dir='ltr'><strong>iis</strong></span> <span class='ocrx_word' id='word_1_342' title='bbox 1097 3635 1140 3697; x_wconf 87' lang='lat' dir='ltr'><strong>qui</strong></span> 
     </span>
     <span class='ocr_line' id='line_1_41' title="bbox 98 3698 1140 3764; baseline -0.002 -13"><span class='ocrx_word' id='word_1_343' title='bbox 98 3703 131 3751; x_wconf 91' lang='lat' dir='ltr'><strong>sci</strong></span> <span class='ocrx_word' id='word_1_344' title='bbox 146 3702 218 3761; x_wconf 86' lang='lat' dir='ltr'><strong>bello,</strong></span> <span class='ocrx_word' id='word_1_345' title='bbox 228 3708 395 3750; x_wconf 87' lang='lat' dir='ltr'><strong>memorantur</strong></span> <span class='ocrx_word' id='word_1_346' title='bbox 409 3702 476 3763; x_wconf 85' lang='lat' dir='ltr'><strong>apud</strong></span> <span class='ocrx_word' id='word_1_347' title='bbox 492 3700 601 3764; x_wconf 74' lang='lat' dir='ltr'><strong>Appia&#39;u.</strong></span> <span class='ocrx_word' id='word_1_348' title='bbox 632 3706 723 3749; x_wconf 77' lang='lat' dir='ltr'><strong>norunt</strong></span> <span class='ocrx_word' id='word_1_349' title='bbox 732 3698 1140 3763; x_wconf 68' lang='lat' dir='ltr'><strong>hanccsroperrulgstsmscripto-</strong></span> 
     </span>
     <span class='ocr_line' id='line_1_42' title="bbox 98 3764 1141 3828; baseline -0.003 -12"><span class='ocrx_word' id='word_1_350' title='bbox 98 3768 224 3816; x_wconf 79' lang='lat' dir='ltr'><strong>Macedon</strong></span> <span class='ocrx_word' id='word_1_351' title='bbox 235 3765 348 3816; x_wconf 65' lang='lat' dir='ltr'><strong>dclviii.</strong></span> <span class='ocrx_word' id='word_1_352' title='bbox 365 3766 470 3828; x_wconf 75' lang='lat' dir='ltr'><strong>Dionys</strong></span> <span class='ocrx_word' id='word_1_353' title='bbox 478 3764 541 3816; x_wconf 80' lang='lat' dir='ltr'><strong>Exc.</strong></span> <span class='ocrx_word' id='word_1_354' title='bbox 550 3766 600 3815; x_wconf 87' lang='lat' dir='ltr'><strong>Va·</strong></span> <span class='ocrx_word' id='word_1_355' title='bbox 633 3780 687 3813; x_wconf 81' lang='lat' dir='ltr'><strong>mm</strong></span> <span class='ocrx_word' id='word_1_356' title='bbox 705 3764 874 3813; x_wconf 72' lang='lat' dir='ltr'><strong>Rommcmm</strong></span> <span class='ocrx_word' id='word_1_357' title='bbox 890 3764 1099 3825; x_wconf 86' lang='lat' dir='ltr'><strong>consuetudinem,</strong></span> <span class='ocrx_word' id='word_1_358' title='bbox 1112 3770 1141 3813; x_wconf 85' lang='lat' dir='ltr'><strong>ut</strong></span> 
     </span>
     <span class='ocr_line' id='line_1_43' title="bbox 98 3827 1141 3895; baseline -0.002 -16"><span class='ocrx_word' id='word_1_359' title='bbox 98 3831 167 3879; x_wconf 85' lang='lat' dir='ltr'><strong>ticsn.</strong></span> <span class='ocrx_word' id='word_1_360' title='bbox 178 3830 243 3878; x_wconf 82' lang='lat' dir='ltr'><strong>xxvi.</strong></span> <span class='ocrx_word' id='word_1_361' title='bbox 258 3844 294 3895; x_wconf 88' lang='lat'><strong>¹9-</strong></span> <span class='ocrx_word' id='word_1_362' title='bbox 634 3827 882 3879; x_wconf 75' lang='lat' dir='ltr'><strong>Romamurbs&#39;sacr&#39;</strong></span> <span class='ocrx_word' id='word_1_363' title='bbox 894 3827 981 3888; x_wconf 72' lang='grc' dir='ltr'><strong><em>ἐξοχὴν</em></strong></span> <span class='ocrx_word' id='word_1_364' title='bbox 990 3830 1089 3879; x_wconf 87' lang='lat' dir='ltr'><strong>nomine</strong></span> <span class='ocrx_word' id='word_1_365' title='bbox 1105 3828 1141 3877; x_wconf 87' lang='lat' dir='ltr'><strong>iu-</strong></span> 
     </span>
     <span class='ocr_line' id='line_1_44' title="bbox 133 3892 1141 3956; baseline -0.002 -13"><span class='ocrx_word' id='word_1_366' title='bbox 133 3909 142 3943; x_wconf 92' lang='lat' dir='ltr'><strong>r</strong></span> <span class='ocrx_word' id='word_1_367' title='bbox 157 3897 191 3944; x_wconf 81' lang='lat' dir='ltr'><strong>In</strong></span> <span class='ocrx_word' id='word_1_368' title='bbox 202 3896 322 3956; x_wconf 77' lang='lat' dir='ltr'><strong>Capitolio</strong></span> <span class='ocrx_word' id='word_1_369' title='bbox 336 3896 350 3921; x_wconf 65' lang='lat'>⁴</span> <span class='ocrx_word' id='word_1_370' title='bbox 362 3896 422 3945; x_wconf 82' lang='lat' dir='ltr'><strong>bello</strong></span> <span class='ocrx_word' id='word_1_371' title='bbox 433 3896 531 3944; x_wconf 74' lang='lat' dir='ltr'><strong>Punico</strong></span> <span class='ocrx_word' id='word_1_372' title='bbox 546 3910 601 3944; x_wconf 81' lang='lat' dir='ltr'><strong>coa·</strong></span> <span class='ocrx_word' id='word_1_373' title='bbox 633 3892 746 3955; x_wconf 68' lang='lat' dir='ltr'><strong>dmriaut,</strong></span> <span class='ocrx_word' id='word_1_374' title='bbox 755 3892 846 3955; x_wconf 55' lang='lat' dir='ltr'><strong>oppidu</strong></span> <span class='ocrx_word' id='word_1_375' title='bbox 861 3894 958 3941; x_wconf 80' lang='lat' dir='ltr'><strong>soleant</strong></span> <span class='ocrx_word' id='word_1_376' title='bbox 968 3893 1049 3943; x_wconf 81' lang='lat' dir='ltr'><strong>dicere</strong></span> <span class='ocrx_word' id='word_1_377' title='bbox 1062 3892 1141 3942; x_wconf 88' lang='lat' dir='ltr'><strong>mino·</strong></span> 
     </span>
     <span class='ocr_line' id='line_1_45' title="bbox 99 3956 1141 4020; baseline -0.002 -12"><span class='ocrx_word' id='word_1_378' title='bbox 99 3961 168 4020; x_wconf 73' lang='lat' dir='ltr'><strong>auu]</strong></span> <span class='ocrx_word' id='word_1_379' title='bbox 187 3958 268 4007; x_wconf 86' lang='lat' dir='ltr'><strong>Locus</strong></span> <span class='ocrx_word' id='word_1_380' title='bbox 285 3958 327 4007; x_wconf 91' lang='lat' dir='ltr'><strong>hic</strong></span> <span class='ocrx_word' id='word_1_381' title='bbox 345 3958 441 4008; x_wconf 91' lang='lat' dir='ltr'><strong>hiulcus</strong></span> <span class='ocrx_word' id='word_1_382' title='bbox 456 3964 482 4008; x_wconf 87' lang='lat' dir='ltr'><strong>et</strong></span> <span class='ocrx_word' id='word_1_383' title='bbox 499 3958 601 4008; x_wconf 85' lang='lat' dir='ltr'><strong>mutilus</strong></span> <span class='ocrx_word' id='word_1_384' title='bbox 633 3973 671 4006; x_wconf 88' lang='lat' dir='ltr'><strong>res</strong></span> <span class='ocrx_word' id='word_1_385' title='bbox 681 3958 760 4006; x_wconf 80' lang='lat' dir='ltr'><strong>urbas</strong></span> <span class='ocrx_word' id='word_1_386' title='bbox 770 3962 780 3981; x_wconf 86' lang='lat'><strong><em>‘</em></strong></span> <span class='ocrx_word' id='word_1_387' title='bbox 793 3956 842 4005; x_wconf 80' lang='lat' dir='ltr'><strong>Sed</strong></span> <span class='ocrx_word' id='word_1_388' title='bbox 857 3956 973 4007; x_wconf 70' lang='lat' dir='ltr'><strong>nimirum</strong></span> <span class='ocrx_word' id='word_1_389' title='bbox 987 3957 1035 4006; x_wconf 89' lang='lat' dir='ltr'><strong>hoc</strong></span> <span class='ocrx_word' id='word_1_390' title='bbox 1049 3959 1105 4006; x_wconf 91' lang='lat' dir='ltr'><strong>loco</strong></span> <span class='ocrx_word' id='word_1_391' title='bbox 1115 3962 1141 4005; x_wconf 80' lang='lat' dir='ltr'><strong>et</strong></span> 
     </span>
     <span class='ocr_line' id='line_1_46' title="bbox 100 4020 1141 4085; baseline -0.001 -14"><span class='ocrx_word' id='word_1_392' title='bbox 100 4028 143 4083; x_wconf 83' lang='lat' dir='ltr'><strong>ast,</strong></span> <span class='ocrx_word' id='word_1_393' title='bbox 153 4038 224 4085; x_wconf 86' lang='lat' dir='ltr'><strong>quem</strong></span> <span class='ocrx_word' id='word_1_394' title='bbox 240 4038 325 4071; x_wconf 76' lang='lat' dir='ltr'><strong>sanans</strong></span> <span class='ocrx_word' id='word_1_395' title='bbox 336 4023 475 4073; x_wconf 83' lang='lat' dir='ltr'><strong>Gronovius</strong></span> <span class='ocrx_word' id='word_1_396' title='bbox 490 4029 516 4072; x_wconf 84' lang='lat' dir='ltr'><strong>et</strong></span> <span class='ocrx_word' id='word_1_397' title='bbox 528 4022 601 4084; x_wconf 76' lang='lat' dir='ltr'><strong>Pigh-</strong></span> <span class='ocrx_word' id='word_1_398' title='bbox 633 4022 688 4071; x_wconf 85' lang='lat' dir='ltr'><strong>aliis</strong></span> <span class='ocrx_word' id='word_1_399' title='bbox 702 4020 821 4071; x_wconf 85' lang='lat' dir='ltr'><strong>similibus</strong></span> <span class='ocrx_word' id='word_1_400' title='bbox 836 4038 886 4070; x_wconf 91' lang='lat' dir='ltr'><strong>non</strong></span> <span class='ocrx_word' id='word_1_401' title='bbox 900 4027 954 4070; x_wconf 83' lang='lat' dir='ltr'><strong>tota</strong></span> <span class='ocrx_word' id='word_1_402' title='bbox 965 4022 1048 4070; x_wconf 85' lang='lat' dir='ltr'><strong>Roma</strong></span> <span class='ocrx_word' id='word_1_403' title='bbox 1056 4022 1141 4083; x_wconf 73' lang='lat' dir='ltr'><strong>oppidi</strong></span> 
     </span>
     <span class='ocr_line' id='line_1_47' title="bbox 100 4086 1142 4151; baseline -0.004 -14"><span class='ocrx_word' id='word_1_404' title='bbox 100 4087 319 4151; x_wconf 74' lang='lat' dir='ltr'><strong>iussggressimnt</strong></span> <span class='ocrx_word' id='word_1_405' title='bbox 353 4087 414 4137; x_wconf 88' lang='lat' dir='ltr'><strong>Post</strong></span> <span class='ocrx_word' id='word_1_406' title='bbox 422 4088 549 4151; x_wconf 72' lang='lat' dir='ltr'><strong>Capitolio,</strong></span> <span class='ocrx_word' id='word_1_407' title='bbox 561 4102 600 4135; x_wconf 83' lang='lat' dir='ltr'><strong>vo-</strong></span> <span class='ocrx_word' id='word_1_408' title='bbox 632 4086 731 4136; x_wconf 87' lang='lat' dir='ltr'><strong>nomine</strong></span> <span class='ocrx_word' id='word_1_409' title='bbox 758 4086 918 4149; x_wconf 77' lang='lat' dir='ltr'><strong>intelligenda</strong></span> <span class='ocrx_word' id='word_1_410' title='bbox 939 4090 984 4141; x_wconf 82' lang='lat' dir='ltr'><strong>est.</strong></span> <span class='ocrx_word' id='word_1_411' title='bbox 1005 4086 1048 4133; x_wconf 85' lang='lat' dir='ltr'><strong>scd</strong></span> <span class='ocrx_word' id='word_1_412' title='bbox 1074 4089 1142 4133; x_wconf 81' lang='lat' dir='ltr'><strong>certa</strong></span> 
     </span>
     <span class='ocr_line' id='line_1_48' title="bbox 102 4148 1142 4215; baseline -0.006 -13"><span class='ocrx_word' id='word_1_413' title='bbox 102 4167 139 4202; x_wconf 88' lang='lat' dir='ltr'><strong>css</strong></span> <span class='ocrx_word' id='word_1_414' title='bbox 154 4154 191 4201; x_wconf 85' lang='lat' dir='ltr'><strong>M.</strong></span> <span class='ocrx_word' id='word_1_415' title='bbox 205 4154 315 4212; x_wconf 69' lang='lat' dir='ltr'><strong>Annuit,</strong></span> <span class='ocrx_word' id='word_1_416' title='bbox 329 4154 412 4215; x_wconf 78' lang='lat' dir='ltr'><strong>priora</strong></span> <span class='ocrx_word' id='word_1_417' title='bbox 430 4154 489 4202; x_wconf 77' lang='lat' dir='ltr'><strong>ballo</strong></span> <span class='ocrx_word' id='word_1_418' title='bbox 505 4154 602 4201; x_wconf 78' lang='lat' dir='ltr'><strong>Punico</strong></span> <span class='ocrx_word' id='word_1_419' title='bbox 634 4152 755 4213; x_wconf 86' lang='lat' dir='ltr'><strong>quaedam</strong></span> <span class='ocrx_word' id='word_1_420' title='bbox 769 4151 821 4200; x_wconf 85' lang='lat' dir='ltr'><strong>eius</strong></span> <span class='ocrx_word' id='word_1_421' title='bbox 835 4150 915 4213; x_wconf 73' lang='lat' dir='ltr'><strong>regio:</strong></span> <span class='ocrx_word' id='word_1_422' title='bbox 932 4155 961 4197; x_wconf 85' lang='lat' dir='ltr'><strong>ut</strong></span> <span class='ocrx_word' id='word_1_423' title='bbox 972 4148 1071 4197; x_wconf 86' lang='lat' dir='ltr'><strong>Parisiis</strong></span> <span class='ocrx_word' id='word_1_424' title='bbox 1080 4150 1142 4197; x_wconf 85' lang='lat' dir='ltr'><strong>duas</strong></span> 
     </span>
     <span class='ocr_line' id='line_1_49' title="bbox 102 4212 1143 4277; baseline -0.007 -11"><span class='ocrx_word' id='word_1_425' title='bbox 102 4220 208 4275; x_wconf 72' lang='lat' dir='ltr'><strong>ocsuulu,</strong></span> <span class='ocrx_word' id='word_1_426' title='bbox 231 4217 372 4265; x_wconf 81' lang='lat' dir='ltr'><strong>inserendas</strong></span> <span class='ocrx_word' id='word_1_427' title='bbox 400 4233 432 4266; x_wconf 87' lang='lat' dir='ltr'><strong>ex</strong></span> <span class='ocrx_word' id='word_1_428' title='bbox 464 4216 602 4266; x_wconf 84' lang='lat' dir='ltr'><strong>coniectura</strong></span> <span class='ocrx_word' id='word_1_429' title='bbox 634 4215 700 4263; x_wconf 87' lang='lat' dir='ltr'><strong>urbis</strong></span> <span class='ocrx_word' id='word_1_430' title='bbox 718 4222 809 4277; x_wconf 83' lang='lat' dir='ltr'><strong>partes,</strong></span> <span class='ocrx_word' id='word_1_431' title='bbox 824 4216 929 4263; x_wconf 84' lang='lat' dir='ltr'><strong>alteram</strong></span> <span class='ocrx_word' id='word_1_432' title='bbox 945 4212 1101 4261; x_wconf 89' lang='lat' dir='ltr'><strong>nominamus</strong></span> <span class='ocrx_word' id='word_1_433' title='bbox 1116 4213 1143 4259; x_wconf 81' lang='lat' dir='ltr'><strong>lo</strong></span> 
     </span>
     <span class='ocr_line' id='line_1_50' title="bbox 104 4274 1145 4346; baseline -0.005 -18"><span class='ocrx_word' id='word_1_434' title='bbox 104 4280 187 4343; x_wconf 71' lang='lat' dir='ltr'><strong>Pighii,</strong></span> <span class='ocrx_word' id='word_1_435' title='bbox 197 4286 280 4329; x_wconf 85' lang='lat' dir='ltr'><strong>censet</strong></span> <span class='ocrx_word' id='word_1_436' title='bbox 291 4280 515 4330; x_wconf 82' lang='lat' dir='ltr'><strong>Drakenborohius</strong></span> <span class='ocrx_word' id='word_1_437' title='bbox 635 4281 695 4338; x_wconf 64' lang='lat' dir='ltr'><strong>citt,</strong></span> <span class='ocrx_word' id='word_1_438' title='bbox 710 4280 814 4327; x_wconf 80' lang='lat' dir='ltr'><strong>alterum</strong></span> <span class='ocrx_word' id='word_1_439' title='bbox 833 4280 859 4327; x_wconf 81' lang='lat' dir='ltr'><strong>lo</strong></span> <span class='ocrx_word' id='word_1_440' title='bbox 875 4279 943 4327; x_wconf 76' lang='lat' dir='ltr'><strong>er.</strong></span> <span class='ocrx_word' id='word_1_441' title='bbox 977 4276 1027 4324; x_wconf 89' lang='lat' dir='ltr'><strong>Ios.</strong></span> <span class='ocrx_word' id='word_1_442' title='bbox 1036 4274 1145 4346; x_wconf 64' lang='lat' dir='ltr'><strong>Scaliger</strong></span> 
     </span>
     <span class='ocr_line' id='line_1_51' title="bbox 136 4340 1145 4411; baseline -0.009 -20"><span class='ocrx_word' id='word_1_443' title='bbox 136 4346 330 4393; x_wconf 60' lang='lat' dir='ltr'><strong>alaubaudum</strong></span> <span class='ocrx_word' id='word_1_444' title='bbox 350 4347 480 4408; x_wconf 57' lang='lat' dir='ltr'><strong>oppidum</strong></span> <span class='ocrx_word' id='word_1_445' title='bbox 509 4342 604 4393; x_wconf 79' lang='lat' dir='ltr'><strong>Sacrifi-</strong></span> <span class='ocrx_word' id='word_1_446' title='bbox 635 4344 662 4392; x_wconf 88' lang='lat' dir='ltr'><strong>in</strong></span> <span class='ocrx_word' id='word_1_447' title='bbox 676 4341 840 4391; x_wconf 81' lang='lat' dir='ltr'><strong>coniectancis</strong></span> <span class='ocrx_word' id='word_1_448' title='bbox 850 4340 953 4389; x_wconf 84' lang='lat' dir='ltr'><strong>ulterius</strong></span> <span class='ocrx_word' id='word_1_449' title='bbox 967 4354 1019 4411; x_wconf 72' lang='lat' dir='ltr'><strong>rem</strong></span> <span class='ocrx_word' id='word_1_450' title='bbox 1035 4348 1145 4396; x_wconf 73' lang='lat' dir='ltr'><strong>exscqm</strong></span> 
     </span>
     <span class='ocr_line' id='line_1_52' title="bbox 105 4404 1145 4471; baseline -0.009 -14"><span class='ocrx_word' id='word_1_451' title='bbox 105 4406 164 4457; x_wconf 89' lang='lat' dir='ltr'><strong>cium</strong></span> <span class='ocrx_word' id='word_1_452' title='bbox 179 4410 344 4471; x_wconf 73' lang='lat' dir='ltr'><strong>pangendum</strong></span> <span class='ocrx_word' id='word_1_453' title='bbox 359 4425 420 4469; x_wconf 84' lang='lat' dir='ltr'><strong>ersa,</strong></span> <span class='ocrx_word' id='word_1_454' title='bbox 433 4409 519 4471; x_wconf 89' lang='lat' dir='ltr'><strong>inquo</strong></span> <span class='ocrx_word' id='word_1_455' title='bbox 535 4405 604 4471; x_wconf 83' lang='lat' dir='ltr'><strong>oppi·</strong></span> <span class='ocrx_word' id='word_1_456' title='bbox 637 4413 685 4468; x_wconf 89' lang='lat' dir='ltr'><strong>tur,</strong></span> <span class='ocrx_word' id='word_1_457' title='bbox 691 4412 716 4457; x_wconf 88' lang='lat' dir='ltr'><strong>et</strong></span> <span class='ocrx_word' id='word_1_458' title='bbox 724 4404 811 4471; x_wconf 86' lang='lat' dir='ltr'><strong>oppidi</strong></span> <span class='ocrx_word' id='word_1_459' title='bbox 821 4404 922 4454; x_wconf 87' lang='lat' dir='ltr'><strong>nominc</strong></span> <span class='ocrx_word' id='word_1_460' title='bbox 931 4404 1083 4463; x_wconf 60' lang='lat' dir='ltr'><strong>decanatum</strong></span> <span class='ocrx_word' id='word_1_461' title='bbox 1093 4410 1145 4445; x_wconf 68' lang='lat' dir='ltr'><strong>suc</strong></span> 
     </span>
    </p>
   </div>
   <div class='ocr_carea' id='block_1_6' title="bbox 0 0 1485 4800">
    <p class='ocr_par' dir='ltr' id='par_1_22' title="bbox 0 0 1485 4800">
     <span class='ocr_line' id='line_1_53' title="bbox 0 0 1485 4800; baseline 0 0"><span class='ocrx_word' id='word_1_462' title='bbox 0 0 1485 4800; x_wconf 95' lang='lat' dir='ltr'><strong> </strong></span> 
     </span>
    </p>
   </div>
  </div>
 </body>
</html>
