2934 4800
243 210 636 277 ARGUMENTUM
667 208 766 277 LIB.
800 208 894 275 XCI.
1032 216 1091 276 321

256 472 872 569 ARGUMENTUM

130 654 598 740 FRAGMENTI
655 656 970 743 LIVIANI.

486 848 632 886 -0—

153 975 446 1055 SERTORIUS,
474 977 650 1044 Contrebia
672 980 704 1045 vi
728 997 761 1045 et
784 982 932 1068 operibus
959 982 1088 1047 tandem

49 986 126 1169 ὲ,
187 1078 379 1152 expugnata
401 1065 575 1153 relictoque
599 1066 643 1130 ibi
668 1066 706 1132 L.
723 1067 853 1145 Insteio,
870 1069 910 1133 ad
930 1068 1089 1133 Hiberum

49 1173 217 1238 >gressus
235 1151 342 1239 copias
356 1152 391 1215 in
405 1152 611 1217 hibernacula
629 1154 807 1217 secuudum
821 1156 985 1255 oppidum,
1002 1154 1089 1256 quod

49 1252 140 1302 mtra
157 1236 265 1301 Aelia
277 1251 417 1316 vocatur,
433 1239 598 1303 aedificata
613 1239 757 1304 deduxit.
803 1238 864 1318 Ibr,
883 1263 973 1305 novrs
995 1263 1089 1305 armis

49 1324 300 1425 stimantisque
323 1325 478 1389 exercitui
498 1325 606 1389 divisis
629 1342 663 1390 et
686 1326 845 1413 stipendio
867 1326 953 1404 dato,
973 1326 1089 1391 instru-

49 1424 137 1475 enta
172 1410 255 1475 belh
289 1411 391 1498 parari
424 1411 524 1489 iussit,
554 1426 804 1499 convocatusque
836 1412 1026 1501 populorum
1056 1425 1089 1477 et

49 1497 198 1561 citatum
223 1496 409 1583 legationes,
432 1498 541 1583 gratiis
564 1522 622 1585 pro
646 1522 744 1585 opera
766 1498 825 1563 sibi
872 1500 991 1564 raebita
1012 1499 1090 1564 actis

49 1582 256 1671 :positisque
277 1584 372 1649 rebus
393 1606 413 1649 a
431 1607 465 1649 se
484 1585 590 1671 gestis,
606 1584 648 1650 ad
667 1585 791 1672 reliqua
813 1522 889 1651 beili
907 1586 1089 1651 cohortatus

50 1686 80 1733 t.
134 1668 284 1734 Dimisso
298 1669 416 1734 deinde
434 1685 604 1749 conventu,
620 1672 721 1758 princi
747 1672 777 1735 io
792 1672 874 1737 veris
892 1671 939 1737 M.
954 1672 1089 1759 Perper·

49 1779 103 1820 am
132 1754 169 1819 in
197 1753 401 1821 Ilercaonum
426 1770 555 1844 gentem
582 1758 677 1835 misit,
704 1695 745 1821 ad
772 1758 924 1823 tuendam
950 1758 1089 1846 regionis

49 1866 98 1906 ⁴ua
111 1840 310 1906 maritimam
321 1865 418 1920 oram,
431 1857 527 1930 atque
545 1842 584 1908 C.
596 1843 817 1910 Herennuleio
829 1860 862 1910 et
876 1845 914 1910 L.
928 1844 1088 1910 Hirtuleio

49 1953 66 1993 e
96 1927 190 1993 bello
216 1927 467 1994 administrando
492 1943 661 2017 praecepta
687 1930 787 1995 dedit.
833 1931 905 2019 Ipse
931 1954 1006 1996 cum
1031 1954 1089 1996 suo

49 2015 183 2081 aercitu
203 2014 240 2078 in
254 2014 396 2080 Berones
417 2028 451 2081 et
466 2016 661 2103 Autrigones
682 2018 832 2103 progredi
854 2018 974 2095 statuit,
990 2032 1087 2105 atque

50 2113 165 2167 raeter
180 2099 339 2165 Hiberum
361 2102 395 2165 in
416 2102 627 2179 Bursaonum,
650 2101 914 2168 Cascantinorum
936 2118 970 2169 et
987 2104 1090 2169 Grac-

50 2190 255 2252 nritanorum
271 2188 351 2251 fines
367 2187 536 2275 profectus,
551 2189 593 2253 ad
610 2187 794 2276 Calagurim
813 2188 973 2268 Nasicam,
989 2191 1090 2255 socio-

50 2298 109 2338 um
134 2274 256 2351 urbem,
278 2275 385 2339 venit:
421 2288 694 2362 transgressusque
719 2298 847 2341 amnem
872 2276 1090 2365 propinquum

49 2362 112 2426 ubi
134 2373 235 2426 castra
253 2360 367 2461 posuit
414 2361 500 2426 Turn
524 2361 571 2427 M.
586 2361 725 2427 Marium
742 2375 942 2451 quaestorem
959 2364 991 2427 in
1007 2364 1091 2428 Are·

49 2471 137 2513 racos
151 2461 185 2512 ct
197 2447 395 2514 Cenndones
411 2449 506 2526 misit,
518 2449 558 2514 ad
572 2450 816 2514 conscribendos
831 2473 872 2515 ex
888 2451 926 2514 iis
963 2450 1090 2514 entibus

50 2535 172 2612 niiites,
197 2533 455 2623 fnrmcntumque
484 2535 559 2600 inde
588 2534 806 2612 Contrebiam,
831 2559 913 2622 quae
939 2473 1091 2600 iaucada

50 2621 229 2710 rppellatur,
258 2621 541 2708 comportandum:
575 2634 608 2686 et
639 2620 677 2687 C.
697 2621 865 2699 Insteium‚
896 2621 1090 2708 praefectum

50 2710 200 2796 equitum,
216 2705 381 2794 Segouiam
403 2721 437 2771 et
458 2708 492 2771 in
508 2707 725 2773 Vaccaeorum
747 2721 886 2794 gentem,
903 2708 944 2772 ad
966 2708 1090 2795 equites

50 2793 285 2881 conquirendos.
334 2793 460 2868 Quibus
483 2794 619 2859 dimissis
643 2795 710 2882 ipse
732 2794 904 2943 profectus,
928 2817 986 2883 per
1009 2794 1090 2859 Vas-

50 2903 166 2946 conum
188 2902 294 2966 agrum
314 2879 412 2944 ducto
435 2880 587 2958 exercitu,
611 2882 646 2944 in
669 2905 730 2945 con
754 2881 810 2946 nio
831 2881 992 2946 Beronum
1013 2904 1091 2946 con·

50 2967 154 3032 sedit:
183 2979 305 3052 postero
328 2979 434 3030 autern
458 2966 511 3031 dic
535 2967 575 3031 ad
600 2967 763 3044 Vareiam,
789 2967 952 3033 Beronum
978 2969 1090 3033 urbem

51 3052 266 3118 validissimam
286 3066 319 3118 et
334 3053 568 3142 Autrigonibus
582 3053 728 3131 vicinam,
744 3053 831 3118 haud
851 3055 1091 3142 inopinantibus

53 3139 215 3228 oppidanis
227 3139 379 3226 pervenit.

371 3259 455 3320 Haec
468 3270 552 3338 gesta
565 3271 634 3318 aunt
647 3258 767 3318 biennio

58 3356 409 3418 tt.c.cat.toctxxv1.
420 3356 515 3434 Capit.
524 3353 748 3414 lnctxxvtl.
755 3356 841 3415 Varr.
849 3355 1091 3416 tochxvffl.

259 3438 314 3496 Cn.
326 3437 459 3508 Octavio,
475 3435 509 3495 C.
523 3436 676 3495 Scribonio
689 3436 820 3494 Curione
834 3436 916 3495 Coss.

61 3520 97 3578 U.
104 3517 425 3580 conloctxxvu.
436 3517 531 3596 Capit.
539 3515 874 3575 loctxxvl11.varr.
882 3514 1090 3576 IOCLXXIX.

288 3599 321 3656 L.
332 3598 466 3666 Octavio,
482 3597 516 3655 C.
527 3596 650 3656 Aurelio
664 3596 752 3654 Cotta
768 3596 850 3655 Coss.

340 3678 378 3736 A.
391 3677 424 3737 C.
440 3677 579 3737 LXXVI.
595 3688 626 3736 et
639 3675 792 3734 Lxxva.

99 3849 127 3895 45
144 3831 171 3880 ln
180 3832 286 3894 temporis
296 3831 431 3890 notatione,
439 3831 477 3879 uti
485 3831 554 3889 olim,
585 3831 611 3879 in
630 3829 788 3894 Ephcmerid
806 3829 896 3880 literar.
909 3829 1062 3894 Gottingena
1079 3847 1095 3881 a

71 3898 105 3946 ita
117 3911 174 3944 nune
184 3911 271 3958 quoque
282 3895 405 3944 Brotiario
419 3901 445 3944 at
455 3895 554 3943 Broasio
589 3907 657 3956 1774.
676 3895 735 3942 Vol.
754 3895 774 3944 1.
794 3893 844 3943 No.
868 3909 890 3945 a.
910 3910 934 3957 p.
957 3911 992 3944 rr.
1016 3912 1053 3945 res
1069 3897 1095 3944 in

72 3960 167 4019 ocosse,
182 3976 274 4022 quorum
289 3960 361 4008 illum
377 3975 408 4008 ex
420 3959 555 4008 rationibus
585 3959 722 4021 fingmento
739 3959 842 4007 Liuiano
857 3959 1095 4021 expositas,1·'reius-

74 4024 218 4083 Varronianis,
234 4025 300 4073 bunc
318 4039 350 4073 cx
367 4023 438 4072 fastis
455 4023 555 4084 Capito
587 4022 697 4070 hemium
709 4039 766 4071 cum
776 4023 833 4071 aliis
844 4029 936 4072 temere
947 4029 1054 4084 secutus,
1066 4025 1099 4073 ad

74 4089 126 4138 linis
135 4103 199 4136 annos
211 4094 271 4137 recte
286 4094 450 4150 computasse,
462 4087 556 4148 liquido
587 4101 665 4135 annos
686 4087 719 4135 U.
739 4088 767 4136 C.
788 4087 843 4136 Cat.
863 4085 918 4148 675.
938 4087 1020 4149 Capit.
1040 4087 1095 4150 676.

75 4158 165 4216 apparet
191 4168 217 4200 ex
240 4153 278 4209 iis,
305 4167 369 4214 quae
397 4151 557 4210 Niebuhriua,
590 4151 662 4200 Van.
674 4149 730 4211 677.
746 4157 771 4199 et
789 4151 822 4200 U.
834 4152 863 4201 C.
876 4151 932 4201 cu.
944 4149 999 4213 676.
1013 4154 1095 4216 Capit.

76 4217 137 4266 aliud
151 4216 346 4278 agenambtiliter
360 4221 386 4264 at
401 4215 499 4277 copiosa
509 4215 556 4263 dis·
588 4212 643 4276 677.
656 4214 727 4264 Van.
744 4212 799 4276 678.
815 4213 866 4263 sire
880 4215 912 4263 A.
921 4215 950 4266 C.
964 4225 1001 4277 77.
1017 4224 1043 4266 et
1059 4217 1096 4280 76.

77 4280 144 4329 remit
153 4296 174 4342 p.
181 4298 214 4341 44.
221 4295 253 4342 tq.
265 4280 322 4329 coll.
333 4279 443 4328 eiusdem
456 4283 515 4326 nota
524 4279 557 4328 ad
588 4279 670 4327 minus
679 4285 795 4327 accurate
806 4278 897 4328 retulit.

79 4344 238 4407 bagnentiis.
253 4343 305 4393 160.
321 4342 373 4393 161.
408 4342 558 4391 Virdoctus

118 4428 182 4473 VOL.
195 4427 234 4471 1v.
945 4427 966 4470 Y
