2934 4800
740 245 960 308 INDEX.

329 365 394 430 8391,
407 366 475 417 huo
491 366 576 430 paullo
592 364 771 427 mancipiorum
786 377 836 411 me·

362 431 418 492 lius.
432 446 507 494 quam
522 430 638 505 mutua
651 444 728 491 armo
745 439 785 489 95,
795 441 835 502 49

362 492 738 555 1999991999991999993697.
755 491 837 541 Gallis

360 558 509 622 stipendium
521 558 658 620 pependere
668 557 709 618 38,
722 555 759 607 16.

330 624 408 687 Syrtis
417 623 497 672 minor
509 637 548 687 99,
558 636 597 684 33.
615 636 655 684 34,
665 620 705 671 69.

567 878 599 930 Τ.

328 1008 422 1067 Tabae,
433 1010 491 1057 urbs
502 1007 608 1057 Pisidiae
619 1007 659 1068 38,
673 1021 683 1054 ι
687 1021 710 1068 3.

328 1073 448 1121 Tabellae
459 1079 484 1121 et
495 1074 580 1122 literae
590 1073 716 1121 laureatae
726 1082 767 1132 43,
780 1085 802 1119 ι.

328 1136 482 1186 'rebellarim
492 1155 533 1199 44,
544 1154 583 1199 44.
599 1149 640 1196 43,
654 1151 674 1185 r.

328 1201 464 1260 Tabernae,
475 1203 571 1250 Romae
582 1217 598 1249 a
607 1199 742 1262 Tarquinio
751 1198 833 1247 Prisco

359 1280 416 1327 rege
427 1267 506 1314 iactae
521 1280 541 1325 ι,
554 1277 592 1326 33.
609 1265 636 1313 in
645 1264 713 1327 gravi
724 1263 833 1328 periculo

359 1329 441 1377 claudi
454 1330 534 1378 iumae
545 1343 568 1390 3,
581 1341 619 1389 97.
636 1345 660 1388 4,
671 1342 710 1389 3ι.
727 1329 752 1376 19
765 1329 833 1376 luctu

358 1405 423 1505 pei·
445 1394 470 1442 in
493 1409 555 1456 paco
575 1399 675 1468 ,999999
693 1391 719 1451 6,
737 1404 774 1453 25·
797 1397 833 1440 a

358 1473 452 1569 ..lt
463 1457 677 1580 &tilioli
689 1458 833 1569 iffi

359 1586 444 1634 urbem
463 1585 570 1634 habente
593 1583 632 1644 96,
655 1599 692 1634 ιι.
716 1586 833 1633 tabernae

358 1655 454 1711 septem
481 1650 578 1698 Romae
609 1648 722 1698 incendio
751 1648 831 1697 hauri-

357 1718 433 1761 untur
454 1725 492 1774 97.
513 1714 656 1762 reficiuntur
676 1723 716 1774 97,
736 1726 771 1761 rr.
795 1719 831 1761 ta-

357 1776 447 1825 bernae
469 1774 554 1826 omnes
575 1793 632 1826 curn
654 1777 736 1840 magri
760 1776 830 1838 pretii

357 1842 479 1889 mercibus
499 1843 708 1904 conflagraverunt
730 1852 769 1904 33,
791 1855 830 1900 4ο.

357 1911 473 1968 quattuor
488 1905 514 1954 in
533 1905 659 1968 publicum
677 1911 776 1968 emptae
790 1918 830 1970 39,

357 1987 397 2030 44.
417 1972 533 2020 tabernae
550 1970 614 2020 circe
629 1971 709 2018 sonim
727 1969 830 2032 piscato-

357 2034 601 2148 irirrrra
616 2034 830 2159 {mittini

358 2167 383 2209 et
410 2162 523 2211 lanienae
553 2117 707 2223 mniisfctae,
731 2162 758 2210 in
787 2176 831 2224 pu-

356 2224 449 2273 blicum
459 2232 559 2288 emptae
568 2242 609 2288 44,
622 2225 659 2275 16.

325 2288 454 2338 Tabernae
464 2289 491 2338 N
492 2305 562 2350 orae,
572 2291 620 2338 loci
633 2305 724 2338 nomen
735 2291 832 2338 Romae

319 2387 325 2403 ’
347 2353 496 2467 9369111999
514 2418 541 2468 ιιι
557 2419 609 2467 foro
625 2423 718 2468 9999,
733 2432 774 2484 39
790 2418 831 2495 ⁴.⁶·

356 2484 524 2544 tabernacula,
542 2483 614 2542 muli,
632 2489 658 2532 et
679 2483 762 2532 omnia
782 2484 831 2533 aha
861 2518 872 2543 s

356 2548 520 2597 instnrmenta
543 2548 667 2609 militaria,
746 2548 751 2559 ¹
802 2548 830 2596 ti-

357 2612 404 2660 bus
420 2612 446 2660 in
464 2612 601 2675 provincias
618 2612 687 2661 ituris
704 2629 732 2661 su
750 2612 831 2660 minia-

355 2681 421 2724 tmta
430 2677 462 2724 de
473 2678 620 2739 9919119949,
631 2692 652 2725 r.
666 2676 831 2735 tabernacula,

355 2739 537 2802 militaremque
563 2739 751 2802 supellectilem,
773 2755 829 2801 qua·

356 2803 406 2850 lem
421 2804 515 2852 oonauli
530 2804 639 2866 praeberi
653 2819 706 2851 moa
719 2810 765 2863 est,
776 2803 830 2852 Ma·

355 2865 727 2929 dnimaedonautltomani3o,
742 2879 778 2929 17.
794 2873 831 2916 ta·

354 2930 515 2978 bernaeulum
530 2931 642 2993 Philippi
658 2930 685 2979 in
699 2936 830 2994 conspecto

355 2993 465 3043 maxime
474 2994 571 3043 tumulo
582 2996 689 3057 poeitum
701 3009 742 3057 39,
753 3006 776 3057 3.

324 3056 423 3107 Tabula
442 3073 458 3106 a
479 3058 510 3108 Τ.
527 3058 647 3116 Quinctio
665 3060 784 3109 dictatore
804 3058 831 3107 in

356 3122 481 3198 Capitolio
496 3125 542 3172 aab
557 3123 626 3187 cigno
639 3124 706 3173 loris
722 3125 831 3187 impara-

900 361 992 426 argenti
1004 363 1113 412 ducenta
1124 362 1244 427 Philippo
1259 363 1375 427 pellica>

900 432 940 476 tur
950 427 1172 490 Carthaginienses,
1182 435 1209 476 ut
1224 429 1251 476 in
1265 428 1374 478 θιὼ

899 495 943 540 sut
958 491 1059 540 Italiam
1074 507 1131 542 cum
1146 492 1259 541 exercitu
1271 493 1374 542 traiic'nt

901 570 941 620 99,
959 574 982 616 4.
1007 557 1102 604 talenta
1123 557 1240 616 ducenta,
1260 567 1377 606 sarram

898 619 1057 681 stipendium,
1070 621 1144 694 Cotyi
1158 635 1272 682 appensa
1285 637 1304 669 9
1320 623 1376 670 Per·

898 698 940 732 ⁸00
960 698 1000 744 42,
1018 683 1057 744 ⁶7-
1080 685 1259 747 9999999199
1277 686 1305 732 in
1323 686 1377 748 ru*

898 749 999 810 exponit
1018 749 1129 808 Peraous,
1145 748 1221 796 militi
1238 749 1376 812 diripiam

866 876 989 988 naman}
1012 875 1077 926 inter
1101 876 1197 926 auxilia
1220 877 1375 926 Rhodiorum

899 954 962 1001 339ι
982 977 988 989 ·

866 1003 987 1066 Tamara
1004 1006 1062 1054 urbs
1079 1005 1198 1054 aomar.
1216 1019 1259 1068 99,
1277 1006 1317 1055 ²&
1337 1019 1376 1067 or.

899 1081 938 1129 51.

866 1131 997 1195 Tanaquil,
1012 1131 1103 1181 iernina
1120 1148 1217 1182 srunmo
1236 1134 1292 1182 loco
1308 1141 1375 1192 9919,

898 1198 969 1245 nubit
985 1197 1121 1246 Lucumoni
1141 1211 1162 1257 ι,
1174 1211 1213 1258 34.
1230 1199 1375 1246 coelm'um

898 1261 1062 1324 prodigiorum
1081 1261 1169 1324 perita,
1188 1261 1249 1310 ibid.
1273 1263 1375 1324 Tarqui-

897 1325 965 1377 nium
983 1327 1014 1374 ad
1031 1326 1185 1374 educandum
1202 1341 1303 1375 aemma
1319 1343 1375 1374 9999

897 1389 1007 1438 Serrium
1019 1390 1111 1438 excitat
1122 1403 1160 1453 39
1175 1390 1307 1440 interiecto
1316 1391 1374 1440 Tar·

897 1453 990 1515 quinio,
1001 1455 1106 1502 eundem
1122 1453 1244 1514 Serrium,
1258 1471 1374 1517 generum

897 1533 977 1578 auum,
992 1519 1023 1566 ad
1041 1519 1213 1580 deponendam
1231 1535 1316 1568 rorum
1333 1535 1374 1568 cu·

896 1597 949 1630 mm
960 1583 1071 1630 hortatur·
1081 1597 1122 1643 49.
1135 1583 1183 1630 vid.
1195 1589 1221 1630 et
1233 1593 1274 1644 47.

864 1645 997 1705 Tanetum‚
1008 1647 1075 1696 vicus
1087 1661 1126 1706 99,
1138 1659 1176 1708 93.
1189 1647 1220 1695 ci.
1231 1655 1259 1695 et
1270 1661 1311 1708 30,
1325 1663 1361 1712 99

863 1710 993 1763 Tarentus.
1001 1712 1060 1758 urbs
1069 1724 1107 1770 94,
1119 1724 1157 1771 93.
1171 1710 1310 1760 Tarentum
1320 1727 1372 1775 prn-

895 1774 960 1823 ditur
971 1775 1107 1823 Hannibali
1120 1786 1160 1835 93,
1175 1775 1192 1822 8
1208 1781 1234 1823 et
1249 1791 1273 1840 9
1295 1791 1372 1839 oppu-

893 1845 982 1901 gnatur
997 1845 1022 1888 et
1035 1839 1132 1901 capitur
1141 1855 1158 1888 9
1168 1839 1248 1888 Fabio
1260 1841 1373 1889 Masirno

897 1915 936 1963 97,
950 1915 986 1963 15.

863 1967 997 2015 Tarentina
1013 1982 1057 2015 arx
1077 1972 1234 2030 oppugnatur
1250 1969 1283 2016 ab
1303 1969 1372 2016 Han·

894 2030 976 2079 nibale
988 2043 1027 2092 93,
1038 2045 1074 2080 ιι.
1092 2031 1256 2094 eiprorident
1265 2033 1371 2082 Romani

898 2107 935 2156 15.

864 2159 992 2208 Tarentini
1003 2159 1028 2218 8,
1041 2171 1078 2220 97.
1096 2174 1180 2207 eorum
1195 2159 1333 2222 indignatio
1346 2160 1371 2210 irr

896 2223 1031 2283 Romanos,
1040 2223 1099 2272 ibid.
1116 2221 1240 2272 concitant
1250 2223 1372 2284 Lucanos,

895 2287 953 2336 ibid.
970 2302 1054 2336 eorum
1071 2287 1176 2350 superba
1190 2287 1283 2350 legatio
1337 2303 1370 2363 94.

895 2351 1014 2401 deliciunt
1030 2354 1062 2402 ad
1079 2352 1176 2403 Poenos
1192 2352 1260 2401 bello
1305 2368 1370 2403 9991-

895 2416 976 2465 balico
994 2430 1032 2478 99,
1045 2414 1085 2467 6ι.
1105 2416 1233 2465 Tarentini
1249 2418 1326 2481 legati
1340 2419 1371 2467 ad

896 2480 1062 2529 Hannibalem
1075 2496 1114 2541 94,
1125 2494 1162 2542 13.
1179 2496 1265 2529 eorum
1277 2482 1371 2533 obsides

894 2546 963 2607 apud
980 2546 1114 2605 Romanos,
1130 2560 1186 2593 cum
1204 2544 1324 2609 mgiuent
1341 2548 1371 2595 ab

895 2610 965 2668 arbe,
981 2608 1079 2657 retracti
1098 2610 1129 2657 de
1147 2624 1207 2657 saxo
1224 2610 1372 2660 deiiciantur

896 2684 936 2733 93,
960 2684 980 2735 7.
1008 2673 1196 2722 Tarentinorum
1219 2674 1328 2723 defectio
1348 2676 1370 2725 8.

895 2752 946 2798 sqq.
963 2752 1047 2785 eorum
1059 2736 1142 2785 9199919
1155 2738 1238 2786 caedit
1248 2746 1275 2787 et
1285 2740 1370 2801 mergit

894 2800 997 2849 clamem
1019 2802 1093 2852 Rom.
1117 2799 1156 2861 96,
1176 2814 1214 2866 39
1243 2802 1371 2851 Tarentini

894 2866 1030 2913 caeduntur
1039 2881 1055 2913 a
1065 2866 1094 2915 O.
1105 2866 1197 2925 Persio,
1208 2864 1269 2915 ibid.
1285 2882 1370 2930 paoem

894 2935 982 2991 petunt
992 2946 1008 2978 a
1018 2930 1092 2979 Rom.
1104 2944 1160 2978 cum
1171 2928 1286 2979 libertate
1296 2948 1327 2980 ac
1338 2932 1370 2980 le·

893 2992 964 3056 gibus
979 2993 1029 3042 suia
1045 3005 1085 3053 97,
1100 3008 1128 3042 nr
1145 2998 1171 3042 et
1187 3006 1226 3056 93.
1243 2994 1370 3045 Tarentini

894 3057 989 3120 equites
999 3070 1039 3119 35,
1051 3058 1082 3107 98
1093 3064 1118 3107 et
1130 3072 1168 3123 99.

862 3120 1011 3171 Tarentinus
1028 3137 1085 3185 ager
1104 3134 1144 3185 97,
1163 3136 1202 3181 49.
1226 3130 1314 3185 portus
1333 3138 1369 3187 93,

356 3191 416 3235 tons
429 3187 481 3237 lixa
493 3186 518 3248 6,
530 3202 569 3252 99.
586 3188 680 3251 templo
693 3189 768 3237 affixa
780 3187 831 3236 voti
895 3198 934 3247 33.

356 3251 432 3300 index
451 3266 493 3313 49,
510 3264 549 3313 39.
572 3252 687 3301 victoriae
707 3252 784 3301 index
804 3252 830 3300 iu

356 3316 418 3364 sede
429 3315 517 3364 Matris
529 3316 642 3365 Matutae
653 3330 693 3378 41,
704 3329 744 3377 33.

325 3377 437 3428 Tabulae
447 3380 533 3429 decem
546 3397 563 3429 9
573 3379 717 3430 decemviris
728 3381 794 3429 latae
805 3393 830 3441 3,

355 3456 396 3504 34.
417 3443 481 3492 duae
498 3443 618 3507 prioribus
631 3446 717 3494 decem
731 3444 830 3493 additae

357 3517 395 3568 37.
420 3507 558 3567 duodecim,
576 3507 602 3557 in
623 3524 666 3558 aes
685 3507 785 3569 1991999,
803 3508 830 3556 19

356 3570 456 3633 publico
467 3570 606 3633 propositae
617 3584 655 3635 37.

324 3633 436 3683 Tabulae
447 3634 592 3698 9919119994,
600 3637 623 3686 8.
636 3635 676 3695 96,
684 3634 723 3697 36.
736 3636 830 3700 priscae

355 3698 422 3757 artis,
430 3698 544 3749 inventae
553 3700 665 3749 Eretriae
672 3714 713 3761 39,
722 3699 758 3750 16.
770 3702 829 3749 Arn-

354 3761 438 3811 bracia
447 3768 548 3812 avectae
558 3764 598 3823 38,
608 3778 632 3829 9·
648 3780 727 3812 novae
739 3778 778 3825 39,
790 3765 828 3825 38.

355 3826 446 3875 tabulis
455 3826 528 3889 pictis
537 3828 622 3876 fanum
633 3828 775 3890 Aeaculapii
787 3843 829 3876 err-

355 3896 555 3952 0999199494·

324 3954 485 4003 Tabularium
496 3968 536 4016 43,
550 3956 587 4005 98.

323 4018 501 4067 Tabulatorurn
511 4018 620 4082 quinque
629 4020 701 4069 199919
712 4021 752 4080 98,
761 4018 785 4069 6.

323 4082 445 4131 Tabulius
453 4098 517 4147 agar.
528 4083 577 4133 rid.
588 4083 720 4134 Trientius.

323 4146 514 4206 Τ9399899199
528 4161 568 4206 or,
583 4158 605 4208 3.
623 4158 663 4209 97,
680 4163 717 4213 19.
734 4160 775 4211 33,
789 4163 827 4198 99.

323 4220 445 4325 ’1931ῃὲ
453 4285 501 4318 vox
511 4272 629 4343 nuptialis
642 4289 663 4333 ι,
674 4290 700 4338 9.

320 4329 456 4401 Talentum
467 4332 577 4381 Atticum
588 4336 628 4395 38,
640 4350 679 4394 94.
691 4337 738 4385 sid.
750 4338 825 4398 9138.

354 4390 492 4440 &buum
508 4406 549 4455 99,
565 4408 604 4455 45·
626 4399 667 4458 98,
683 4414 707 4461 9·
730 4402 825 4451 arena

863 3249 906 3311 sp.
915 3248 1035 3311 Tarpeius
1045 3250 1201 3312 pmwstarei
1211 3250 1289 3300 Item.
1300 3264 1323 3311 ι,
1333 3264 1368 3301 ιι.

893 3312 946 3362 eiua
965 3313 1016 3363 filia
1033 3330 1050 3362 9
1070 3314 1102 3364 T.
1119 3315 1203 3375 Tatio,
1221 3314 1367 3363 Sabinorum

893 3384 1155 3441 reqeaumconupoa,
1163 3377 1369 3441 accipitarmstos

894 3441 997 3491 Sabinos
1006 3442 1031 3490 in
1042 3456 1132 3502 arcem,
1142 3442 1201 3491 ibid.

862 3506 904 3569 Sp.
916 3506 1023 3569 Tarpeio
1038 3521 1085 3556 cos.
1097 3512 1125 3554 ut
1140 3506 1284 3569 magistram
1300 3508 1367 3567 abiit,

892 3569 945 3619 dies
963 3570 1030 3619 diota
1047 3583 1071 3630 3,
1088 3584 1128 3632 31.
1151 3572 1247 3645 legatus
1263 3572 1367 3620 mittitur

892 3634 925 3683 ad
941 3633 1084 3693 exercitum,
1096 3636 1246 3684 Aventrnurn
1262 3636 1366 3685 inn'den·

892 3704 943 3747 tem
956 3710 995 3759 3ο.
1012 3704 1108 3747 creatur
1117 3698 1219 3812 19119191.
1230 3697 1272 3760 63.

862 3762 982 3824 Terror·
995 3778 1066 3811 mon·
1083 3776 1155 3826 12⁵⁵·
1194 3764 1281 3825 “reia
1294 3778 1366 3827 rupe

910 3861 918 3885 ,
948 3840 985 3875 ro.
1024 3826 1159 3888 Tarpeium
1190 3842 1287 3877 aarum.
1318 3828 1365 3878 sid.

861 3905 997 4017 Tarqrriliii,
1007 3956 1064 4004 urbs
1076 3953 1189 4003 Etruriae
1202 3968 1223 4014 ι,
1234 3968 1275 4015 34.
1293 3953 1333 4015 96,
1342 3969 1364 4017 3.

860 4030 1048 4144 Taiiq’uiriieuecs
1059 4082 1092 4131 ad
1104 4080 1266 4144 Tarquinium
1278 4084 1363 4159 Super-

891 4147 951 4195 bum
965 4146 992 4195 in
1006 4147 1072 4209 regni
1085 4146 1261 4209 pouesoionem
1271 4155 1363 4197 restria

891 4211 982 4259 endum
998 4226 1067 4259 arma
1084 4210 1185 4273 capiunt
1203 4226 1226 4271 9,
1240 4210 1265 4261 6.
1285 4228 1363 4276 pugna

890 4273 954 4323 inter
963 4288 1005 4323 eos
1015 4280 1040 4323 et
1048 4276 1183 4333 1199999999,
1190 4274 1248 4323 rbid.
1264 4276 1361 4325 domum

889 4338 981 4387 abeunt
991 4350 1012 4400 7.
1022 4339 1117 4387 bellum
1127 4338 1236 4387 inferunt
1244 4340 1362 4389 Romanis

889 4414 913 4461 3,
924 4400 959 4452 16.
973 4401 1360 4464 populmturagmmltomiaid.
