2934 4800
292 202 818 271 MANUSCRIPTORUM
851 202 998 270 LIVII.
1103 211 1169 271 439

150 337 201 402 In
225 340 288 405 hoc
314 340 424 407 codice
447 342 660 429 fragmentum
684 354 797 419 exstat,
845 340 910 405 uod
932 362 1016 429 supr.
1037 363 1071 429 p.
1092 343 1166 409 275.

78 426 279 503 recitatur,
300 442 334 492 et
355 428 396 493 de
442 452 483 493 uo
509 427 669 493 Henricus
689 364 876 492 Dodwellus
922 426 991 491 lura
1009 427 1166 507 disseruit,

78 532 199 597 quae
216 452 497 579 Drakenborcbius
521 516 555 579 in
576 514 717 579 editione
738 537 796 579 sua
816 515 846 578 L
915 513 1167 581 .-Batav.1746.

79 610 194 663 tom.
212 598 288 665 VIL
305 623 336 687 p.
357 606 428 665 182.
445 601 592 666 exhibuit
615 609 669 667 ‘et
685 600 863 687 reparando
881 600 1049 688 subgreoen
1068 622 1166 666 manu

80 690 97 719 ⁶
114 684 226 749 haud
251 708 282 749 m
348 710 367 750 a
393 686 494 753 Alisfe
521 688 627 753 menia
650 686 741 774 quasi
769 686 879 774 palens
907 687 1096 774 perveniens
1124 709 1167 752 ex

84 778 99 807 ‘
118 770 236 857 opido
251 772 302 837 bel
316 796 356 837 ua
370 788 547 840 constructe
561 774 764 839 armamentis
778 773 885 859 erupit
897 796 994 860 quam
1008 773 1120 839 consul
1133 774 1167 838 vi

85 864 101 893 ‘
118 870 263 943 captam
276 859 440 925 trucidatis
449 862 505 948 qui
516 861 550 925 in
561 882 601 925 ea
608 860 815 925 constiterant
825 874 961 925 reservat
972 859 1013 925 ad
1022 882 1166 960 pugnam

88 950 103 981 ‘
121 944 196 1008 sed
221 944 351 1031 opidani
376 948 457 1011 sicut
483 948 599 1035 quibus
619 968 696 1011 cura
717 945 868 1034 pusillum
893 946 996 1011 inerat
1020 968 1053 1010 in
1077 946 1165 1011 diem

88 1038 104 1067 ‘
122 1030 269 1095 alteram
302 1033 494 1099 umbonibus
527 1032 672 1098 helluatis
705 1054 823 1121 paucos
852 1032 979 1120 fugaces
1009 1032 1165 1098 invadunt

91 1124 106 1155 ‘
125 1117 406 1205 elephantemque
423 1121 530 1185 omine
547 1119 669 1184 meliori
684 1130 849 1207 receptant
860 1132 891 1182 et
904 1118 1007 1183 Alifae
1018 1119 1163 1184 Ruffium

92 1212 109 1241 ‘
125 1204 299 1291 quondam
315 1206 465 1271 vocitatas
488 1207 527 1271 ab
547 1206 662 1270 dextro
679 1218 834 1293 sequente
851 1204 1013 1269 sinistrum
1030 1204 1164 1293 augurio

94 1299 110 1327 ‘
126 1312 256 1355 nomen
286 1292 456 1379 imponunt
485 1292 630 1357 accolae.’
689 1291 850 1379 Equidem
879 1313 952 1356 curn
980 1291 1166 1379 Kreyssigio

96 1378 229 1453 sentio,
245 1378 300 1464 qui
324 1377 403 1443 haec
424 1380 521 1443 verba
543 1378 649 1479 spuria
671 1400 777 1465 neque
801 1402 820 1442 a
845 1376 931 1442 Livii
954 1400 1052 1442 manu
1068 1378 1164 1442 fuisse

97 1477 234 1540 censet,
251 1464 307 1528 sed
326 1487 390 1550 qua
411 1466 533 1530 ratione
557 1488 590 1528 rn
615 1478 802 1529 contextum
824 1464 1016 1551 irrepserint,
1033 1464 1164 1528 minime

100 1572 154 1636 ap
180 1563 257 1615 aret.
291 1549 325 1615 Si
339 1552 482 1617 codicem
497 1552 568 1639 quis
582 1551 670 1616 adire
684 1551 771 1628 velit,
786 1551 999 1637 fragmentum
1014 1551 1046 1614 in
1062 1550 1165 1637 prima

100 1572 265 1702 colbmna
278 1636 309 1701 ll.
325 1642 463 1703 59-68.
487 1638 541 1703 fol.
559 1642 611 1703 76.
628 1652 716 1725 parte
731 1638 862 1703 adverse
876 1653 989 1701 exstat.

157 1721 220 1787 IV.
246 1722 360 1787 Codex
380 1726 639 1789 membranaceus
659 1724 693 1788 in
710 1724 796 1801 folio,
812 1722 910 1788 seculi
926 1723 1043 1787 decimi
1057 1722 1163 1810 quinti

104 1809 274 1887 exeuntis,
298 1832 371 1875 cum
397 1810 496 1875 literis
519 1810 692 1875 initialibus
715 1811 809 1897 pictis
831 1823 866 1875 et
888 1808 1056 1887 deauratis,
1080 1809 1164 1874 inter

106 1895 242 1960 codices
259 1895 448 1961 Bodleianos
463 1911 645 1973 asservatus,
660 1897 808 1962 foliorum
824 1901 897 1973 284.

160 1980 319 2046 Continet
343 1983 455 2049 decem
483 1984 603 2071 priores
628 1983 733 2049 libros.
781 1982 890 2047 Habet
915 1981 1018 2046 codex
1042 1983 1102 2045 iste
1128 1982 1164 2046 in

108 2068 219 2133 fronte
243 2068 311 2133 lolii
333 2070 428 2157 primi
452 2070 538 2157 picta
561 2070 710 2157 anonymi
736 2068 901 2133 cuiusdam
927 2068 1064 2153 insignia
1085 2090 1163 2155 gen·

110 2154 220 2231 tilitia,
236 2156 293 2241 qui
306 2158 452 2243 portabat
467 2158 500 2220 in
516 2171 605 2221 scuto
621 2170 730 2220 aurato
749 2156 834 2219 inter
852 2153 961 2219 leones
976 2168 1039 2219 tres
1053 2176 1164 2219 caeru·

111 2240 181 2305 leos
195 2241 322 2306 fasciam
341 2242 454 2308 coloris
471 2243 623 2320 eiusdem,
639 2242 691 2307 cui
712 2241 920 2329 imponuntur
939 2240 1078 2306 merulae
1099 2255 1163 2305 tres

110 2344 253 2393 auratae.
296 2330 388 2395 Aact.
405 2332 445 2395 F.
463 2331 493 2393 I.
513 2330 577 2416 ll.]

156 2413 199 2480 V.
226 2415 254 2479 C
299 2439 341 2480 ex
382 2416 639 2482 membranaceus
676 2416 709 2480 in
746 2415 823 2480 solio
859 2424 900 2479 a⁰.
934 2418 1027 2481 1476.
1061 2414 1163 2478 nitide

110 2514 271 2580 exaratus,
290 2502 365 2567 olim
383 2502 629 2579 Canonicianus,
648 2525 751 2590 nuper
772 2503 806 2565 in
829 2500 1055 2566 bibliothecam
1076 2498 1164 2564 Bod-

110 2587 250 2654 leianam
265 2588 425 2667 advectus
440 2589 586 2654 foliorum
601 2592 674 2656 227.

159 2674 316 2740 Continet
337 2675 433 2740 libros
453 2675 575 2754 decem,
590 2675 711 2740 scilicet
730 2697 751 2740 a
764 2673 914 2738 vicesimo
935 2671 1039 2759 primo
1060 2694 1162 2760 usque

112 2761 155 2826 ad
170 2761 364 2827 tricesimum
378 2761 540 2827 inclusive.

157 2847 198 2912 In
222 2848 286 2913 line
312 2849 429 2936 legitur
453 2849 568 2914 notitia
592 2870 739 2935 sequens,
772 2845 952 2912 ‘Iohannes
977 2845 1163 2912 Franciscus

113 2930 1162 3022 ‘MartiuchminianensisdescripsitannoM⁰CCCC⁰LXXVI⁰.

114 3020 295 3086 ‘Peccioli'
323 3022 462 3107 [Canon.
479 3024 556 3087 Lat.
572 3021 662 3105 296]

158 3105 218 3172 Vl.
245 3106 359 3172 Codex
377 3107 457 3172 alter
474 3108 732 3172 membranaceus
751 3107 786 3170 in
806 3105 892 3182 folio,
908 3127 1005 3170 manu
1019 3103 1164 3170 eiusdem

114 3193 267 3260 Iohannis
285 3193 335 3259 Fr.
354 3193 463 3258 Martii
482 3208 639 3269 exaratus,
654 3192 730 3257 olim
749 3191 996 3269 Canonicianus,
1012 3213 1115 3278 nuper
1128 3191 1163 3253 in

112 3280 339 3346 bibliothecam
355 3279 562 3344 Bodleianam
576 3280 736 3356 advectus,
752 3277 899 3342 foliorum
917 3281 988 3341 185.

159 3365 317 3431 Continet
345 3365 440 3431 libros
466 3390 486 3432 a
510 3366 670 3431 tricesimo
697 3365 801 3451 primo
830 3385 931 3449 usque
960 3362 1003 3427 ad
1027 3361 1163 3450 quadra-

135 3453 270 3518 esimum
297 3452 460 3530 inclusive,
487 3453 602 3517 omisso
631 3467 738 3517 tamen
767 3449 848 3514 libro
874 3449 1032 3514 tricesimo
1059 3448 1161 3513 tertio.

114 3476 245 3606 lissinis
261 3539 342 3604 liber
357 3539 433 3604 XL.
449 3561 522 3603 cunr
538 3538 640 3603 verbis
665 3534 958 3622 ‘conciliabulaque
975 3535 1165 3611 edixerunt,’

112 3649 140 3692 c.
158 3629 213 3692 37.

157 3711 198 3776 In
214 3711 278 3776 line
297 3711 424 3798 legitur,
448 3712 542 3776 ‘Deo
556 3711 682 3798 gratias,
699 3709 859 3775 lohannes
874 3708 1059 3774 Franciscus
1075 3705 1164 3770 Mar-

114 3798 200 3864 ‘tius
238 3797 506 3886 Gemignanensis
544 3797 601 3862 has
637 3795 773 3861 decadas
808 3795 944 3860 feliciter
979 3793 1163 3880 descripsit’

115 3885 257 3971 [Canon.
272 3887 349 3950 Lat.
366 3885 455 3968 297]

157 3969 234 4035 VII.
262 3968 376 4034 Codex
392 3970 651 4034 membranaceus
664 3969 699 4032 in
713 3967 790 4033 folio
805 3967 925 4044 maiori,
937 3965 1036 4030 seculi
1046 3965 1163 4030 decimi

115 4056 221 4206 :luinti
242 4056 400 4133 exeuntis,
416 4057 534 4143 optime
557 4067 712 4132 exaraturi,
727 4069 762 4118 et
776 4052 882 4140 quoad
899 4054 1005 4117 literas
1027 4052 1164 4116 initiales

117 4142 322 4218 'luminatus
352 4142 429 4208 olim
460 4141 705 4216 Canonicianus,
737 4162 840 4227 nuper
873 4140 906 4202 in
939 4137 1164 4204 bibliothecam

117 4227 325 4294 Bodleiananr
340 4228 473 4307 delatus,
488 4228 634 4293 foliorum
651 4232 723 4292 235.
