2934 4800
460 251 681 314 INDEX.

82 365 243 428 donisque
263 369 289 414 et
304 363 403 416 auxiliis
418 365 495 414 mittit
513 379 552 426 22,

104 431 277 480 Victoriam
293 444 392 478 aiireaiii
410 431 492 492 pondo
506 435 553 478 tre·

66 493 153 544 stimi
182 494 285 556 viginti
303 495 367 542 dorio
389 494 439 552 dat,
458 493 515 542 ibid.
537 509 553 542 4

66 575 127 606 sse
140 557 262 606 Punica
272 557 441 606 4441414πεί44
450 573 552 619 reguum

66 661 70 670 .
104 621 250 670 Hieronis
262 637 327 670 mors
337 635 406 681 44,4
423 621 551 670 414414414-

66 695 172 734 rutum
188 686 300 748 publice
310 685 446 744 incitatum,
457 685 515 734 ibid.

66 752 167 808 ocles,
175 749 371 813 Agrigentinus,
377 749 450 798 tmdit
457 750 551 811 Zacyn-

66 831 125 862 iuni
151 815 277 862 1444414444
294 813 399 862 Achaeis
417 811 457 875 36,
477 827 505 875 34
526 819 551 861 et

66 957 216 1005 onymus,
233 957 314 1005 nepos
331 940 446 990 Hieronis
459 946 484 990 et
498 955 551 990 sue-

66 1021 140 1055 saor
152 1021 199 1066 44,
212 1024 239 1066 4.
258 1007 312 1054 eius
321 1006 381 1054 vitia
392 1017 413 1066 3.
431 1005 551 1066 conspira-

66 1087 79 1118 4
102 1071 135 1118 in
152 1071 247 1128 illum,
260 1069 318 1118 ibid.
337 1071 369 1118 ad
385 1069 551 1117 Hannibalern

66 1136 168 1183 ¹clinat
180 1133 206 1183 6.
226 1134 304 1196 legati
318 1135 391 1182 Rani.
403 1133 468 1181 male
478 1133 510 1180 ab
521 1147 550 1180 eo

66 1199 174 1262 inepti,
180 1198 247 1246 ibid.
265 1196 318 1246 eius
327 1197 413 1246 foedus
420 1211 477 1245 cum
488 1197 550 1246 Poe·

66 1263 102 1322 ia,
117 1263 184 1312 ibid.
202 1277 220 1310 a
232 1261 365 1310 coniuratis
375 1261 494 1309 4441411444
505 1273 526 1324 7.

66 1342 175 1386 armus,
186 1341 233 1374 rex
246 1326 398 1388 quorundam
413 1325 550 1386 Hispaniae

66 1392 231 1453 opulorum,
242 1391 313 1439 rivus
323 1389 418 1452 capitur
428 1400 468 1450 33,
480 1399 502 1449 7.

66 1471 150 1514 nera
161 1455 256 1513 amnis,
267 1453 376 1503 Siciliam
389 1453 500 1502 dividens
511 1467 550 1512 24,

66 1545 78 1567 1.
94 1520 133 1566 ci'.
147 1525 175 1567 ct
187 1531 229 1580 25,
241 1533 281 1578 40.

616 368 754 431 perdomita
773 374 819 430 est,
837 370 914 420 ductu
932 371 1090 437 auspicioque

616 433 721 496 Augusti
731 435 842 510 camaris
853 436 892 496 28,
905 450 941 486 12.
960 437 1052 498 primus
1062 440 1089 487 iu

616 497 811 634 Hamil
817 505 1090 627 distillet

616 638 690 686 panis
704 626 797 700 multas
811 627 886 676 habet
901 633 987 686 tisries,
1001 630 1091 691 quibus

614 691 1006 821 4444444114ῗί
1015 699 1089 806 tl.

614 818 749 877 reparando
764 818 891 880 aprinum
907 821 946 877 28,
965 835 1001 871 12.
1020 821 1089 870 arido

615 883 641 927 st
663 879 758 930 inculto
779 883 831 930 solo
852 897 965 944 magnam
990 885 1088 933 urbium

614 943 798 993 multitudinem
810 947 876 994 alere
890 961 940 994 non
956 953 1037 1009 potest
1048 963 1088 1008 41,

615 1018 638 1066 3.
666 1013 769 1069 pacatur
786 1011 818 1057 ab
835 1009 872 1059 Μ.
884 1011 973 1059 Ρ44414
991 1013 1094 1062 Catone

615 1083 654 1130 34,
673 1085 710 1121 21.
738 1072 875 1134 Hispaniae
896 1074 950 1123 loca
971 1075 1089 1138 pleraque

615 1134 703 1183 crebris
718 1136 820 1185 saltibus
836 1137 930 1187 inclusa
946 1139 986 1198 48,
1002 1153 1039 1189 11.
1060 1141 1090 1188 li·

614 1203 667 1247 tora
689 1201 839 1262 populantur
859 1201 967 1250 Romani
990 1216 1029 1262 22,
1048 1217 1087 1253 20.

613 1277 703 1324 magua
719 1279 775 1326 pars
793 1267 901 1324 subacta,
917 1265 975 1314 ibid
1002 1281 1088 1316 omues

613 1325 664 1375 iere
679 1329 766 1390 populi
781 1329 813 1376 ad
828 1329 955 1377 Romanos
969 1330 1088 1380 deficiunt

615 1403 654 1451 23,
665 1405 703 1455 49.
725 1392 752 1440 in
764 1391 886 1454 Hispania
897 1407 935 1442 res
946 1394 1043 1443 Poenos
1052 1395 1089 1443 in·

613 1459 651 1502 ter
668 1461 695 1503 et
712 1456 839 1504 Romanos
855 1462 938 1519 gestae
957 1471 996 1518 22,
1016 1472 1046 1523 19
1062 1463 1088 1508 et

66 1584 160 1640 nilon,
169 1583 208 1630 vir
218 1581 332 1631 nononis
341 1579 550 1639 44444444
583 1553 690 1644 aspin
705 1582 868 1633 mussantis
881 1600 898 1633 a
912 1585 999 1648 ugia
1013 1586 1088 1637 aon.

66 1648 98 1694 ia
120 1645 278 1694 Hannibalis
293 1647 326 1693 ad
340 1646 438 1695 Cannas
448 1645 550 1694 Cartha

66 1711 154 1772 pinam
170 1710 296 1770 niuitiata,
309 1709 458 1758 Hannonem
473 1708 550 1758 incre·

66 1781 112 1836 eat
126 1788 169 1836 23,
184 1789 221 1823 12.

66 1839 153 1888 mileo
166 1853 223 1886 cum
235 1837 344 1888 exercitu
355 1837 380 1886 in
392 1836 499 1887 Siciliam
511 1851 550 1885 ve·

66 1903 107 1951 nit
122 1917 165 1962 24,
176 1914 216 1964 33.
234 1902 287 1950 eius
301 1918 340 1950 res
354 1901 513 1964 3444441111.
525 1905 551 1950 et

66 1965 109 2028 36.
135 1967 296 2028 Agrigentum
308 1981 334 2014 se
348 1965 435 2028 recipit
446 1979 484 2030 39.
507 1965 550 2026 Sy·

66 2028 470 2094 mcumnissuppetiasiert25,26.
482 2034 550 2091 peste

66 2095 149 2157 perit,
159 2095 219 2144 ibid.

66 2159 159 2207 imilco
176 2157 275 2208 Punicis
292 2158 450 2208 auxiliaribus
465 2157 550 2208 04414-

67 2224 134 2272 lone
146 2229 241 2286 praeeat
253 2223 291 2282 28,
304 2237 340 2272 2o

69 2287 161 2346 iostus,
169 2287 233 2336 filius
240 2287 424 2350 Hampsicorae,
435 2283 551 2347 principis

72 2353 219 2427 8444144444,
228 2351 254 2399 14
264 2351 317 2401 scie
327 2351 392 2427 cadit
404 2364 443 2412 43,
454 2363 492 2410 4ο.

66 2415 550 2543 1444444444431..

78 2558 162 2605 42451
176 2550 247 2609 et59·
264 2550 500 2605 4444434145-

66 2608 168 2671 lippias,
176 2608 344 2658 Thessalorum
355 2614 451 2670 praetor
461 2621 501 2667 42,
510 2616 548 2668 34.

66 2672 140 2735 lippo
152 2672 226 2735 regius
237 2686 274 2749 49,
286 2688 310 2735 3,
320 2691 336 2733 4
346 2679 372 2721 et
383 2686 421 2733 32.

66 2736 150 2799 lippo,
160 2738 213 2785 urbs
223 2737 357 2799 Hispaniae
368 2750 407 2801 39,
419 2749 457 2796 34.

66 2800 221 2863 lippocrates
232 2801 260 2849 ci
269 2800 398 2863 Epicydea
424 2800 493 2848 Dum
503 2798 549 2847 iia·

84 2870 123 2913 ter
139 2870 229 2927 praeest
238 2863 368 2927 Syracusis,
384 2864 444 2927 ipse,
461 2862 549 2912 Poenis

86 2929 232 2987 coniunctus,
248 2929 340 2977 bellum
357 2927 419 2990 gerit
437 2928 550 2976 adversus

87 2992 230 3041 Marcellum
251 3007 288 3053 24,
312 3002 349 3054 33.
387 2991 489 3040 vincitur
511 2988 549 3051 36.

89 3056 244 3119 Murgantiam
258 3072 282 3105 ss
296 3055 382 3119 recipit
392 3068 429 3119 39.
448 3055 549 3117 Syracu·

90 3121 153 3169 seriis
169 3120 284 3183 suppetias
302 3120 349 3169 lert
365 3130 404 3181 43,
421 3116 459 3168 46.
480 3124 550 3181 peste

90 3184 161 3257 perit,
169 3183 222 3234 ibid.

66 3244 225 3310 Hippolochus
234 3245 270 3308 36,
280 3261 304 3311 9.

614 1651 700 1695 contra
718 1648 815 1697 Poenos
834 1663 874 1706 21,
893 1663 930 1713 49
956 1650 1088 1712 suppositis

613 1709 757 1760 incubantes
764 1712 844 1772 catria,
851 1713 1000 1761 Rhodanum
1011 1719 1088 1763 trans

614 1779 700 1823 natant
712 1785 750 1836 47.
770 1777 803 1824 sd
817 1778 1009 1826 concursandum
1025 1777 1089 1826 inter

615 1852 674 1886 saxa
683 1853 804 1902 rupesque
814 1840 867 1904 apti
879 1855 919 1901 22,
931 1842 968 1891 48.
985 1839 1089 1904 inquieti

614 1901 728 1965 avidique
741 1903 769 1952 in
782 1919 821 1952 ras
830 1919 906 1953 novas
917 1919 955 1954 21.
975 1911 1088 1967 spactant

614 1966 647 2015 ad
668 1967 829 2016 defection·
851 1969 1088 2030 Carthaginiensium

615 2041 653 2079 22.
680 2031 763 2080 allecti
785 2033 877 2093 pracda
894 2033 1029 2081 caeduntur
1048 2033 1088 2093 28,

616 2107 654 2154 33.
671 2095 802 2143 vincuntur
811 2111 827 2142 a
838 2096 944 2144 Lentulo
955 2102 981 2145 et
991 2097 1089 2146 Manlio

614 2158 720 2207 Acidino
733 2173 772 2223 49,
784 2173 798 2207 4
809 2166 835 2208 et
845 2173 868 2220 3.
890 2160 1030 2210 404444114
1041 2162 1088 2212 Ce-

613 2221 687 2284 thego
700 2236 790 2288 31,4o
806 2238 823 2271 4
838 2223 949 2273 Minucio
960 2238 1001 2285 33,
1015 2240 1054 2285 44
1073 2241 1089 2274 4

614 2285 709 2336 Catone
719 2301 758 2349 34,
769 2301 807 2347 44,
818 2287 927 2348 434446.
945 2289 1088 2340 a'IiGrac·

614 2350 661 2398 cho
671 2365 711 2412 41,
724 2365 746 2414 3.
763 2352 869 2414 Hispani
880 2368 951 2416 aegre
962 2352 1089 2429 patiantur

613 2414 659 2464 sibi
674 2416 792 2479 adempta
810 2432 887 2475 arma,
902 2418 1024 2480 multique
1041 2418 1088 2467 sibi

613 2480 767 2529 consciscunt
778 2496 864 2530 necem
876 2495 916 2543 34,
929 2492 965 2543 47.
984 2497 1089 2543 quarun-

613 2547 653 2592 tui·
668 2544 700 2593 de
718 2544 903 2606 magistratuum
920 2545 993 2595 Rom.
1010 2545 1088 2594 avari·

612 2608 656 2667 tia,
669 2612 694 2656 et
707 2608 807 2670 aliquod
822 2608 955 2670 impetrant
970 2623 986 2657 4
1001 2614 1089 2659 senatu

612 2671 724 2720 levamen
744 2687 784 2734 43,
802 2686 823 2721 2.
852 2671 924 2734 primi
945 2672 1089 2721 mercenarii

612 2736 680 2796 apud
691 2736 818 2785 1144444444
828 2750 868 2795 44,
878 2750 918 2801 49.
934 2737 1088 2799 praestantis-

612 2798 667 2847 simi
688 2800 779 2850 milites
799 2800 920 2850 4444414444
939 2800 1089 2851 Hannibalis

613 2874 653 2924 47,
672 2878 708 2925 44.
734 2864 902 2928 Hispauomui
920 2864 986 2914 44144
1003 2878 1044 2930 49,
1064 2878 1088 2927 3.

614 2940 653 2991 39,
665 2941 703 2989 34.
724 2929 820 2991 gladius
835 2940 858 2990 7,
871 2943 907 2978 io.
931 2928 1027 2978 obsides
1043 2928 1087 2979 Sa·

612 2991 1088 3119 4414414414.ΐέ

614 3119 716 3169 cesinas
734 3092 838 3169 44441444
859 3121 985 3183 Hispanos
1001 3120 1102 3183 quanti'

613 3180 666 3244 ipse
677 3183 803 3244 44114443,
814 3197 837 3232 4.

583 3246 677 3306 Hister,
687 3246 770 3295 Tusco
781 3248 853 3296 verbo
867 3253 969 3297 vocatm
983 3248 1052 3302 ladio
1063 3259 1087 3310 7,

66 3309 168 3373 Hirpini,
184 3312 261 3375 populi
279 3326 318 3371 22,
337 3324 373 3373 43.
399 3325 416 3359 4
431 3309 550 3359 Romanis
614 3324 637 3358 2.

94 3376 202 3425 deliciunt
218 3377 247 3425 sd
262 3375 359 3424 Poenos
374 3372 412 3424 61.
429 3380 454 3423 et
471 3387 510 3435 43,
529 3387 549 3423 4.
582 3371 676 3433 Hister,
687 3373 776 3424 ilarius
785 3390 826 3435 40,
838 3389 866 3424 21
878 3379 904 3423 st
915 3384 954 3438 37.

96 3455 126 3488 44
141 3438 241 3515 Hirpinis
254 3438 302 3487 tria
315 3438 407 3503 oppida
422 3443 521 3500 recepta
534 3452 551 3486 a
583 3436 717 3498 Histiaeus,
728 3440 779 3488 dux
790 3439 874 3489 Persei
884 3457 926 3500 44,
936 3453 975 3501 34.

97 3503 205 3553 Romanis
215 3516 249 3565 43,
257 3515 294 3566 37.
312 3501 413 3565 Hirpini
422 3504 514 3552 dedunt
524 3516 550 3550 se
582 3501 729 3562 Η144414444,
736 3504 802 3552 unde
812 3503 872 3552 dicti
882 3515 905 3565 7,
914 3518 935 3553 4.
951 3503 983 3552 iis
991 3503 1024 3552 ad
1034 3518 1085 3553 uis·

98 3568 206 3617 14444414
216 3578 250 3629 47,
261 3578 297 3628 15.

614 3580 675 3615 num
684 3566 777 3617 anus
788 3572 912 3629 sospem,
921 3568 980 3616 444

71 3629 179 3695 Hispalae
185 3631 302 3693 Feceniae,
307 3630 384 3681 nobili
391 3636 551 3692 4444144444-
583 3631 661 3690 Η414,
670 3630 789 3694 oppidum
801 3631 938 3695 Hispaniae
949 3640 988 3693 33,
999 3645 1037 3679 44.

100 3698 169 3745 mium
185 3712 200 3745 a
214 3701 293 3745 senatu
309 3697 403 3755 datum,
417 3695 483 3757 qnod
498 3693 551 3742 eius
583 3694 738 3756 Homolium,
752 3695 871 3759 oppidum
886 3694 1029 3745 Thessaliae
1043 3701 1087 3744 aut

101 3776 167 3873 opegta
183 3759 338 3809 8444144414
357 3760 454 3809 detecta
469 3770 510 3822 39,
525 3770 550 3821 9,

106 3838 132 3884 44
173 3838 205 3889 49.

614 3758 776 3809 Macedoniae
787 3773 827 3820 42,
838 3760 877 3821 38.

583 3823 708 3885 Honosca,
718 3825 776 3873 urbs
787 3836 827 3884 22,
838 3838 876 3873 4ο.

77 3884 184 3951 Hispania
198 3889 252 3938 inter
268 3890 363 3937 Poenos
381 3892 405 3937 et
424 3887 551 3936 Romanos
583 3887 714 3948 11444444,
730 3888 901 3937 Dardauomm
918 3887 1032 3950 princeps
1046 3905 1087 3950 44,

105 3952 172 4001 divisa
185 3968 247 4002 amns
262 3953 334 4001 lbero
349 3966 388 4010 21,
400 3964 422 4001 2.
447 3950 551 4011 citerior,

615 3964 680 4012 34.

105 4017 191 4065 ulterior
210 4030 243 4093 34,
261 4016 298 4066 48.
317 4014 435 4091 41444144,
456 4014 481 4063 iii
502 4028 553 4076 qua
584 4014 799 4091 Hcmtiaalratre
809 4015 889 4065 occisa
901 4028 923 4076 i,
934 4012 973 4065 26.

107 4078 241 4143 Sempronius
258 4081 396 4130 Tuditanus
421 4080 551 4140 proconsul
585 4078 689 4128 Horatia
701 4078 758 4128 Pila
771 4093 792 4139 1,
804 4078 842 4129 26.

107 4143 165 4193 14444
173 4151 194 4194 et
202 4144 287 4207 ligatus
297 4157 337 4206 33,
346 4154 384 4204 25.
400 4142 509 4199 ulterior,
515 4142 550 4191 iii·
584 4142 742 4193 Horati'omm
756 4150 783 4192 et
794 4143 968 4203 Curiationmi,
981 4144 1087 4208 trigemi-

108 4206 552 4334 littltllilhtililit
614 4207 967 4335 zngffim..
981 4221 1003 4269 ¹’
1018 4224 1049 4271 ²⁴
1062 4216 1088 4260 ⁰²

470 4306 478 4330 ,
647 4306 654 4320 .
919 4308 926 4321 .

111 4335 192 4397 quidem
207 4335 341 4385 4444444114
357 4336 414 4395 sint,
430 4341 552 4397 postrema
584 4335 710 4397 Horatius,
717 4351 787 4386 caeso
796 4337 876 4398 hoste,
876 4338 948 4436 petit
955 4338 1087 4389 seciiudaui

507 4436 509 4442 ·
895 4421 917 4464 13
