2934 4800
155 252 440 323 EDITIONIS
471 253 1048 321 DRAKENBORCHIANAE.
1088 261 1152 323 509

94 390 277 475 Corintho]
293 413 315 455 a
335 391 501 456 Corintho.
514 427 557 436 -
569 390 650 475 Cap.
672 391 718 455 18.
731 389 929 478 fatigantes
949 413 1051 478 saepe
1068 391 1154 458 idem

75 479 240 562 petendo
258 478 417 561 senatum]
427 478 583 563 fatigato
597 497 699 563 saepe
717 477 800 541 idem
813 479 958 562 petendo
972 486 1096 542 senatu.
1108 513 1153 525 -

89 563 186 646 Cap.
203 565 253 627 21.
271 564 305 628 in
314 563 536 649 prouinciam]
553 563 587 626 in
596 562 796 648 prouincias.
812 563 941 628 -Ibid.
957 585 1018 630 sea·
1031 561 1151 648 millia]

87 670 134 714 se
151 650 259 714 decem
273 649 386 714 millia.
397 684 441 695 -
452 649 534 733 Cap.
547 651 598 711 22.
613 649 822 735 acceperunt]
837 659 999 732 ceperunt.
1011 685 1055 696 -
1066 648 1150 713 Ibid.

91 732 339 820 traductisque]
381 734 651 818 transductisque.
667 771 711 784 -
727 734 807 818 Cap.
845 737 898 798 25.
936 731 1151 821 speculatum]

89 843 113 884 s
140 820 275 885 eeumri.
287 855 331 866 —
343 819 428 884 Ibid.
443 819 569 886 Nouam
578 819 704 904 foedus
723 821 754 884 si
774 820 1005 906 secumsoeere
1019 819 1151 904 vellent]

92 841 140 1054 {i
170 928 284 1056 napata]
301 906 428 1056 spedspp
455 905 700 1056 spcumdsaeerte
729 906 996 1057 begenz-{Cap
1021 909 1077 1008 26.
1102 928 1152 972 re-

92 990 372 1142 ..llll-llll
388 1013 716 1163 ..gatilaba
737 990 1152 1162 ...ttunfltltf'it

95 1185 197 1248 quum
219 1172 342 1228 tantum
366 1163 480 1228 bellam
506 1163 683 1228 immineret
705 1164 915 1248 reipublicae,
939 1165 1041 1227 cisum
1063 1172 1135 1228 erat

95 1272 199 1350 quum
218 1258 342 1314 tantum
357 1249 472 1313 bellum
491 1249 668 1323 inmineret,
684 1249 804 1313 iussum
818 1259 898 1312 erat.
911 1284 955 1294 -
967 1248 1051 1312 Ibid.
1069 1249 1134 1312 iuss

94 1356 184 1400 sure.
195 1371 240 1382 -
252 1335 335 1400 lbid.
352 1357 414 1400 non
429 1334 617 1420 compotem]
633 1336 736 1400 minus
751 1344 934 1421 compotem.
946 1370 990 1380 --
1001 1334 1084 1398 Ibid.
1101 1342 1152 1398 est

96 1418 219 1503 katus]
241 1421 351 1484 lectm.
365 1456 408 1468 -
420 1421 502 1506 Cap.
519 1421 571 1484 29.
593 1443 695 1505 neque
708 1419 875 1485 Romarm
891 1441 992 1505 posse
1014 1442 1055 1484 ae
1078 1443 1152 1484 uum

97 1503 245 1590 censere]
268 1529 371 1607 neque
386 1528 452 1592 pro
471 1506 627 1571 Romanis
646 1527 682 1570 se
701 1528 838 1592 aequum
857 1527 997 1571 censere.
1009 1444 1149 1569 -bbia

96 1591 212 1676 enine]
233 1592 509 1658 eximia-Ibid.
526 1614 695 1658 mansuras
715 1613 770 1655 res
789 1589 873 1676 esse]
896 1613 1067 1656 mansuras
1086 1613 1150 1656 res.

97 1713 145 1724 —-
156 1678 240 1762 Cap.
256 1679 309 1744 30.
330 1679 432 1743 omnis
443 1678 591 1762 serme*,
607 1687 641 1740 ut
662 1677 757 1754 solet,
774 1678 1000 1754 deterioribus,
1014 1685 1088 1742 erat
1107 1677 1155 1742 ad

97 1765 226 1864 regern]
244 1765 472 1864 omnisferme,
488 1765 629 1838 introiet,
645 1763 863 1863 deterioribus
879 1773 953 1826 erat
970 1763 1012 1826 ob
1031 1785 1150 1849 regem.

96 1847 1153 2022 albicat“ilbi-‘bttsstlttfflmbtzlits?

99 2021 184 2104 Cap.
203 2025 256 2086 32.
280 2020 479 2108 optaturum]
505 2030 777 2108 oppugnaturum.
790 2059 833 2072 -
845 2019 926 2104 Cap.
944 2021 998 2084 33.
1022 2020 1073 2082 Μ.
1087 2018 1153 2084 Ρο-

92 2107 217 2193 pillius
241 2107 432 2184 consularis,
457 2105 674 2190 centuriones]
701 2105 753 2171 M.
771 2105 935 2190 Popillius
960 2105 1152 2182 consularis,

100 2195 294 2270 advocatus,
311 2193 520 2258 centuriones.
531 2230 576 2238 -
588 2193 672 2256 lbid.
688 2190 892 2278 postulante]
906 2191 1156 2276 postulanti.—

101 2279 186 2363 Cap.
202 2279 254 2344 34.
271 2281 306 2344 in
321 2280 456 2344 Italiam
470 2277 647 2366 reportate]
663 2278 697 2342 in
711 2277 849 2343 Italiam
862 2276 1000 2362 portati.
1012 2313 1056 2322 —-
1067 2274 1152 2342 Ibid.

104 2364 244 2450 Ordine]
286 2366 451 2431 Ordinem
466 2401 510 2411 -
524 2364 604 2452 Cap.
641 2365 694 2429 35.
736 2364 873 2429 semime
915 2363 1138 2449 appellatione

102 2454 224 2517 omism
238 2452 466 2536 adpellatiooc.
478 2488 523 2499 -
537 2450 617 2536 Cap.
633 2452 686 2515 37.
708 2450 770 2514 Cui
784 2449 922 2515 rescribi
936 2471 999 2513 non
1006 2450 1138 2533 placuit

106 2538 171 2603 Cui
186 2538 323 2603 rescribi
337 2538 421 2603 nibil
426 2538 567 2623 pbacuit.
577 2574 621 2583 -
631 2536 712 2621 Cap.
728 2535 782 2601 38.
798 2559 819 2599 α
834 2533 932 2617 mars]
949 2535 991 2598 ab
1005 2533 1100 2597 mari.
1111 2570 1155 2580 -

103 2622 191 2688 Ibid.
208 2622 427 2707 escenderent]
448 2620 843 2689 emendarent—Ibid.
861 2619 1156 2705 pollicitationibus

102 2709 223 2795 regiis]
233 2710 531 2795 pollicitationibus
544 2710 644 2795 regis.
656 2743 699 2755 -
711 2706 797 2771 Ibid.
817 2704 921 2778 Quum
937 2703 1079 2790 mbram]
1101 2704 1154 2779 iis,

103 2818 200 2945 ‘peslupi
215 2790 1156 2962 mimo-Ibida”ffisuii⁸⁰]⁸⁶1]iwmm]”gnsuiiii

127 2904 343 2945 saurum.··
387 2902 438 2944 a.
511 2926 520 2943 .
590 2902 602 2943 s
651 2902 716 2944 uam
798 2903 810 2943 ι
858 2900 980 2942 soa-
1019 2898 1070 2940 a.
1146 2923 1155 2939 .

104 2965 315 3052 Arthetauri]
346 2903 504 3032 Artiitari.
520 2902 664 3033 -16444,
698 2901 878 3048 marerbii]
915 2899 1095 3029 materiim.
1112 2998 1156 3009 -

104 3053 189 3138 Cap.
223 3054 277 3118 41.
311 3050 518 3135 Arthetauri]
556 3051 717 3117 Artetari.
732 3086 777 3097 -—-
790 3050 872 3134 Cap.
908 3052 959 3113 42.
996 3046 1154 3131 Pteleum]

106 3138 406 3224 Python—Ibid.
431 3136 575 3217 essendi]
598 3136 763 3201 adscendi.
776 3133 916 3198 -lbid.
941 3134 991 3198 Et
1016 3134 1081 3217 bis]
1106 3134 1156 3197 Et

104 3224 168 3289 bie.
177 3260 222 3271 -
232 3224 315 3290 Ibid.
332 3246 403 3289 cum
416 3224 563 3289 exercitu
577 3245 626 3289 me
640 3218 718 3305 isse]
736 3243 804 3284 eum
817 3220 965 3285 excercitu
978 3240 1028 3282 me
1059 3218 1152 3285 uisse.

106 3309 192 3376 Ibid.
209 3308 357 3395 emotum]
380 3307 695 3375 remotum-Ibid.
717 3314 775 3371 ant
785 3302 937 3391 frustra]
959 3312 996 3368 at
1032 3313 1154 3369 rastra.

104 3432 149 3443 -
161 3396 243 3480 Cap.
259 3396 311 3461 43.
330 3418 398 3460 cum
416 3393 563 3478 assensu]
586 3403 651 3459 tum
672 3394 840 3458 adsensus.
851 3426 896 3439 ·-
907 3389 991 3456 Ibid.
1013 3386 1154 3475 legatos]

106 3480 221 3569 legati.
233 3518 278 3530 -
290 3481 375 3549 Ibid.
399 3476 739 3568 praetermittendam]
762 3474 1094 3564 praetermittendum.
1110 3511 1155 3523 -

106 3567 192 3634 Ibid.
216 3590 297 3655 quos
318 3568 432 3654 legati,
455 3564 555 3651 nullo]
583 3566 666 3651 quis,
692 3565 807 3651 legati,
833 3563 929 3629 nullo.
943 3593 985 3609 --
998 3559 1079 3645 Cap.
1101 3560 1154 3625 44

105 3656 233 3740 regiam
261 3652 461 3736 societatem]
489 3652 604 3718 Persei
630 3648 979 3716 societatem-Ibid.
1005 3656 1038 3714 et
1063 3668 1156 3732 sepa·

105 3740 210 3805 rotim'
225 3739 379 3827 singulis]
402 3738 582 3825 separatim
601 3738 632 3802 si
680 3737 754 3802 ulis.
765 3770 809 3783 -
822 3735 903 3819 Cap.
919 3735 973 3798 45.
989 3742 1022 3798 et
1037 3732 1157 3797 circum

106 3822 245 3909 insulas]
262 3826 380 3891 circum
395 3826 583 3891 insulas.-
594 3822 646 3888 lbi
672 3870 679 3887 .
697 3822 724 3887 S
747 3818 967 3903 .Postumius]
985 3818 1025 3883 P.
1039 3818 1157 3883 Postu·

106 3911 197 3977 nius.
211 3910 351 3977 -Ibid.
364 3909 500 3998 severe]
513 3910 644 3996 sonere.
658 3844 799 3973 -Ipbid
819 3902 1050 3993 praeparatis]
1074 3927 1158 3970 com·

101 3998 305 4083 paratis-
319 3997 402 4062 lbid.
434 3994 650 4079 orationibus]
688 3994 880 4058 rationibus.
897 4026 940 4038 -—
955 3989 1041 4056 Ibid.
1061 3989 1158 4075 sasi-

107 4082 446 4168 undum]soeiendum.
457 4119 501 4131 -
513 4083 593 4165 Cap.
610 4082 661 4145 46.
679 4080 722 4145 ab
738 4075 911 4163 colloquio]
932 4098 954 4139 a
975 4075 1155 4162 conloquio.

105 4168 246 4233 -lbid.
263 4170 307 4233 ab
327 4169 552 4235 Thebanorum
572 4165 715 4249 iniuriis]
737 4186 758 4228 a
779 4164 1000 4229 Thebanorum
1015 4162 1155 4238 iniuriis.

105 4254 241 4340 -Cap
257 4254 312 4320 47.
334 4256 525 4321 denuntiare
545 4254 644 4318 etiam
663 4252 823 4316 interdum
838 4270 988 4335 pugnarn
1005 4257 1038 4312 et
1053 4249 1156 4312 locum

95 4339 214 4427 finire]
237 4340 428 4406 denuntiare
452 4341 573 4415 etiarn,-
596 4340 756 4403 ioterdum
779 4333 1155 4421 locumfinire.·-1bid.
