2934 4800
257 228 781 297 MANUSCRIPTORUM
813 231 957 299 LIVII.
1067 240 1133 303 429

35 386 138 430 ecus
179 378 245 442 est,
275 365 387 429 maiori
416 365 525 441 forma,
556 364 612 452 qui
645 366 680 429 in
713 365 939 431 bibliothecam
971 369 1131 456 publicam

36 450 278 515 Academiae
310 448 626 537 Lugduno-Bstavae
655 450 760 516 illatus
788 466 971 518 recensetur
999 456 1033 518 in
1062 456 1132 519 eius

38 536 240 621 catalogo
264 560 299 686 p.
324 542 396 602 369.
421 558 510 600 num.
538 537 617 601 XX.
664 536 704 600 In
732 538 794 602 hoc
823 540 933 605 codicc
963 541 1003 605 ad
1032 542 1130 606 finem

35 623 251 687 mritislibet
288 623 337 687 bri
350 622 486 699 Liviani,
499 620 565 687 solo
577 634 702 687 tantum
713 623 827 688 ultimo
838 640 982 713 excepto,
994 629 1131 715 ascripta

35 722 127 773 erat
147 708 300 773 formula
312 710 346 773 in
361 708 430 772 aliis
448 707 610 773 nonnullis
625 708 789 774 codicibus
803 712 904 789 obvia,
928 715 1131 779 Victorianus

46 797 90 859 V.
110 797 158 860 S.
190 794 242 879 (in
260 794 448 881 quibusdam
469 793 547 858 locis
588 816 624 859 ro
653 796 685 859 V.
702 798 738 861 S.
762 795 926 883 legebatur
946 820 1052 875 sunm
1074 800 1131 864 sed

37 878 322 945 emendandum
333 880 460 945 videtur
476 881 510 945 V.
522 816 799 963 Ciemendabom
811 886 934 949 donanis
947 888 1128 971 Symoobia.

41 966 245 1053 Septimus
258 988 334 1031 vero
349 965 430 1031 liber
442 966 502 1029 hac
513 964 649 1029 formula
659 966 882 1033 claudebatur:
907 972 1131 1037 Emendabam

39 1054 147 1118 Nic.
177 1053 259 1139 (vox
282 1050 336 1116 illa
354 1054 433 1117 Nic.
455 1050 592 1117 delenda
614 1053 678 1137 est)
699 1056 920 1120 Nicomochus
948 1057 1017 1121 Tin·
1038 1058 1131 1123 Liuii

41 1138 230 1242 terpraff
245 1155 327 1305 (leffe
350 1164 401 1218 ter
416 1156 545 1241 praes.)
568 1156 659 1219 urbis
683 1158 776 1241 opud
796 1157 958 1235 Hennam,
982 1160 1025 1223 ab
1051 1162 1131 1225 arbe

43 1242 224 1306 condita.
302 1242 481 1305 istoriantts
516 1240 553 1306 V.
590 1254 619 1305 e.
657 1240 742 1326 (lege
780 1242 813 1306 V.
841 1244 892 1323 C.)
924 1246 1131 1309 emendabant

45 1328 206 1391 donanis
227 1326 407 1426 Spmuoltis.
454 1324 576 1389 Eadem
591 1327 696 1402 verba,
713 1325 769 1390 sed
784 1325 879 1413 longe
901 1327 1129 1407 emendatiora,

45 1412 192 1475 itidem
224 1411 310 1476 L1vii
338 1409 420 1475 libro
448 1411 584 1497 septimo
612 1412 646 1475 in
679 1410 853 1477 Codicibus
883 1412 1067 1479 Florentino
1096 1429 1130 1481 et

48 1497 237 1562 Leidensi
256 1497 359 1584 primo
378 1520 411 1560 re
454 1496 518 1574 iii-i,
542 1518 637 1585 supra
657 1498 774 1563 notavi.
820 1498 939 1564 Iisdem
960 1501 1056 1564 etiam
1076 1524 1130 1566 co-

50 1582 204 1648 dicibus
227 1582 367 1648 bonitate
390 1583 563 1669 purimum
585 1582 679 1648 cedit.
726 1582 882 1649 Vossiano
904 1586 966 1651 hoc
988 1587 1129 1652 secundo

50 1668 86 1733 Ι.
115 1668 179 1733 Fr.
202 1668 383 1734 Gronovius
431 1668 537 1733 uidem
562 1692 636 1733 usus
660 1682 716 1746 est,
741 1669 799 1733 sed
822 1670 951 1736 demum
975 1694 1049 1737 eum
1072 1673 1130 1737 ad·

51 1755 190 1819 hibere
214 1756 320 1842 coepit
342 1753 384 1818 ad
407 1692 493 1819 livii
517 1756 571 1820 lib.
589 1754 629 1820 V.
651 1754 803 1841 capili
826 1758 852 1840 ξ.
878 1761 908 1824 5.
935 1772 971 1822 ut
995 1758 1064 1845 ipse
1087 1759 1129 1824 ad

55 1840 169 1905 illum
185 1840 290 1907 locum
304 1840 437 1905 notavit.

176 2398 239 2489 ,Ad
250 2397 381 2464 Decnda
396 2401 515 2462 tertiam
529 2401 576 2462 tis
590 2398 738 2463 codicibrts
753 2396 847 2465 Matt's
861 2424 934 2465 usus
946 2366 1033 2466 rumJ

161 2600 492 2666 EROLINENSIS
519 2611 567 2663 est
593 2597 716 2663 Mstum
742 2597 776 2662 in
802 2599 1002 2676 membranis,
1029 2599 1129 2666 forma

182 2685 304 2763 maiori,
352 2681 417 2749 uod
441 2683 503 2747 Vir
527 2683 558 2748 Ο
582 2685 677 2748 timus
701 2681 718 2748 ὁ
741 2684 921 2770 μακαρίτης
948 2684 1131 2751 Matutinus

73 2769 250 2860 Veyssiere
273 2771 305 2836 la
329 2707 358 2834 ὃ
556 2707 581 2834 b

73 2880 206 2922 summa
229 2879 303 2922 cum
327 2855 421 2920 laude
445 2855 591 2944 praefuit,
614 2856 751 2921 officiose
796 2870 998 2946 epromptum
1021 2858 1131 2922 usibus

74 2945 161 3008 meis
179 2941 321 3007 indulsit.
368 2941 446 3006 Erat
467 2955 574 3007 autem
597 2941 700 3006 codex
719 2941 827 3030 paullo
847 2943 1014 3022 recentior,
1033 2967 1131 3031 quem

74 3029 181 3094 ferme
196 3051 270 3094 cum
284 3027 394 3115 priscis
409 3027 602 3092 editionibus
617 3030 787 3094 convenire
803 3029 1009 3116 deprehendi.

122 3114 169 3180 H.
191 3115 501 3179 Cssranmornnsrs
516 3129 564 3178 est
578 3113 680 3178 codex
691 3115 960 3193 membranaceus,
995 3118 1029 3180 ui
1043 3115 1132 3181 Can·

79 3201 235 3289 tabiigiae
259 3202 294 3264 in
316 3199 509 3265 bibliotheca
533 3199 699 3264 Trinitatis
725 3213 909 3266 asservatur.
992 3223 1047 3266 um
1071 3201 1132 3265 Vir

78 3287 284 3354 Clarissimus
310 3285 374 3350 Iac.
400 3285 590 3364 Gronovius,
618 3307 717 3372 quum
747 3283 971 3374 Cantabrjgiae
999 3286 1132 3352 hiberna

140 3387 198 3451 ret,
211 3372 382 3472 diligenter
396 3373 543 3449 excussit,
556 3394 592 3436 ec
608 3385 741 3437 testatus
751 3387 809 3449 est,
820 3395 854 3436 se
869 3395 934 3437 non
949 3372 1130 3438 meminisse

77 3397 179 3526 rubim
195 3479 326 3546 proprus
341 3458 382 3522 ab
402 3457 574 3546 archetypo
589 3455 756 3523 Puteaneo
770 3457 931 3523 dissidere.
977 3457 1131 3523 Eiusdem

78 3558 243 3633 excerpta,
259 3543 300 3608 ad
320 3566 407 3608 oram
427 3544 556 3608 ultimae
577 3543 725 3608 editionis
743 3543 966 3609 Gronovianae
987 3545 1131 3631 ascripta,

78 3632 221 3719 benigne
237 3629 316 3694 mihi
331 3629 447 3695 obtulit
459 3630 508 3694 vir
524 3628 652 3695 Clariss.
669 3630 794 3717 Ioseph.
812 3629 939 3696 Waoee:
964 3629 1050 3694 unde
1069 3643 1133 3694 tes-

79 3718 265 3793 timonium,
281 3715 368 3803 quod
385 3715 566 3781 Gronovius
586 3716 616 3780 ei
634 3715 726 3793 dixit,
742 3716 949 3794 verissimum,
964 3728 998 3780 et
1016 3715 1132 3781 librum

80 3804 169 3869 hunc
185 3827 205 3867 ο
229 3803 325 3866 timae
340 3815 435 3867 notae
451 3823 518 3867 esse
533 3802 647 3888 passim
663 3817 814 3889 expertus
827 3825 907 3866 sum.

125 3890 190 3954 111.
205 3825 452 3954 l‘nonssvntus
477 3901 525 3954 est
553 3887 657 3953 codex
682 3888 950 3966 membranaceus,
977 3889 1034 3989 qui
1060 3887 1134 3953 Flo-

83 3973 205 4040 rentiae
226 3973 269 4038 ad
287 3973 330 4040 D.
346 3974 512 4040 Laurentii
532 3973 566 4038 in
588 3973 781 4039 bibliotheca
801 3973 998 4040 Serenissimi
1019 3973 1134 4060 Magni

86 4060 233 4126 Etruriae
258 4059 361 4126 Ducis
384 4073 488 4125 exstat
510 4058 620 4148 pluteo
645 4061 775 4125 LXlll.
798 4081 885 4124 num.
910 4065 962 4125 20.
989 4060 1133 4124 omnium

84 4147 181 4212 huius
202 4146 311 4235 partis,
338 4162 410 4234 post
431 4147 684 4233 antiquissimum
708 4157 742 4209 et
764 4145 995 4210 sanctissimum
1017 4145 1135 4211 Putea·

85 4255 193 4310 nsum,
209 4233 359 4382 optimus.
403 4231 510 4297 Huius
524 4231 642 4296 codicis
656 4231 772 4295 librum
787 4231 924 4318 primum
939 4245 973 4296 et
986 4233 1135 4320 exiguam

85 4335 209 4406 partem

361 2793 433 2835 roze
457 2793 499 2834 ex
522 2771 554 2834 bi
577 2768 714 2835 liotbeca
736 2793 753 2834 r
794 2771 823 2835 'a
846 2770 1056 2850 Berolinensi,
1077 2773 1130 2836 cui

248 4319 307 4384 ibri
332 4318 465 4384 secundi
491 4317 567 4382 olim
594 4316 722 4382 Gudius
745 4318 779 4382 in
803 4316 896 4383 Itslia
918 4317 1038 4405 degens
1062 4340 1136 4384 cum
