2934 4800
350 199 466 271 'Lm
490 203 618 270 XLIII.
649 203 760 272 CAP.
784 212 814 271 3.
1055 209 1118 270 103

34 339 141 427 »sequi
163 339 334 406 indecore
349 355 386 406 et
398 342 541 428 turpiter.
586 340 741 407 'lbrbarit
755 341 833 407 haec
847 339 976 406 consilia
991 339 1114 406 Charo-
1126 355 1158 406 U.
1172 354 1201 405 ο.
1214 355 1271 419 581.

47 449 107 577 pus
129 426 289 514 qnidam,
312 428 389 493 eius
410 427 561 529 Charopi,
583 429 641 516 qui
660 429 775 494 saltum
791 427 838 506 ,ad
858 427 965 492 Aoum
987 447 1111 494 amnem
1121 422 1152 470 Α·
1169 421 1199 470 ⁰·
1217 432 1269 482 ¹⁷¹·

79 561 88 575 .
107 513 278 588 Quinctio
301 529 420 580 contra
439 514 625 604 Phihppum
650 514 781 580 bellanti
806 526 979 602 aperuerat,
1002 535 1111 602 nepos,

46 600 118 664 vilis
130 601 374 687 potentiorum
388 614 570 678 assentator,
581 615 615 666 et
628 601 726 666 mirus
740 601 966 666 calumniarum
981 601 1015 664 in
1030 601 1112 688 opti-

48 707 137 786 mum
151 709 335 839 qqppqque
352 688 472 839 prpifex.
519 687 641 840 lippae
655 687 807 839 educlpttus
820 688 931 766 fuerat,
946 687 1057 838 trahimus
1072 687 1111 838 atb

48 795 108 837 avo
122 795 159 836 ιιι
264 797 315 852 m,
327 797 354 839 u
587 796 712 840 mansm
765 797 783 840 e
855 797 896 838 ue
989 795 1086 840 noers

49 858 141 924 Hinc
162 874 269 925 notus
292 797 619 949 carusqulr‘eubllrrimis
642 797 869 939 Romanorrlllqlr,
887 796 987 948 qddm
1007 883 1112 926 rever·

49 947 139 1011 timet
162 946 325 1025 domum,
354 961 468 1012 natura
490 946 577 1026 levis,
603 962 637 1013 et
664 948 793 1035 ingenio
816 969 939 1035 pravus,
958 969 1058 1034 quum
1078 961 1112 1012 et

51 1031 206 1098 Romana
227 1034 264 1098 ei
289 1034 436 1099 amicitia
454 1034 572 1099 faceret
592 1034 896 1122 animoa'prinpres
910 1035 993 1098 viros
1010 1055 1110 1121 usque

51 1117 231 1185 allatrabat.
285 1120 358 1186 Sed
374 1120 477 1208 primo
491 1120 721 1208 despiciebatur
742 1122 783 1186 ab
802 1121 958 1198 omnibus,
973 1143 1033 1186 nec
1048 1120 1113 1185 ulla

52 1206 122 1269 eim
143 1207 231 1272 ratio
253 1205 447 1272 habebatur.
492 1207 664 1295 Postquam
686 1221 792 1273 sutem
813 1207 933 1272 bellum
950 1207 1113 1272 Persicum

53 1292 233 1358 conflmum
248 1307 316 1372 est,
332 1315 433 1381 quum
454 1293 549 1381 plena
569 1295 676 1359 omnia
695 1294 910 1382 suspicionum
929 1294 963 1358 iu
979 1292 1115 1358 Graecis

56 1391 173 1456 essent,
191 1380 315 1445 multis
374 1381 447 1458 lam,
464 1378 607 1465 pluribus
628 1380 750 1446 occulte
764 1381 883 1445 Perseo
904 1378 1112 1455 studentibus,

55 1486 124 1527 non
145 1465 279 1532 destitit
303 1466 334 1533 C
436 1489 482 1545 us,
497 1489 561 1544 eos,
576 1467 633 1555 qui
655 1467 841 1532 auctoritate
863 1465 947 1530 inter
969 1464 1114 1554 Epitotas

59 1553 279 1635 praestabunt,
297 1552 387 1642 apud
402 1491 563 1618 llomanos
585 1553 752 1618 criminari.
799 1551 843 1618 Et
863 1552 999 1640 speciem
1014 1573 1115 1638 quan·

61 1635 138 1700 dnm
151 1637 366 1728 coloremque
380 1639 476 1705 dabat
488 1640 557 1704 eius
571 1639 737 1704 calumniis
751 1661 789 1704 ea
809 1637 1017 1716 necessitudo,
1032 1659 1114 1724 quae

64 1721 141 1786 olim
156 1723 206 1789 Oe
290 1749 314 1792 o
327 1749 365 1791 oe
416 1728 424 1741 ⁹
463 1748 504 1790 ue
525 1725 660 1790 eandem
681 1739 799 1792 sectam
819 1725 1022 1813 sequentibus
1041 1745 1114 1788 cum

62 1809 191 1895 regibus
331 1835 430 1878 onum
478 1824 553 1877 erat
599 1811 668 1878 Iam
681 1835 756 1878 vero
770 1813 878 1879 omnia
891 1810 1016 1876 illorum
1029 1810 1115 1876 dicta

63 1894 210 1982 laetaque
225 1899 374 1987 maligne
388 1899 565 1999 explorans,
577 1912 611 1963 et
623 1899 658 1963 in
672 1900 763 1987 peius
777 1921 900 1986 semper
913 1897 988 1962 deto
1026 1919 1114 1974 uena,

66 1981 307 2073 veritatemque
328 1985 460 2050 adiectis
481 1984 701 2073 detractisque,
721 2008 803 2073 quae
823 1985 973 2062 voluerat,
1035 1981 1115 2048 ulte-

68 2087 151 2145 mns,
171 2070 275 2136 fidem
300 2072 485 2137 emminibus
504 2072 647 2138 faciebat
693 2072 810 2159 Neque
831 2071 881 2135 his
902 2085 1008 2135 tamen
1030 2091 1116 2134 com·

71 2156 285 2223 movebantur
312 2157 475 2258 Cephalus
497 2172 531 2224 et
553 2159 587 2237 ii,
611 2159 667 2246 qui
692 2157 866 2224 eorundem
893 2157 928 2221 ln
950 2154 1117 2306 *republica

71 2241 280 2309 consiliorum
305 2245 383 2310 socri
405 2258 503 2322 erant,
525 2244 597 2310 freti
619 2245 754 2396 eqreqppfl
766 2244 959 2310 conscientia
979 2242 1115 2308 ilibstae

620 2355 642 2395 u
663 2353 703 2395 11

775 2329 1045 2395 criminationibus
1061 2351 1117 2394 au-

74 2418 514 2593 llmlffluffffil'}
528 2416 1118 2593 tffitltttffil‘ttttlt

77 2585 266 2670 mlumniae,
284 2592 420 2656 Romam
442 2590 603 2669 abductos,
623 2604 692 2656 tum
711 2591 841 2656 demum
863 2611 943 2676 opus
964 2610 1030 2653 esse
1052 2610 1120 2653 cre·

78 2670 239 2756 diderunt,
258 2691 298 2744 ut
319 2679 379 2743 sibi
403 2679 463 2766 ipsi
486 2678 613 2765 suisque
639 2678 732 2743 rebus
754 2675 961 2743 consulerent.
1009 2674 1119 2751 Quum

80 2772 185 2826 autem
213 2765 300 2829 nihil
324 2780 518 2830 succurreret
546 2776 671 2851 praeter
694 2763 814 2851 regiam
840 2762 1020 2840 amicitiam,
1046 2783 1119 2827 cum

81 2842 196 2915 Perseo
206 2852 394 2918 societatem
408 2851 487 2916 inire
498 2852 599 2916 coacti
609 2862 692 2927 sunt,
705 2851 799 2938 eique
815 2862 943 2937 gentem
958 2871 1046 2914 suam
1057 2861 1120 2913 tra-

84 2929 164 2998 dere.
212 2938 338 3003 Romae
353 2936 574 3015 A..Hostilius,
590 2938 631 3001 A.
645 2936 764 3003 Atilius
783 2934 935 3014 consules,
955 2935 1035 3000 inito
1054 2956 1120 2999 ma-

83 3017 223 3102 gistratu,
250 3036 285 3089 et
304 3026 448 3112 peractis,
471 3046 553 3111 quae
577 3023 683 3088 divine
708 3024 910 3110 humanaque
932 3024 966 3086 in
987 3021 1121 3086 urbest

86 3104 166 3171 circa
177 3112 292 3176 urbem
311 3112 381 3175 lieri
400 3134 420 3175 a
440 3110 620 3177 consulibus
639 3132 707 3174 mos
728 3121 785 3186 est,
801 3110 835 3174 in
854 3108 1029 3196 provincias
1048 3128 1121 3194 pro·

86 3188 157 3256 lecti
177 3210 263 3262 sunt.
309 3196 474 3275 Hostilius,
495 3197 548 3261 cui
569 3195 762 3261 Macedonia
783 3196 946 3283 obtigerat,
964 3215 1064 3281 quum
1087 3194 1121 3255 in

88 3274 280 3349 Thessaliam
304 3283 346 3348 ad
365 3284 538 3349 exercitum
564 3297 754 3371 properaret,
777 3282 920 3370 Epirum,
941 3302 1022 3367 quae
1041 3300 1122 3344 non·
1193 3304 1196 3317 ·

90 3360 163 3459 §lum
182 3385 291 3458 aperte
305 3369 471 3447 defecerat,
486 3370 652 3457 ingressus,
668 3369 755 3434 haud
770 3366 905 3433 multum
919 3366 1027 3444 abfuit,
1043 3364 1122 3453 quin

90 3452 241 3522 mcideret
265 3458 300 3523 in
323 3456 431 3522 Persei
453 3478 572 3521 manua
617 3455 805 3521 Theodotus
830 3453 915 3518 enlm
938 3451 1068 3539 quidum
1089 3464 1123 3513 et

93 3531 304 3633 Ifhllostratos,
320 3544 380 3607 rati
393 3565 470 3620 sese,
484 3543 512 3607 si
527 3565 600 3607 eum
617 3543 685 3629 regi
699 3541 870 3615 traderent,
885 3558 1031 3624 magnam
1053 3556 1123 3623 gra·

93 3631 165 3690 turm
186 3629 272 3719 apud
294 3630 409 3694 Persea
429 3629 570 3706 inituros,
593 3642 626 3693 et
647 3627 864 3716 gravissimum
888 3625 924 3688 in
948 3622 1123 3709 praesentia

97 3704 244 3781 Romanis
264 3716 415 3781 damnum
439 3715 589 3794 illaturos,
611 3714 653 3779 ad
674 3736 781 3802 regem
802 3712 907 3776 literas
928 3706 1055 3788 dedere,
1076 3722 1122 3788 ut,

96 3814 209 3880 quanta
229 3802 367 3867 maxima
391 3815 496 3889 posset
519 3800 690 3879 celeritate,
712 3810 895 3865 accurreret
944 3795 1041 3873 Quod
1063 3796 1124 3862 nisi

99 3894 128 3945 et
138 3884 288 3955 Perseum
303 3890 425 3954 obiecta
438 3912 458 3953 a
472 3887 619 3953 Molossis
636 3888 677 3953 ad
692 3888 798 3952 Loum
820 3906 945 3950 amnem
967 3906 1055 3950 mora
1074 3906 1125 3949 re·

98 3971 250 4064 lardoset,
273 3989 306 4041 et
330 3974 449 4053 consul,
476 3975 516 4040 de
539 3974 719 4039 imminenti
746 3972 887 4061 perlculo
913 3972 1061 4047 monitus,
1085 3970 1125 4034 ab

100 4059 234 4128 instituto
255 4062 368 4127 itinere
389 4062 578 4140 deflexisset,
596 4062 651 4125 vix
669 4059 795 4128 videtur
816 4058 954 4146 effugere
977 4055 1124 4143 potuisse.

74 2347 147 2413 erga
159 2328 332 2397 Romanos
346 2331 431 2396 fidei.
476 2330 599 2396 Verum

132 4306 146 4353 9
162 4297 275 4347 Turtovlt
285 4301 344 4350 boec
353 4298 467 4361 msa]
483 4299 563 4357 Ilaec,
570 4304 595 4347 et
627 4297 693 4362 lyblo
704 4303 728 4348 et
739 4297 849 4351 Diodoro
860 4296 1041 4359 depromuntur.

105 4366 160 4411 qme
169 4361 192 4409 iu
202 4360 249 4412 hoc
260 4364 340 4427 eapite
350 4363 536 4423 inveniuntur‚c
548 4365 595 4411 Po-
