2934 4800
266 209 655 282 FRAGMENTUM
685 212 784 280 LIB.
815 213 909 283 XCL
1047 225 1109 288 sol

55 349 90 413 in
104 372 146 414 eo
162 351 344 451 antiquitus
357 351 464 429 suerit,
479 349 611 416 scrutari
625 371 684 452 pro
698 349 782 451 virili
801 351 973 453 annititur,
981 351 1112 420 titulum

56 435 206 672 {aar
220 436 1113 592 renuat?asserentibus:

84 610 173 759 Ἧι
188 633 284 697 porro
298 611 347 675 vir
361 621 518 687 strenuus,
530 621 626 696 etque
641 631 743 674 unum
758 609 957 698 alterumque
968 612 1112 691 verbum,

80 719 102 758 u
181 696 326 784 exsculpi
354 695 477 762 facilius
505 695 620 784 potuit,
649 701 723 760 curn
753 696 845 761 initio
875 698 1024 763 orationis
1053 721 1113 786 pro

58 717 162 847 dexto
189 781 308 848 Roscio
330 783 486 849 Amerino
509 804 609 869 quum
633 780 828 860 contulimet,
850 782 959 848 deesoe
982 807 1022 850 es
1043 786 1113 850 sui·

59 868 234 935 madvertit
258 869 293 933 in
318 869 444 934 exermis
469 866 635 934 Ciceronis
659 867 756 934 libris.
803 867 913 945 Quare
938 883 1025 936 certo
1050 872 1112 938 sibi

100 955 228 1033 mnasit,
248 955 376 1020 initium
400 955 551 1020 orationis
573 954 609 1018 in
632 954 847 1042 manuscripto
870 977 938 1022 esse
961 979 1027 1021 uon
1053 979 1113 1045 pro

128 1053 175 1119 to,
204 1039 262 1106 sed
298 1063 356 1130 pro
388 1041 522 1118 Quinto,
553 1039 641 1128 quod
677 1040 831 1106 hactenru
865 1041 1112 1110 desiderabatur.

62 1122 179 1213 Itaque
195 1127 244 1193 rei
261 1127 402 1193 novitate
420 1149 586 1215 percussus
602 1126 644 1190 sd
658 1127 761 1192 virum
775 1127 906 1215 ingenio
920 1141 954 1194 et
967 1129 1114 1196 doctrina

62 1214 378 1297 praestantissimum,
412 1235 574 1300 quemque
603 1213 718 1278 flustra
746 1235 806 1301 pro
835 1214 956 1280 meritis
983 1215 1113 1282 laudare

63 1319 199 1384 sperem,
210 1299 324 1364 Vitum
341 1299 390 1365 M.
403 1298 616 1378 Iuveustium,
628 1321 694 1388 quo
703 1299 944 1366 familiarissime
954 1302 1114 1380 utebatur,

64 1398 153 1450 recta
172 1385 309 1463 advolat,
328 1409 407 1463 rem,
428 1398 465 1451 ut
486 1385 647 1464 acciderit,
667 1399 783 1463 narrat,
802 1400 909 1473 atque,
932 1387 1115 1473 insequenti

66 1469 119 1535 die
135 1485 172 1536 ut
184 1495 250 1537 una
264 1473 298 1536 in
313 1473 538 1538 bibliothecam
551 1473 745 1538 conveniant
763 1472 806 1537 sd
824 1493 893 1538 rem
912 1495 971 1561 pro
994 1473 1043 1538 ius
1057 1496 1115 1538 ex·

66 1556 262 1642 plorandam,
277 1559 318 1624 ab
332 1581 372 1624 eo
385 1558 561 1624 contendit.
609 1558 700 1634 Quid
718 1557 844 1624 mults?
887 1557 928 1624 In
945 1495 1116 1625 bibliothe-

68 1664 138 1708 cam
148 1646 285 1724 venitur,
296 1645 440 1711 codicem
454 1657 600 1733 poscunt,
616 1645 799 1732 inspiciunt,
811 1667 848 1710 sc
862 1643 951 1732 quod
964 1646 1116 1712 orationis

69 1750 127 1814 pro
144 1730 266 1807 Quinto
280 1731 407 1797 initium
422 1744 620 1820 putaverant,
636 1731 807 1796 inveniunt
826 1753 884 1818 pro
900 1730 1009 1798 Sexto.
1055 1731 1116 1797 Er-

71 1815 147 1880 roris
159 1833 266 1882 sutem
279 1839 375 1884 causa
393 1840 432 1882 ea
450 1818 582 1896 exstitit,
597 1817 686 1905 quod
701 1839 784 1906 quae
800 1817 955 1883 Bnmsius
969 1818 1035 1884 duo
1050 1819 1115 1884 ianr

72 1915 144 1968 ante
167 1904 265 1970 verba
293 1905 328 1969 in
356 1903 548 1969 membranis
576 1905 706 1992 legerat,
733 1925 773 1970 ea
800 1905 835 1970 in
860 1905 959 1970 ultera
981 1905 1116 1992 periodo

73 1989 217 2055 orationis
238 2013 298 2079 pro
320 1989 476 2056 Amerino
498 1991 560 2055 hoc
585 1990 703 2056 Roscio
726 1991 845 2079 scripta
865 1990 1115 2078 reperiebantur,

74 2085 109 2138 ut
133 2075 244 2142 bosna
292 2077 461 2142 uaesiverit
488 2077 523 2142 in
574 2078 663 2142 rima.
708 2075 770 2142 llla
797 2092 902 2142 autem
932 2076 1117 2142 INCIPIT

75 2157 165 2227 PRO
187 2162 278 2230 ROS
312 2162 362 2229 10
380 2185 456 2240 non,
472 2174 509 2228 ut
525 2101 615 2241 solet,
631 2163 807 2251 principem
822 2161 928 2228 losum
943 2164 1115 2264 scripturae

77 2247 265 2328 obtinebant,
291 2249 349 2316 sed
373 2249 415 2314 sd
440 2249 512 2314 libri
536 2271 635 2328 oram,
659 2263 757 2337 atque
782 2249 863 2314 adeo
888 2249 929 2314 ad
954 2250 1116 2315 sinistrum

77 2328 203 2421 legentis
216 2335 309 2415 latus,
324 2335 531 2424 pluribusque
546 2336 696 2402 distincta
708 2336 851 2401 versibus
867 2335 984 2424 scripta
1002 2349 1113 2402 erautr

79 2432 193 2487 utnon
215 2422 334 2487 mirum
355 2423 461 2500 fuerit,
481 2423 508 2487 si
531 2422 607 2511 ipsis
630 2446 648 2488 e
672 2423 803 2511 regione
826 2444 892 2489 non
914 2423 1038 2510 prioris,
1058 2422 1116 2489 sed

79 2510 230 2593 sequentis
285 2508 368 2574 riodi
382 2507 510 2574 initium
524 2508 769 2597 responderem.

119 2592 224 2669 Quum
273 2618 312 2661 oc
340 2595 411 2660 loco
436 2616 487 2660 res
512 2608 603 2672 esset,
630 2616 796 2697 quumque
821 2594 963 2681 elapsum
989 2592 1049 2659 sibi
1074 2592 1116 2659 de

80 2682 214 2746 manibus
232 2680 425 2770 praeclaram
440 2702 530 2769 spem
544 2680 769 2769 intelligerent,
783 2702 896 2767 parum
911 2678 1021 2756 abfuit,
1059 2680 1117 2744 uin

81 2761 184 2831 librum
205 2768 390 2846 abiicerent,
408 2766 560 2855 quodque
582 2766 742 2855 reliquum
765 2765 1008 2831 antemendranr
1031 2702 1117 2830 ilius

82 2848 136 2916 diei
157 2854 285 2932 eratin
309 2854 371 2919 alia
393 2854 501 2919 omnia
524 2852 755 2954 impenderent
801 2850 853 2917 Ac
871 2852 1021 2918 fecissent
1042 2874 1117 2941 pro·

82 2934 162 3017 fecto,
176 2941 358 3029 feceratque
379 2940 443 3005 iam
459 2939 624 3018 Bruusrus,
640 2938 697 3027 qui
719 2962 797 3017 sese,
815 2962 855 3005 eo
876 2938 1031 3027 deposito,
1052 2940 1116 3004 ism

83 3024 116 3088 ad
129 3024 302 3093 Hebraicos
320 3048 393 3092 suos
413 3026 538 3091 codices
557 3026 718 3091 retulerat
767 3025 832 3092 Sed
849 3023 1044 3104 Iuvenstius,
1059 3024 1117 3113 qui

83 3112 1118 3287 lbtttitliffltldtt’ibttbtttrt‘til'lllt

84 3280 180 3366 luerat,
206 3298 378 3374 antequam
407 3286 482 3351 inde
498 3222 721 3362 ’discederent
748 3286 852 3351 obiter
876 3305 951 3349 eum
979 3284 1040 3349 sibi
1065 3283 1118 3370 (ut

85 3366 144 3435 fieri
166 3372 317 3437 nimirum
342 3371 431 3449 solet,
458 3393 558 3473 quum
584 3372 722 3460 primum
748 3371 784 3435 in
807 3372 924 3436 librum
950 3391 1117 3454 nunquam

87 3468 166 3522 autea
185 3482 204 3523 a
225 3458 327 3535 nobis,
345 3458 446 3523 visum
470 3458 656 3543 recidimus)
679 3456 945 3545 pervolutandum
967 3454 1116 3541 suscepit

88 3536 148 3606 Nec
167 3544 260 3632 louge
282 3544 370 3621 abiit,
391 3567 490 3631 quum
513 3545 548 3607 in
570 3544 718 3609 Livianae
740 3543 797 3607 has
819 3541 952 3607 schedas
974 3540 1116 3605 incurrit

90 3624 166 3694 Sistit
177 3630 229 3696 hic
244 3632 407 3696 enimvero
420 3652 591 3718 parumper
607 3630 780 3695 admiratus
794 3627 955 3693 literarum
970 3626 1117 3704 nitorem,

89 3716 355 3784 conformationem
380 3716 643 3805 elegantiamque,
668 3715 778 3805 quales
803 3734 970 3799 nusquam,
996 3734 1057 3775 nec
1082 3711 1119 3776 in

91 3794 190 3866 Bembi
211 3803 375 3882 Terentio,
399 3826 459 3869 nec
482 3804 517 3867 iu
541 3802 669 3889 Virgilii
692 3798 936 3889 exemplaribus,
959 3798 1118 3865 Vaticano

92 3898 136 3980 sut
148 3886 302 3968 Mediceo,
318 3912 378 3955 uec
398 3890 433 3954 in
451 3888 573 3967 ceteris,
589 3910 725 3977 quorum
748 3887 920 3974 scriptruse
944 3884 1120 3973 specimina

94 3976 340 4064 lusesimpressa
351 3975 624 4054 circumferuntur,
636 3975 801 4041 observare
813 3972 1009 4037 meminerat.
1041 3970 1119 4036 Non

121 4154 146 4201 28
160 4156 214 4208 Vid.
226 4174 299 4223 supra
312 4166 363 4209 not.
381 4172 401 4220 7.
416 4159 457 4207 ubi
470 4154 537 4207 bunc
550 4156 579 4207 ti·
611 4157 674 4220 quit,
701 4154 832 4219 “spatium
857 4154 970 4203 relictum
994 4152 1050 4212 luit,
1071 4169 1120 4217 qno

96 4214 159 4267 illum
169 4236 183 4269 a
194 4224 328 4272 Nisbuhrio
339 4222 476 4272 accuratius
486 4224 579 4271 editum
613 4221 685 4283 primi
699 4236 782 4269 vernis
794 4235 871 4282 usque
887 4220 919 4267 ad
935 4220 1009 4267 rerba
1023 4218 1120 4266 nobilis

97 4293 137 4329 erse
146 4284 250 4337 dirimat
614 4284 667 4335 simi
686 4286 796 4343 wdesnt,
808 4283 885 4331 minio
900 4283 1077 4342 scnbsreotur3
1094 4281 1120 4332 id

124 4358 148 4410 ²9
162 4348 308 4401 Niebuhrius
319 4368 343 4414 p.
352 4352 392 4401 ss.
407 4353 424 4379 ‘⁴
434 4350 536 4410 Initio,”
546 4350 581 4399 in-
614 4350 679 4413 quod
690 4356 774 4399 tamen
785 4349 923 4412 neglectum
934 4347 1006 4399 tw
