2934 4800
317 190 359 250 30
700 185 813 252 ΤΙΤΙ
839 182 975 251 LIVII

162 324 197 376 U·
208 325 238 375 0·
253 319 406 406 maregni
422 319 572 384 terminos
587 319 646 405 ipsi
662 341 726 384 non
741 302 910 385 audebant
944 317 984 385 Id
995 342 1094 406 quum
1109 317 1244 384 Perseus
1256 317 1367 382 anim·

161 390 192 440 Δ·
209 390 239 440 ⁰·
256 402 309 452 ¹⁷⁴·
318 405 510 482 advertisset,
540 407 732 493 comprensis
760 407 917 485 omnibus,
946 407 1056 471 literae
1078 406 1096 440 ¹
1120 405 1137 440 ³
1161 405 1188 469 ⁴³.
1239 404 1392 470 ‘Oete-6

319 501 420 570 ‘rum,
441 515 482 556 ne
502 492 612 556 similis
630 491 705 592 fuga
725 516 887 558 servorum
909 506 1018 581 postea
1029 491 1140 570 'lieret
1153 492 1365 579 cogitandum

319 586 373 643 ‘et
388 578 449 644 illis
463 579 551 644 eree!
595 578 749 644 Recitatis
764 580 813 644 his
827 580 927 644 literis
941 603 999 667 per
1012 579 1218 644 Xenarchum
1233 592 1367 666 praeto·

317 687 394 742 rem,
410 666 466 752 qui
481 666 618 753 privatae
636 667 755 752 gratiae
771 665 891 731 aditum
907 667 993 754 apud
1007 688 1114 753 regern
1130 667 1310 752 quaerebat,
1326 678 1366 730 et

340 751 475 838 lerisque
501 751 661 817 moderate
688 765 721 816 et
745 753 883 840 benigne
908 753 1039 840 scriptas
1064 776 1131 817 esse
1157 751 1366 817 censentibus

317 774 432 916 literas,
448 851 544 925 atque
566 837 615 903 his
636 840 785 916 maxime,
824 840 857 903 ni
878 852 1003 927 praeter
1024 862 1112 926 spem
1134 839 1291 926 recepturi
1310 861 1366 903 es·

161 946 301 996 Callicratis
318 939 389 990 sent
413 926 525 990 amissa
548 923 651 989 manci
675 925 722 1002 ia3
749 864 931 990 Callicrates
953 948 993 990 ex
1016 925 1064 1002 iis,
1084 926 1141 1026 qui
1162 927 1197 988 in
1218 948 1258 990 eo
1279 926 1391 990 vertit

161 1013 312 1088 adventare
319 1012 451 1076 salutem
473 1012 577 1099 gentis
598 949 773 1089 crederent,
789 1013 903 1077 sicum
920 1012 1074 1077 Romanis
1093 1011 1278 1077 inviolatum
1293 1013 1367 1076 foe-

160 1090 214 1136 ⁸⁰¹¹¹
226 1084 310 1126 omno.
319 1099 378 1164 dus
392 1113 574 1176 servaretur,
592 1099 730 1176 ‘Parva'
745 1099 860 1186 inquit,
877 1107 951 1163 ‘ant
968 1099 1136 1164 mediocria
1149 1121 1208 1175 res,
1225 1097 1364 1176 Achaei,

319 1185 527 1272 ‘quibusdam
551 1184 677 1250 videtur
701 1185 770 1272 agi3
801 1207 861 1272 ego
887 1186 1056 1250 maximam
1081 1185 1391 1273 gravissimamques

318 1271 479 1336 ‘omnium
494 1295 560 1336 nou
571 1272 622 1358 agi
637 1284 762 1336 tantum
776 1272 917 1349 arbitror,
928 1272 984 1336 aed
994 1272 1133 1359 quodam
1147 1272 1242 1337 modo
1257 1286 1363 1336 actam

319 1367 412 1424 ‘ease
459 1357 545 1423 Nam
569 1358 625 1445 qni
655 1359 782 1458 regibus
811 1357 1037 1436 Macedonum,
1064 1358 1364 1445 Macedonibusque

320 1446 421 1533 ‘ipsis
447 1445 564 1511 finibus
592 1444 874 1523 interdrxissemns,
900 1468 1092 1532 manereque
1122 1445 1157 1510 id
1184 1445 1390 1523 decretum,9

319 1533 466 1610 ‘scilicet
485 1555 526 1596 ne
544 1531 673 1618 legatos,
692 1555 733 1597 ne
755 1532 885 1598 nuntios
907 1531 1145 1598 admitteremus
1166 1555 1388 1632 regnm,per1

319 1628 330 1657 ‘
338 1642 418 1706 quos
432 1618 610 1705 aliquorum
624 1641 666 1683 ex
680 1619 772 1684 nobis
792 1618 891 1683 animi
913 1618 1173 1695 sollicitarentur3
1196 1619 1219 1682 ir
1234 1619 1365 1684 concio·

319 1714 467 1770 ‘nantem
490 1705 628 1791 quodam
654 1703 749 1768 modo
774 1706 938 1769 absentem
960 1705 1106 1770 audimus
1128 1727 1246 1792 regem,
1267 1719 1312 1782 et,
1334 1706 1364 1770 si
1455 1710 1456 1747 ³

320 1791 400 1856 ‘diis
424 1790 538 1878 placet,
562 1790 738 1856 orationem
763 1791 831 1855 eius
854 1791 1031 1877 probamus.
1076 1791 1130 1869 Et,
1152 1814 1252 1879 quum
1273 1791 1363 1856 ferae

320 1878 456 1942 ‘hestiae
472 1877 578 1941 cibum
589 1875 630 1940 ad
643 1875 787 1940 fraudem
800 1899 889 1941 suam
904 1877 1042 1965 positum
1056 1877 1244 1965 plerumque
1255 1901 1365 1966 asper·

320 1973 455 2029 ‘nentur
476 1977 509 2029 et
530 1963 696 2050 refugiant,
712 1986 771 2028 noe
790 1963 885 2040 caeci,
903 1965 1008 2051 specie
1030 1965 1118 2052 parvi
1140 1965 1296 2043 beneficii,
1311 1965 1364 2029 in-

320 2058 331 2089 ‘
339 2073 498 2116 escamur:
522 2064 564 2126 et,
574 2049 769 2115 servulorum
784 2050 908 2114 minimi
946 2051 1018 2117 retii
1028 2051 1282 2139 recipiendorum
1293 2074 1362 2139 spe,

321 2146 477 2202 ‘nostram
507 2137 645 2224 ipsorum
674 2135 851 2202 libertatem
880 2073 989 2202 sabini
1011 2151 1046 2202 et
1070 2139 1185 2203 tentari
1211 2139 1362 2226 patimur.
1455 2158 1456 2165 ¹

321 2223 424 2298 ‘Quis
445 2223 531 2288 enim
554 2246 619 2288 non
641 2222 737 2301 videt,
753 2223 836 2287 viam
858 2224 1142 2312 regiae'aocietatis
1162 2225 1282 2312 quaeri,
1297 2248 1365 2311 qua
1455 2280 1456 2313 ,

320 2310 523 2376 ‘Romanum
533 2309 655 2386 foedus,
667 2333 732 2411 quo
747 2323 854 2374 nostra
864 2311 971 2375 omnia
984 2312 1197 2389 continentur,
1206 2310 1364 2376 violetur?

320 2397 412 2463 ‘Nisi
426 2397 488 2463 hoc
502 2395 636 2462 dubium
650 2395 745 2461 alicui
759 2410 817 2474 est,
829 2396 1012 2462 bellandum
1029 2398 1184 2463 Romanis
1198 2422 1272 2463 cum
1283 2397 1366 2463 Per·
1455 2431 1456 2478 p

321 2494 392 2551 ‘seo
408 2508 485 2562 esse,
501 2498 543 2562 et,
559 2483 647 2570 quod
668 2483 740 2548 vivo
762 2483 912 2571 Philippo
934 2498 1162 2584 exspectatum,
1178 2500 1279 2550 morte
1293 2486 1365 2550 eius
1455 2535 1456 2546 r

321 2570 574 2659 ‘interpellatum
583 2584 640 2648 est,
650 2570 683 2634 id
694 2583 766 2658 poet
778 2584 910 2635 mortem
921 2570 1062 2659 Phihppi
1073 2572 1225 2636 futurum.
1259 2571 1363 2650 Duos,
1455 2635 1456 2654 ,

321 2668 377 2723 ‘ut
400 2659 495 2735 scitis,
518 2657 629 2721 habuit
655 2656 736 2721 lilios
758 2655 935 2744 Philippus,
955 2658 1155 2723 Demetrium
1179 2672 1213 2723 et
1235 2658 1362 2725 Persea.

321 2743 469 2809 ‘Genere
499 2757 651 2820 materno,
676 2744 802 2821 virtute,
829 2744 969 2830 ingenio,
998 2743 1104 2810 favore
1136 2744 1364 2822 Macedonum,

321 2831 434 2917 ‘longe
455 2830 610 2918 praestitit
631 2829 824 2895 Demetrius.
872 2830 937 2895 Sed
958 2831 1034 2918 qnia
1055 2832 1089 2896 in
1112 2832 1274 2897 Romanos
1296 2832 1365 2897 odii

322 2928 474 3005 ‘regnum
497 2930 644 3005 posuerat
669 2916 854 3004 praemium,
879 2915 1081 2982 Demetrium
1106 2918 1195 2983 nullo
1215 2917 1277 2984 alio
1302 2919 1366 2983 cri·

322 3004 436 3081 ‘mine‚
459 3026 555 3091 quam
577 3002 741 3068 Romanae
764 3004 920 3068 amicitiae
946 3002 1054 3082 initae,
1077 3005 1213 3071 occidit:
1236 3005 1364 3083 Persea,

322 3101 436 3177 ‘quem
458 3090 580 3155 hostem
603 3089 721 3178 populo
746 3089 893 3154 Romano
914 3090 1001 3177 prius
1021 3114 1134 3177 paene,
1154 3114 1250 3179 quam
1352 3094 1389 3157 is

322 3175 491 3241 ‘heredem
512 3175 653 3241 futurum
675 3176 803 3254 sciebat,
823 3198 931 3263 regem
952 3176 1036 3242 fecit.
1081 3176 1196 3265 Itaque
1210 3178 1289 3265 quid
1334 3180 1365 3243 ic

353 3370 509 3431 onom]
534 3370 646 3421 Literas*
662 3369 776 3432 Sigonius
791 3370 825 3419 la-
857 3370 971 3432 pioantur
984 3386 1069 3421 omnes
1082 3371 1235 3434 interpretes,
1252 3372 1292 3421 cni
1312 3386 1366 3422 rne-

319 3434 364 3500 git,
375 3435 416 3498 qui
432 3436 513 3485 locum
527 3433 563 3483 ita
573 3435 826 3497 explatodthas'os
858 3434 965 3484 dioinam
991 3437 1023 3484 ab
1049 3436 1179 3499 integriore
1205 3438 1290 3486 codice
1321 3454 1366 3486 ex-

320 3502 493 3565 nanaqatbus
507 3516 532 3549 re
546 3515 627 3549 esrom
636 3500 827 3562 mamortini
858 3500 1016 3561 spectandam
1037 3499 1252 3549 Drakenborehins
1274 3509 1365 3551 censet.

321 3581 347 3614 rs
367 3566 562 3627 handugei-ont,
581 3566 683 3626 benigne
704 3566 826 3613 remittere
859 3565 948 3627 itaque
963 3570 1006 3612 ant
1023 3572 1078 3627 post
1091 3567 1305 3615 manerbum
1319 3566 1365 3614 ali-

321 3630 372 3677 t'llir
381 3631 486 3691 scripsit.
859 3629 926 3689 quid,
952 3634 981 3676 ut
1006 3631 1135 3687 oolrtimus,
1159 3630 1225 3691 quod
1252 3629 1366 3692 Sigonius

356 3701 370 3752 7
387 3692 529 3741 Callicrates
536 3708 567 3741 es
574 3692 613 3751 iis,
621 3694 664 3755 qui
674 3694 702 3741 tn
712 3708 739 3741 eo
749 3694 824 3751 nsrts']
858 3693 937 3750 addit,
947 3693 1112 3754 supplendum
1124 3700 1170 3753 est,
1179 3701 1223 3741 aut
1233 3708 1289 3741 cnm
1302 3694 1365 3743 Gro-

323 3755 375 3803 Hic
393 3755 537 3805 Callicrates
555 3771 604 3803 non
623 3762 674 3804 tam
694 3755 827 3804 honorifice
859 3756 932 3803 novio
942 3760 1053 3806 moneret
1063 3758 1201 3818 legendum

322 3824 440 3867 tractatm
454 3834 470 3866 a
485 3819 589 3880 Polybio
600 3820 667 3869 xxvi.
681 3834 701 3869 r.
716 3819 827 3882 quicum
895 3822 1182 3883 iscils'ostnslopatos]
1201 3821 1253 3869 Hic
1267 3838 1363 3871 nonre-

322 3882 429 3931 traducit
435 3888 552 3943 tanquam
559 3884 706 3943 proditorem
714 3884 828 3945 publicae
859 3884 971 3932 iemntur
983 3885 1038 3947 ipsa
1048 3884 1139 3933 decreti
1151 3886 1232 3944 verba,
1242 3887 1285 3934 sed
1295 3902 1365 3935 mens

323 3947 478 3997 Achaeorum
504 3946 631 4004 libertatis,
657 3954 683 3995 et
709 3946 828 4009 insignem
860 3948 1005 4009 explicatur.
1053 3948 1163 4011 Regibus
1190 3949 1366 4009 Macedonum,

324 4011 376 4059 eius
387 4009 512 4073 perfidiam
525 4014 600 4059 notat.
617 4010 698 4061 cmv.
860 4011 948 4073 inquit,
959 4013 1185 4075 Macedonibusque
1198 4014 1266 4075 ipsis,
1277 4014 1365 4063 linibus

355 4076 829 4137 flMaaeimornproos'ssimnmque1Mo·
860 4074 949 4123 nostris
979 4076 1189 4136 interdixeramus,
1215 4078 1242 4126 id
1273 4078 1365 4128 scilieet

323 4142 413 4250 {imam
428 4146 451 4188 et
463 4140 632 4201 mannaimom
643 4138 752 4199 reposuit
764 4139 829 4187 Bek-
861 4147 1042 4252 praegnantes,
1056 4156 1087 4189 ne
1103 4141 1206 4204 legatos,
1218 4158 1252 4191 rra
1267 4144 1365 4192 nuntios

343 4218 375 4251 er.
946 4218 1003 4253 rav.

356 4266 829 4329 91nrnoteesmmmnmraqmlvt
894 4269 1002 4326 acum
1022 4268 1112 4319 hostem
1130 4271 1222 4331 populo
1241 4272 1362 4331 Romano]

323 4329 386 4379 tium
400 4328 493 4391 aliquid
507 4328 533 4377 in
548 4328 586 4376 his
597 4328 676 4377 verbis
689 4330 765 4378 latere
779 4346 829 4379 sus·
862 4331 958 4379 Vocem
968 4332 1058 4382 bostem
1068 4332 1163 4382 addidit
1174 4334 1296 4383 Muretus.
