2934 4800
409 217 505 286 LIB.
530 219 655 286 XLIV.
685 218 788 286 CAP.
813 227 842 286 2.
1091 229 1151 290 125

64 369 165 443 post
181 355 302 422 diebus
314 356 426 422 consul
444 357 632 422 concionem
646 357 733 446 apud
747 357 865 422 milites
884 357 1005 424 habuit
1053 357 1153 425 Orsus
1163 373 1197 424 U.
1209 373 1239 424 c.
1255 374 1312 438 58³·

36 461 95 510 sa
107 443 303 530 parricidio
317 442 426 509 Persei
440 456 621 531 perpetrato
635 444 671 508 in
684 443 825 522 fratrem,
837 444 975 532 comtato
990 444 1025 508 in
1039 467 1153 532 paren·
1162 439 1193 488 ‘b
1210 439 1240 490 ⁰·
1257 438 1312 503 ¹⁶9·

69 541 171 606 tem,
185 529 317 606 adiecit,
329 536 340 569 ⁴
406 542 419 594 t
430 530 547 595 scelere
558 543 685 618 partum
694 552 840 618 regnum,
851 530 1015 608 veneficia,
1027 532 1151 611 caedes,

72 623 87 652 ‘
101 615 290 681 latrocinio
301 552 441 680 uehisdo
451 617 588 704 petitum
603 615 794 694 Eumenem,
806 617 937 681 iniurias
948 616 983 681 in
997 640 1039 704 po
1062 618 1152 684 ulum

74 711 88 740 ‘
99 701 317 780 Romanum,
332 701 527 788 direptiones
540 703 695 767 sociarum
710 703 838 768 urbium
852 715 961 769 contra
976 703 1027 770 foe
1051 727 1097 784 us,
1114 728 1153 771 ea

76 788 230 852 ‘omnia
244 810 341 874 quam
356 787 417 853 diis
431 811 561 938 puoque
580 789 683 853 invisa
701 803 816 866 essent,
832 811 997 854 sensurum
1011 791 1047 855 in
1062 791 1153 857 exitu

78 881 93 911 ‘
104 895 231 937 rerum
253 896 390 939 suarum.
463 896 556 940 avere
581 875 669 939 enim
690 875 802 962 pietati
823 874 963 962 fideique
985 875 1072 954 deos,
1092 899 1153 978 per

79 967 94 997 ‘
106 981 206 1045 quac
220 959 360 1047 populus
375 961 540 1026 Romanus
551 959 594 1025 ad
607 973 732 1026 tantum
746 961 862 1049 fastigii
872 962 1015 1028 venerit’
1058 962 1152 1029 Vires

80 1045 220 1110 deinde
236 1045 347 1145 populi
363 1046 511 1126 Romuli,
526 1047 590 1111 iam
610 1061 764 1112 terrarum
778 1049 887 1113 orbem
902 1048 1151 1137 complectentis,

80 1155 173 1197 cum
188 1132 310 1197 virrbus
325 1131 547 1211 Macedoniae,
558 1134 715 1198 exercitus
729 1156 804 1200 cum
818 1135 1009 1200 exercitibus
1024 1159 1153 1225 compa·

81 1218 190 1283 ravit.
239 1217 392 1293 ‘Quanto
413 1220 548 1284 maiores
573 1219 681 1306 Philip
704 1221 716 1283 i
739 1219 957 1309 Antiochique
984 1243 1060 1308 opes
1085 1245 1151 1287 non

85 1304 293 1369 ‘maioribus
307 1305 406 1391 copiis
419 1304 533 1370 fiactas
545 1307 649 1370 essei’
708 1305 779 1372 uius
793 1307 918 1394 generis
932 1307 1151 1373 adhortatione
1218 1309 1248 1368 2.

85 1391 243 1456 accensis
256 1390 394 1455 militum
408 1393 531 1469 animis,
543 1390 720 1457 consultare
736 1392 777 1457 de
792 1414 916 1456 summa
929 1392 1061 1480 gerendi
1075 1393 1152 1459 belli

85 1477 216 1564 coepit.
263 1476 313 1541 Eo
335 1489 369 1541 et
391 1478 430 1543 C.
443 1477 585 1544 Marcius
628 1491 733 1542 raetor
754 1500 774 1542 a
797 1477 962 1555 Chalcide,
980 1479 1078 1544 classe
1100 1501 1152 1543 ac·
1238 1485 1241 1492 ’

87 1576 205 1650 cepta,
219 1563 317 1627 veuit.
356 1562 490 1642 Placuit,
501 1587 568 1629 non
617 1577 666 1628 tra
679 1562 833 1628 morando
847 1564 881 1628 in
896 1564 1062 1638 Thessalia
1071 1576 1309 1652 tem-costatu-

88 1671 160 1749 pus
176 1662 290 1724 terere,
306 1648 364 1713 sed
377 1671 504 1714 movere
518 1649 681 1735 extemplo
694 1663 805 1727 castra,
818 1661 913 1736 atque
930 1673 1060 1738 pergere
1075 1651 1150 1718 inda
1160 1641 1294 1756 oedssemffi

89 1757 132 1799 rn
164 1734 411 1812 Macedoniam
442 1748 476 1800 et
497 1749 677 1822 praetorem
705 1735 781 1800 dare
812 1758 951 1823 operam,
976 1751 1013 1801 ut
1037 1720 1206 1804 eodem⁰⁰²¹
1231 1721 1248 1755 ¹¹

92 1834 246 1908 tempore
260 1820 367 1886 classis
380 1843 509 1908 quoque
521 1821 690 1886 invehatur
703 1821 842 1886 hostium
857 1823 1010 1888 litoribus.
1055 1824 1152 1890 Prae·

65 1921 171 1976 otore
189 1907 329 1984 dimisso,
345 1906 466 1985 consul,
487 1921 686 1973 menstruum
702 1908 788 1973 iusso
808 1908 907 1973 milite
929 1931 1036 1975 secum
1057 1911 1150 1990 ferre,

94 1993 263 2083 profectam
290 1993 417 2058 decimo
450 2005 523 2083 post
550 1993 615 2072 die,
645 2016 742 2081 quam
771 1995 947 2060 exercitum
976 2010 1150 2097 acceperat,

95 2093 205 2146 casua
223 2079 340 2145 movit:
363 2092 407 2158 et,
423 2080 518 2144 unius
536 2079 603 2144 diei
616 2102 797 2167 progressus
818 2080 889 2158 iter,
905 2095 1085 2148 convocatis
1099 2083 1151 2148 iti·

72 2187 218 2238 7nerum
231 2166 377 2243 ducibus,
388 2188 499 2252 quum,
514 2179 713 2253 exponerent
723 2166 758 2230 in
773 2167 914 2247 consilio,
926 2167 1075 2246 iussisset,
1088 2190 1153 2256 qua

71 2254 240 2341 aquisque
263 2251 417 2317 ducturus
440 2265 539 2328 esset3
570 2252 735 2317 summotis
757 2252 806 2326 iis,
854 2276 927 2318 uam
952 2254 1152 2342 potissimum

99 2351 237 2427 peteret,
251 2338 361 2405 retulit
377 2337 419 2404 ad
435 2337 612 2404 eonsilium.
656 2337 741 2405 Aliis
759 2361 818 2428 per
864 2339 990 2429 ythium
1006 2340 1152 2429 placebat

101 2427 175 2491 via:
198 2425 266 2490 aliis
280 2446 339 2513 per
354 2423 552 2490 Cambunios
570 2439 705 2503 montes,
720 2448 785 2513 qua
820 2426 902 2491 riore
917 2450 1002 2493 auno
1016 2426 1152 2492 duxerat

103 2512 261 2577 Hostilius
282 2511 410 2576 consul:
441 2511 510 2576 aliis
529 2524 655 2598 praeter
671 2449 863 2577 Ascuridbm
880 2511 1038 2599 paludem.
1086 2511 1152 2578 Re-

75 2598 207 2667 9stabat
216 2596 415 2683 aliquantum
428 2597 498 2663 viae
509 2597 700 2662 communis:
723 2598 833 2683 itaque
844 2598 879 2661 in
893 2597 928 2662 id
939 2608 1004 2663 tem
1028 2619 1075 2675 us,
1087 2620 1152 2685 quo

104 2706 204 2771 prope
217 2683 389 2748 divortium
408 2684 561 2748 itinerum
578 2696 681 2749 castra
695 2683 831 2783 posituri
851 2694 951 2761 erant,
966 2620 1152 2750 deliberatio

106 2771 176 2835 eius
193 2770 241 2835 rei
267 2769 421 2835 differtru.
466 2768 507 2834 In
532 2768 756 2834 Perrhaebiam
781 2768 858 2833 inde
887 2768 986 2847 ducit,
1010 2784 1044 2836 et
1067 2771 1152 2837 inter

110 2857 249 2923 Azomm
262 2868 297 2921 et
311 2855 471 2920 Dolichen
485 2856 599 2921 stativa
612 2855 723 2919 habuit
734 2854 776 2919 ad
790 2855 1020 2920 consulendum
1035 2879 1151 2935 rursus,

108 2964 201 3030 quam
215 2942 414 3030 potissimum
433 2955 611 3029 capesseret
622 2941 715 3005 viam
761 2940 825 3007 Per
841 2942 970 3008 eosdem
985 2942 1055 3008 dies
1073 2942 1152 3009 Per-
1220 2970 1223 2977 ·

108 3051 188 3105 sens,
202 3051 299 3115 quam
313 3027 567 3116 appropinquare
584 3028 708 3092 hostem
728 3027 832 3105 sciret,
847 3028 936 3114 quod
954 3028 1016 3093 iter
1034 3030 1152 3117 petitu·

108 3137 162 3180 rus
180 3127 262 3179 esset
284 3114 292 3128 ⁰
338 3136 419 3192 arus,
441 3136 552 3179 omnes
573 3112 671 3178 saltus
688 3113 825 3179 insidere
847 3114 1012 3202 praesidiis
1033 3116 1151 3181 statuit.

111 3200 151 3267 In
169 3202 278 3288 iugum
324 3200 547 3266 ambuniorum
566 3200 725 3265 montium
739 3198 933 3287 (Volustana
947 3201 1009 3289 ipsi
1024 3200 1153 3287 vocant)

114 3464 171 3511 est.”
199 3461 250 3511 Sed
264 3461 320 3523 quis
334 3459 424 3510 dixerit
438 3476 496 3511 eum
514 3475 611 3509 summa
643 3458 670 3507 in
680 3474 793 3509 menum
805 3458 894 3521 cuique
904 3458 1034 3508 sufficeret.

114 3525 192 3574 utilem
206 3525 263 3575 duci
277 3524 352 3574 tuine
365 3525 392 3573 in
406 3526 479 3574 rebus
491 3524 612 3601 parandis,
677 3525 864 3585 7E=ponareat
873 3524 901 3569 io
912 3522 1019 3579 masilia,
1029 3522 1150 3581 {malcan}

114 3589 155 3651 qui
165 3589 333 3638 tantummodo
347 3588 459 3638 hortatus
470 3587 563 3636 milites
578 3588 611 3636 ad
642 3588 775 3648 Eepoam
784 3584 924 3633 Gronovius
931 3584 1035 3643 mavult,
1043 3588 1152 3633 cetenrm

115 3668 162 3701 rem
171 3652 261 3701 sortiter
270 3654 401 3715 gerendam
413 3652 495 3701 mtim
506 3650 611 3700 abierit?
643 3654 793 3711 seponerem
798 3646 913 3696 familiari
922 3646 1011 3709 stupri,
1019 3662 1064 3708 pro
1072 3656 1101 3696 ut
1110 3664 1151 3698 aa·

117 3716 251 3765 omittimus
262 3716 438 3779 inclamabam
452 3715 575 3774 dictionis,
585 3718 611 3761 et
762 3711 886 3771 ,hoolooo
895 3710 1152 3773 positumoesemonat

115 3780 240 3844 gemimus
254 3780 338 3829 odiose
354 3795 432 3829 rocas.
466 3778 546 3828 Nobis
560 3792 611 3826 nou
671 3776 762 3839 cosingi

117 3845 171 3892 libet
182 3842 293 3892 hariolari
307 3844 334 3892 in
348 3859 376 3893 re
390 3842 490 3892 omnino
501 3844 612 3891 obscura.
677 3840 693 3888 8
709 3842 790 3898 Quam
804 3838 956 3913 potissimum
970 3841 1076 3902 peteret]
1098 3839 1149 3889 Vo-

117 3908 183 3957 Mena
192 3907 254 3956 Livii
264 3922 297 3956 ex
309 3907 419 3969 reliquiis
430 3907 483 3956 eius
492 3921 543 3955 non
553 3904 613 3955 satis
645 3918 699 3953 cam
716 3905 783 3953 dam
800 3902 917 3951 ειοιᾱιεω
935 3902 1072 3965 suspicatur
1088 3903 1151 3952 Gro-

117 3976 217 4033 appuat,
233 3977 261 4019 ut
278 3986 334 4019 eam
351 3970 473 4033 expiscari
490 3984 562 4033 pons
578 3968 613 4017 ri·
645 3967 741 4027 novius,
755 3966 799 4015 sed
812 3966 949 4016 crerierim
964 3982 1019 4016 eam
1035 3982 1067 4015 ex
1084 3980 1152 4028 prse-

119 4036 225 4093 deamar3
240 4050 286 4083 nec
302 4033 344 4083 alii
360 4040 473 4083 auctores
487 4033 612 4082 aoiuvant
646 4028 790 4080 cadentibus
800 4031 959 4092 repetendam
971 4034 1060 4079 censet.

119 4098 202 4147 lacum
225 4112 282 4161 ergo
303 4098 420 4148 mutilum
443 4097 611 4159 relinquimru.
675 4109 692 4159 9
713 4096 772 4144 Viae
793 4096 937 4153 ammana]
967 4093 1041 4150 Quae
1062 4093 1153 4154 pariter

120 4163 190 4212 (lm.
644 4158 677 4206 ad
694 4156 823 4221 Pythium,
833 4158 866 4206 ad
880 4156 1031 4207 Cambunios
1046 4162 1152 4215 montes,

149 4350 342 4415 blinamma]
360 4355 531 4412 Frumentum,
546 4351 612 4413 quod
639 4406 644 4415 Ι
