2934 4800
346 207 388 266 20
728 199 840 267 ΤΙΤΙ
867 199 1003 267 LIVII

194 349 227 399 u.
239 349 269 398 ο.
285 343 340 412 576.
350 337 478 404 Albano
491 335 625 416 rediens,
641 339 798 404 concidit:
822 353 865 417 et,
879 354 969 426 parte
986 339 1200 404 membrorum
1214 351 1335 426 captus,
1349 339 1388 402 ad

193 413 223 464 A.
240 413 270 463 0·
289 412 341 475 ¹⁷⁶·
352 426 462 513 Aquas
487 425 648 490 Cumanas
700 427 838 491 refectus
866 427 898 490 in
955 439 1101 490 vescente
1130 426 1250 502 morbo,
1279 424 1389 490 Cumis

348 512 492 578 decessit.
539 511 603 576 Sed
632 513 664 576 in
689 536 707 576 e
737 526 879 578 mortuus
899 447 1046 577 libum
1071 511 1192 590 allatus,
1219 528 1252 578 et
1280 511 1389 576 limene

351 599 519 686 magnifico
540 599 641 664 elatus
665 599 870 687 sepultusque
891 613 948 664 est.
993 598 1143 664 Pontifex
1167 599 1254 663 idem
1279 599 1389 664 uerat.

352 685 473 752 Consul
501 686 542 760 Q
559 685 714 765 Petillius,
741 709 841 773 quum
888 688 1004 750 rimum
1028 707 1086 774 per
1110 685 1248 773 auspicia
1276 699 1391 773 posset,

350 772 488 860 collegae
503 773 702 860 subrogando
720 772 849 838 comitia
864 709 980 838 labem
1000 773 1112 850 iussus,
1126 787 1161 837 et
1180 771 1311 837 Latinas
1325 772 1392 835 edi·
1458 796 1459 801 ¹

351 880 432 923 cere.
479 858 619 924 Comitia
633 861 665 924 in
681 860 855 924 antediem
871 860 1000 924 tertium
1015 858 1127 923 Nonas
1142 858 1287 936 Sextiles,
1302 857 1393 923 Lati-
1458 880 1459 945 l

350 967 407 1010 nas
421 946 455 1010 in
471 947 644 1012 antediem
663 947 793 1011 tertium
813 944 890 1010 Idus
911 945 1047 1011 Sextiles
1065 945 1176 1010 edixit.
1221 944 1331 1009 Plenis
1344 968 1393 1008 re·
1458 950 1459 1043 l

350 1031 504 1119 ligionum
519 1033 640 1109 animis,
656 1032 801 1120 prodigia
814 1033 944 1120 insuper
956 1033 1120 1097 nuntiata:
1145 1032 1277 1096 Tusculi
1291 1031 1393 1096 facem

350 1118 384 1182 iu
398 1118 487 1184 coelo
502 1120 609 1197 visam,
627 1116 740 1184 Gabiis
753 1119 866 1184 aedem
886 1119 1046 1206 Apollinis
1060 1134 1094 1184 et
1110 1119 1232 1205 privata
1249 1118 1394 1183 aedificis

350 1205 521 1292 complura,
553 1205 711 1271 Graviscis
740 1228 867 1270 murum
895 1219 1082 1292 portamque
1110 1205 1152 1270 de
1181 1205 1270 1271 coelo
1299 1219 1393 1270 tacta.

351 1290 400 1356 Ea
413 1305 517 1378 patres
530 1293 701 1380 procurari,
717 1293 764 1357 uti
778 1291 945 1380 pontifices
958 1292 1161 1369 censuissent,
1176 1291 1345 1356 iuaeenmt.

393 1377 482 1444 Dum
493 1379 638 1444 consules
649 1379 788 1468 primum
803 1379 979 1466 religiones,
988 1379 1105 1444 deinde
1119 1378 1253 1442 alterum
1264 1378 1395 1443 alterius

350 1487 443 1543 mors,
459 1479 491 1530 et
506 1466 642 1544 comitia,
658 1480 692 1531 et
706 1465 892 1530 Latiuamm
906 1466 1090 1530 instauratio
1105 1465 1296 1552 impediunt,
1312 1464 1395 1529 inte·

349 1554 409 1617 rim
435 1551 474 1617 C.
493 1552 648 1618 Claudius
673 1554 848 1617 exercitum
874 1551 915 1616 ad
942 1549 1113 1629 Mutinam,
1137 1573 1235 1639 quam
1258 1551 1394 1638 Ligures
1458 1548 1459 1609 ἶ

348 1639 452 1726 priore
472 1661 557 1703 anno
577 1653 736 1726 ceperant,
752 1639 900 1703 admovit.
946 1639 1034 1702 Ante
1054 1638 1205 1715 triduum,
1220 1661 1318 1725 quam
1338 1655 1416 1738 ops

349 1724 1394 1876 bliffitiiipill‘tliilffiin‘lahffillfflillrff‘imlss

352 1897 489 1962 Romam
498 1897 658 1998 extemplo
669 1835 814 1984 seiiptae,
824 1897 939 1984 quibus
950 1920 1016 1962 non
1025 1897 1120 1965 modo
1130 1859 1199 1962 reni
1207 1835 1394 1986 exporgeeqet'

349 1983 406 2048 sed
420 1984 516 2048 etism
530 1983 724 2071 glomeretur,
739 2006 797 2049 sua
810 1985 925 2056 virtute
939 2007 977 2049 ac
991 1984 1140 2049 felicitate
1154 1986 1317 2050 neminem
1331 1985 1395 2048 iam

349 2071 394 2136 cis
425 2070 524 2158 Alpes
553 2071 675 2136 hostem
704 2093 747 2158 po
769 2070 815 2135 uli
845 2071 1000 2137 Romani:
1036 2071 1167 2172 agrique
1195 2069 1417 2158 aliqusnmms

350 2157 561 2308 {amollin'sgffl
576 2157 683 2258 multis
697 2158 836 2309 mgd'bus
850 2157 1016 2258 hominum
1031 2157 1264 2309 fflffivirifim
1301 2245 1309 2258 ·
1371 2173 1394 2221 t.

285 2290 292 2304 .
382 2258 395 2308 t
447 2258 466 2308 ιζ
524 2265 554 2308 m
579 2267 723 2309 ronruse
766 2257 903 2310 emtem
946 2267 1033 2310 rein
1145 2265 1251 2310 nram
1286 2259 1396 2309 tisse-

256 2328 261 2338 '
282 2327 288 2339 ’
350 2329 463 2395 cundis
477 2267 605 2418 proeliis
627 2329 742 2396 Sardos
756 2267 946 2419 perdomuii
994 2331 1190 2408 Quindecim
1203 2331 1303 2396 millia
1321 2329 1396 2396 hos-

350 2418 431 2483 tium
456 2431 531 2482 sunt
554 2440 651 2483 caesa.
699 2418 821 2483 Omnes
846 2418 1016 2484 Sardorum
1038 2418 1163 2520 populi,
1186 2419 1242 2506 qui
1268 2418 1395 2483 defece-

349 2519 431 2583 rant,
451 2505 657 2570 inditionem
678 2505 808 2570 redacti.
855 2504 1075 2593 Stipendiarns
1094 2506 1253 2571 veteribus
1274 2504 1394 2592 duplex

349 2591 485 2679 vectigal
498 2592 697 2679 imperatum,
710 2606 940 2679 exactumque:
963 2593 1061 2657 ceteri
1075 2592 1271 2657 strumentum
1281 2607 1395 2656 contu·

349 2678 464 2743 lerunt.
509 2678 626 2743 Pacata
644 2679 816 2766 provincia,
832 2678 1056 2765 obsidibusque
1071 2700 1112 2744 ex
1133 2692 1200 2744 tota
1211 2676 1316 2742 insula
1333 2678 1397 2742 du-

350 2765 451 2829 centis
465 2764 596 2851 triginta
609 2766 757 2852 acceptis,
772 2764 868 2852 legati
891 2763 1041 2842 Romam,
1061 2765 1118 2851 qui
1140 2788 1179 2830 ea
1197 2764 1393 2842 nuntiarent,
1457 2793 1458 2802 ¹

350 2851 454 2928 missi3
485 2851 605 2938 quique
631 2853 670 2917 sb
693 2865 806 2917 senatu
829 2864 986 2938 peterent,
1009 2865 1046 2916 ut
1067 2852 1109 2917 ob
1134 2874 1187 2917 eas
1211 2873 1271 2928 res,
1294 2849 1397 2915 ductu

264 2952 268 2963 “
350 2937 489 3025 auspicio
513 2960 553 3001 ue
564 2938 614 3002 Ti.
624 2937 804 3025 Sempronii
836 2960 887 3002 ros
929 2961 961 3003 re
973 2952 1085 3025 gestes,
1095 2937 1157 3002 diis
1165 2938 1397 3003 immortalibus

349 3023 451 3089 honos
464 3024 507 3089 ha
547 3036 642 3102 retur,
659 3025 783 3125 ipsique
797 2962 876 3089 dice
900 3026 969 3089 enti
982 3024 1023 3090 de
1037 3025 1200 3112 provincia
1218 3024 1397 3089 exercitum

242 3172 244 3177 .
349 3133 457 3175 secum
477 3110 517 3175 de
561 3124 642 3175 rtare
661 3111 779 3176 liceret
827 3110 971 3188 Senatus,
986 3112 1021 3175 in
1035 3111 1115 3176 aede
1135 3110 1296 3199 Apollinis
1308 3110 1397 3198 legs-

349 3210 453 3262 tomm
467 3133 571 3261 verbis
584 3196 711 3275 auditis,
726 3197 990 3347 supplicationem
1004 3198 1038 3261 in
1050 3197 1184 3263 biduum
1198 3196 1348 3274 decrevit,
1362 3214 1398 3262 et

371 3284 557 3371 usdraginta
582 3284 753 3350 maioribus
803 3284 891 3348 ostiis
915 3284 1060 3349 consules
1084 3284 1258 3350 sacrificare
1283 3284 1395 3349 iussit:
1456 3319 1457 3350 1

347 3306 399 3436 5li.
418 3371 641 3474 Sempronium
669 3370 892 3458 proconsulem
917 3372 1158 3459 exercitumque
1183 3394 1223 3437 eo
1248 3391 1334 3436 anno
1358 3372 1397 3435 in
1456 3357 1457 3422 ἶ

189 3562 246 3610 uos.
257 3564 338 3611 nubre
346 3480 663 3612 pmtlblisiiiiinddiiide
684 3544 822 3611 consulis
841 3544 936 3609 unius
949 3544 1151 3631 subrogandi,
1167 3566 1249 3632 quse
1269 3544 1304 3609 in
1317 3558 1395 3609 ante

189 3630 265 3687 ΕΜ·
347 3634 433 3699 diem
448 3634 576 3697 tertium
597 3630 708 3697 Nonas
725 3630 861 3699 Sextiles
880 3630 985 3696 edicta
998 3644 1098 3708 erant,
1113 3654 1153 3697 eo
1166 3632 1236 3719 ipso
1250 3630 1304 3695 die
1317 3646 1398 3695 sum

346 3720 497 3783 confecta
546 3718 587 3794 Q
601 3717 748 3787 Petillius
761 3718 871 3784 consul
891 3718 1056 3806 collegam,
1072 3718 1129 3804 qui
1142 3716 1306 3804 extemplo
1325 3739 1395 3781 ma·

379 3970 475 4030 7Ants
491 3966 692 4027 triduumqucm
708 3982 852 4029 oppuffliars
884 3965 997 4027 spicuam
1019 3975 1058 4016 est
1078 3970 1235 4032 aliquantum
1255 3970 1320 4019 idem
1340 3987 1396 4020 esse

344 4034 468 4095 mmm]
481 4031 515 4099 ‘si
534 4030 594 4104 haec
612 4044 671 4078 esna
687 4036 752 4087 sunt,
768 4044 852 4078 scum
883 4030 950 4091 quod
965 4033 1078 4091 neuun,
1094 4046 1171 4094 quum
1190 4050 1249 4096 eger
1264 4034 1309 4082 ille
1325 4036 1395 4083 bello

343 4102 389 4156 est,
400 4102 531 4159 antequem
544 4094 652 4143 tnduum
661 4094 851 4156 elspsnmeoeet,
883 4100 971 4168 coptus
995 4096 1088 4170 ,ullum
1118 4096 1233 4173 millibus¹
1262 4098 1394 4148 hominum

343 4158 709 4284 sentilitltm‘st
725 4164 849 4270 utst
881 4158 1394 4279 tl¹3ss¹s¹¹3t⁰tt.‘¹s‘llv2t‘l

343 4289 424 4338 cmv.
882 4298 922 4345 54.
939 4286 988 4348 Ep.
998 4288 1031 4335 ad
1043 4288 1139 4337 Divers.
1150 4289 1183 4338 ix.
1195 4262 1242 4339 αὖ..
1355 4265 1362 4275 ‚
1386 4266 1392 4278 ι

375 4354 517 4417 8A9rique
533 4350 701 4415 aliquantam]
726 4348 778 4397 Hic
795 4349 866 4409 pers
