2934 4800
408 228 504 296 LIB.
528 228 655 296 XLIII.
688 229 799 297 CAP.
826 237 874 297 10.
1100 239 1159 302 109

85 363 266 431 Comitiis
279 366 404 446 habitis,
416 387 526 432 omues
539 369 682 456 quinque
696 383 731 434 et
745 370 875 456 triginta
888 369 988 434 tribus
998 385 1071 435 eum
1083 393 1159 435 con·
1170 382 1203 433 U.
1215 383 1245 434 c,
1260 383 1314 448 5⁸²·

82 449 317 519 demnatum
1167 449 1197 497 Δ.
1215 451 1245 500 C.
1263 462 1317 510 ¹70.

138 537 191 602 In
216 539 392 627 Liguribus
410 563 450 604 eo
464 562 549 605 anno
567 540 648 604 nihil
669 541 871 607 memorabile
892 560 1026 630 gestum.
1071 541 1156 609 Nam
1225 543 1254 603 9.

83 647 161 690 nec
178 625 298 691 hostes
317 639 484 690 moverunt
497 648 593 703 arma,
608 649 714 714 neque
734 626 844 693 consul
863 628 898 693 in
917 651 1026 716 agrum
1048 652 1157 694 eorum
1167 625 1198 700 In
1210 623 1310 700 piguis

83 710 259 798 legiones
272 712 418 777 induxit:
442 727 484 790 et,
499 714 574 777 satis
588 713 752 800 explorata
765 737 843 802 pace
858 716 926 780 eius
941 716 1025 792 anni,
1041 717 1157 781 milites
1165 689 1226 801 iffi
1237 705 1288 751 μ’

85 797 250 864 duarum
270 798 433 900 legionum
455 799 671 863 Romanarum
689 801 773 864 intra
787 801 855 866 dies
874 802 1045 903 sexaginta,
1060 826 1157 890 quam

86 885 130 947 in
161 887 370 974 provincmm
394 886 492 962 venit,
517 884 646 950 dimisit.
693 886 857 952 Sociorum
882 889 1019 953 nominis
1048 888 1156 954 Latini

86 974 258 1037 exercitu
277 986 399 1036 mature
419 972 454 1035 in
474 972 607 1037 hiberna
625 971 752 1038 Lunam
772 987 804 1038 et
823 973 912 1040 Pisas
926 974 1074 1053 deducto,
1090 976 1157 1064 ipse

88 1082 185 1123 cum
200 1059 366 1146 equitibus
381 1057 504 1148 Galliae
519 1059 700 1147 provinciae
714 1059 865 1147 pleraque
880 1085 900 1126 o
922 1061 997 1148 pida
1011 1061 1097 1128 adiit.

145 1145 328 1233 Nusquam
347 1144 433 1222 alibi,
453 1168 550 1232 quam
569 1145 605 1210 iu
626 1142 828 1224 Macedonia,
842 1147 882 1213 be
906 1169 961 1212 um
980 1162 1066 1213 erat:
1090 1164 1252 1214 sus-Rasin
1265 1165 1298 1213 11-

184 1255 244 1296 um
273 1244 380 1297 tamen
404 1246 438 1297 et
465 1230 621 1297 Gentium
645 1231 687 1296 Ill
708 1233 826 1298 riorum
852 1256 961 1320 regem
989 1228 1300 1302 habebantll'50080*

59 1326 82 1377 6
114 1332 228 1408 taque
248 1330 282 1383 et
301 1331 373 1383 octo
392 1341 488 1383 naves
506 1332 632 1383 ornatas
652 1341 672 1382 a
723 1318 865 1384 nmdisio
886 1333 1013 1385 senatus
1034 1298 1213 1386 censuitl‘e·

92 1405 285 1471 mittendas
299 1405 341 1469 ad
357 1403 396 1469 C.
410 1404 541 1469 Furium
554 1402 694 1492 legatum
709 1403 817 1483 laam,
833 1406 890 1492 qui
909 1427 982 1470 cum
1002 1406 1157 1493 praesidio

96 1492 248 1558 duarum
275 1489 447 1556 Issensium
471 1490 600 1555 navium
622 1490 743 1555 imulas
765 1505 916 1578 praeerat.
963 1491 1038 1557 Duo
1060 1492 1157 1558 millia

97 1579 252 1644 militum
265 1578 299 1642 in
315 1576 368 1643 eas
382 1600 478 1642 naves
494 1589 571 1642 aunt
583 1577 740 1664 imposita,
779 1600 838 1643 uae
855 1576 902 1643 M.
917 1578 1053 1643 Raecius
1066 1601 1157 1667 prae·

101 1679 165 1730 tor
178 1685 221 1731 ex
234 1663 503 1736 senatusconsulto
513 1663 547 1726 in
559 1686 598 1728 ea
611 1676 700 1751 parte
715 1601 837 1743 Italiae,
872 1687 930 1730 uae
942 1665 1067 1730 obiecta
1080 1665 1156 1767 Illy-

100 1752 180 1817 rieo
198 1766 256 1829 est,
270 1750 475 1838 conscripsit:
499 1762 532 1814 ct
551 1749 661 1815 consul
678 1748 835 1815 Hostilius
883 1773 913 1838 p.
929 1749 1099 1817 Claudium
1121 1775 1155 1816 ιιι

102 1837 277 1928 Illyricum
292 1859 370 1903 ‘cum
385 1849 534 1924 quattuor
554 1836 691 1901 millibus
710 1837 855 1924 peditum
875 1837 970 1916 misit,
985 1851 1022 1903 ut
1035 1838 1156 1906 accolas

101 1924 235 2014 Illyrici
247 1937 411 1990 tutaretur.
458 1923 536 2000 Qui,
552 1944 616 1987 non
631 1935 799 1989 contentus
812 1924 860 2002 iis,
876 1946 954 2010 quas
968 1923 1155 2002 adduxerat,

106 2012 225 2100 copiis,
238 2011 355 2076 auxilia
369 2011 408 2075 ab
419 2009 511 2074 sociis
525 2007 727 2097 corrogando,
744 2009 785 2074 ad
796 2024 868 2075 octo
879 2009 977 2074 millia
991 2011 1155 2076 homiuum

78 2099 202 2165 7vario
220 2121 336 2186 geum
357 2096 505 2162 armavit:
535 2109 762 2184 peragrataque
785 2097 872 2161 omni
894 2119 932 2162 ea
952 2097 1091 2185 regione,
1113 2098 1156 2163 ad

107 2185 144 2250 L
166 2184 320 2250 chnidum
343 2183 595 2248 Dassaretiorum
619 2183 771 2248 consedit.
817 2182 915 2248 Haud
943 2184 1054 2272 procul
1078 2185 1154 2249 inde
1214 2185 1261 2246 10.
1372 2239 1376 2248 .

77 2277 97 2326 8
146 2295 244 2338 scaua
263 2269 417 2372 oppidum
438 2269 551 2334 finium
572 2268 760 2356 plerumque
783 2269 892 2335 Persei
911 2284 985 2337 erat
1031 2271 1152 2336 Decem
1163 2267 1294 2328 Auern-

105 2359 213 2425 millia
230 2357 348 2424 civium
366 2356 512 2436 habebat,
530 2369 564 2421 et
583 2355 754 2435 modicum,
775 2355 935 2423 custodiae
954 2381 1056 2437 causa,
1075 2331 1289 2446 Cre-‘llffin

106 2446 252 2512 tensium
280 2443 480 2533 praesidium.
526 2441 608 2507 Inde
636 2443 743 2508 nuntii
773 2443 814 2508 ad
841 2442 1014 2509 Claudiurn
1039 2445 1154 2511 occulti
1163 2460 1229 2510 sibu
1239 2476 1293 2511 coe

105 2534 302 2599 veniebant:
327 2529 381 2596 ‘Si
396 2530 525 2618 propius
538 2529 644 2617 copias
658 2529 856 2607 admovisset,
868 2544 993 2616 paratos
1007 2530 1084 2609 iore,
1099 2532 1155 2619 qui
1163 2540 1210 2575 ⁸¹¹⁸·

107 2619 308 2709 ‘proderent
321 2618 441 2683 urbem.
488 2616 532 2681 Et
545 2638 659 2704 operae
676 2616 815 2717 pretium
834 2638 920 2681 esset
943 2638 1009 2681 non
1029 2640 1061 2682 se
1077 2618 1156 2682 ami·

109 2717 250 2794 ‘cosque
275 2716 409 2781 tantum,
435 2702 492 2768 sed
520 2704 616 2768 etiam
645 2700 761 2767 m1lites
789 2701 907 2789 praeda
934 2702 1155 2790 expleturum!

110 2794 195 2882 Spes
214 2791 382 2880 cupiditati
401 2790 529 2855 admota
548 2789 595 2853 ita
612 2788 790 2853 occaecavit
809 2789 960 2867 animum,
979 2803 1015 2854 ut
1034 2812 1094 2855 nec
1113 2813 1154 2856 ex

81 2873 160 2969 2iis,
172 2880 230 2967 qui
241 2891 407 2956 venemnt,
423 2898 615 2964 quemquam
626 2875 776 2941 retineret
786 2898 796 2953 3
819 2898 879 2941 nec
890 2876 1023 2955 obsides,
1062 2878 1154 2965 ignus

107 2968 235 3033 futuros
247 2966 333 3030 furto
351 2976 386 3029 et
398 2963 508 3028 liaude
527 2960 668 3049 agendae
682 2962 739 3040 rei,
829 2974 913 3039 eret3
936 2984 996 3028 nec
1014 2986 1045 3029 m
1074 2977 1154 3030 teret

83 3081 100 3115 α
109 3054 333 3143 exploratum,
355 3073 416 3115 nec
426 3050 523 3115 fidem
537 3048 702 3136 acciperet
775 3050 805 3115 ie
818 3063 941 3115 tantum
952 3062 1068 3116 statuta
1081 3074 1154 3139 pro-

108 3142 214 3206 fectus
227 3162 247 3204 a
260 3136 440 3227 Lychnido,
455 3135 624 3201 duodecim
641 3134 741 3199 millia
754 3135 794 3200 ab
815 3137 901 3213 urbe,
916 3136 957 3201 ad
972 3160 1068 3225 quam
1084 3153 1154 3202 teu-

111 3228 218 3305 debat,
232 3225 339 3314 posuit
349 3236 457 3289 castra.
505 3223 627 3299 Quarta
640 3221 716 3286 inde
727 3221 835 3323 vigilia
847 3223 935 3311 signa
947 3224 1054 3301 movit,
1067 3223 1153 3288 mille

111 3314 211 3379 ferme
225 3313 267 3378 ad
303 3309 473 3376 raesidium
486 3322 659 3374 castrorum
675 3307 808 3375 relictis:
832 3309 1041 3397 incompositi,
1058 3308 1154 3397 longo

112 3401 272 3489 agminee
334 3398 354 3476 ⁶,
370 3396 594 3484 infrequentes,
610 3416 710 3482 quum
730 3409 904 3461 nocturnus
923 3418 1009 3460 error
1023 3396 1154 3482 dissipa-

111 3502 171 3564 ret,
186 3486 228 3552 ad
245 3486 359 3551 urbem
376 3495 597 3571 pervenerunt
644 3479 756 3546 Crevit
769 3480 853 3568 negli
895 3480 971 3557 ntia,
987 3494 1153 3568 postquam

111 3574 275 3640 neminem
294 3585 447 3635 armatum
462 3568 497 3633 in
517 3569 615 3633 muris
633 3566 789 3631 viderunt
868 3582 1001 3644 aterum,
1017 3566 1072 3631 ubi
1089 3568 1153 3654 pri-

89 3680 203 3727 3mum
215 3659 275 3725 sub
289 3658 355 3722 ictu
374 3655 430 3721 teli
443 3655 582 3733 fuerunt,
597 3654 720 3719 duabus
734 3652 828 3719 simul
842 3652 940 3741 portis
959 3654 1152 3741 erumpitur3

143 3813 160 3864 6
175 3817 260 3863 Nam
275 3815 386 3873 enectos]
409 3826 442 3860 ac
454 3810 577 3860 Militibus
592 3816 617 3859 et
681 3824 697 3874 9
713 3812 762 3869 Qut
778 3811 911 3870 nonerunt]
946 3812 1067 3860 Venerunt
1083 3826 1113 3859 ex
1130 3826 1154 3859 e

111 3880 185 3927 rebus
198 3876 339 3926 necessariis
351 3876 488 3926 instructas.
510 3876 541 3924 ct
552 3890 616 3938 supr.
648 3874 805 3986 pandatione
824 3874 941 3924 Gronovii
960 3874 1068 3938 reposuit
1089 3874 1154 3924 Bek-
1215 3901 1218 3907 ·

113 3943 147 3992 xl.
158 3941 198 3991 26.
214 3942 298 3992 Dona.
667 3954 701 3987 er.

146 4018 159 4069 7
181 4008 255 4055 Vario
272 4006 374 4067 pomo]
389 4002 562 4072 intelligenda
582 4007 619 4051 ast
669 3994 696 4050 ἰ
713 4004 811 4065 Plenas
822 4004 925 4064 factm
937 4004 1010 4065 sarto
1025 4004 1156 4063 ctsraude

113 4072 301 4131 voxhoninan,
311 4084 360 4118 non
370 4084 501 4119 morien.
512 4067 544 4116 et
553 4082 618 4130 mpr.
650 4068 760 4129 mendac
776 4069 825 4128 rei]
853 4069 952 4130 Plenas
967 4068 1069 4127 saturos
1086 4068 1156 4129 afore

113 4136 147 4186 xl.
158 4150 197 4195 42.
645 4131 764 4193 frondua
775 4133 883 4207 apendice
893 4133 930 4181 ναι·
941 4130 1048 4181 Bekker.
1060 4130 1086 4179 in
1102 4134 1155 4179 tex·

144 4200 160 4247 8
176 4200 301 4261 Oppidana
304 4199 398 4260 finiam
405 4198 563 4259 plmnpoe]
585 4210 618 4245 sc.
651 4201 704 4243 tum
714 4201 813 4258 recepti.

115 4264 190 4319 Quod
201 4263 273 4324 vulgo
288 4263 321 4311 ad
337 4262 398 4309 lines
411 4260 478 4323 regni
490 4259 573 4309 Persei
583 4276 619 4309 ra·
683 4260 792 4308 efflas
802 4260 934 4322 acciperet]
947 4274 979 4308 sc.
988 4258 1155 4308 Iureiurando.

114 4328 243 4384 ferebatur,
261 4326 287 4374 in
306 4326 396 4374 finibus
412 4323 575 4384 Macedoniae
593 4329 620 4372 et
683 4324 760 4383 38ιώ
775 4326 826 4373 iota
842 4322 897 4385 tell]
923 4324 979 4373 Icta
995 4338 1025 4371 ex
1042 4322 1155 4371 emanda-

116 4391 210 4455 Illyrioi
219 4389 334 4453 positum.
650 4384 718 4436 tione
734 4386 930 4437 Drakenborchii
946 4386 972 4435 iu
990 4386 1072 4434 locum
1091 4382 1156 4431 vocis
