2934 4800
323 120 385 180 144
715 108 829 176 ΤΙΤΙ
855 108 992 178 LIVII

166 264 203 380 i?
214 264 246 380 8:
260 243 1141 420 {bittoeiitiffiffiiitniitii
1156 253 1381 394 ‘33¹'AE
1428 263 1429 270 ‘

325 420 538 484 Venientibus
552 418 602 483 his
616 417 751 482 Perseus
765 416 805 481 ab
820 415 947 504 Enipeo
962 440 1003 482 ex
1017 419 1126 482 castris
1141 415 1328 504 profectus
1340 413 1381 477 ob

325 507 409 571 viam
432 527 506 571 cum
531 503 665 568 dimidia
689 503 852 590 copiarum
877 516 967 590 parte
990 503 1184 568 denuntiare
1219 523 1291 589 per
1313 500 1386 564 vies

326 593 493 692 urbesque,
505 614 588 678 quae
603 589 672 654 viae
683 589 884 689 propinquae
899 603 983 667 sunt,
998 590 1113 676 coepit,
1125 602 1166 655 ut
1180 601 1387 654 commeatts

326 677 524 766 expedirent,
542 677 703 753 frumenti,
718 675 795 753 viui,
859 698 969 741 corum
982 689 1026 741 ¹ut
1047 676 1141 764 copia
1163 691 1276 740 esset.
1326 671 1387 759 Ipse
1421 713 1424 742 ι

327 787 437 852 equos,
452 763 669 851 phalerasque,
687 773 722 826 et
738 698 858 848 sagulis:e
871 761 991 826 donum
1036 761 1222 848 rincipibus
1250 760 1352 835 ferre,
1364 777 1390 820 et

327 847 772 1021 liidsiinqwdpffi‘
800 845 1404 1020 ‘'liwiiiliii‘ein‘iimffi

327 1022 416 1086 etin
438 1021 464 1085 ri
527 957 666 1085 flumslriis
681 1019 760 1084 Axii
838 1020 886 1084 uit
900 1033 1008 1085 castra.
1057 1017 1152 1084 Circa
1169 1018 1406 1084 Desudabam

327 1108 362 1172 in
378 1044 528 1172 Maedis
541 1106 699 1171 exercitus
715 1103 777 1170 Gal
790 1127 881 1170 orum
903 1106 1097 1182 consederat,
1113 1105 1320 1171 mercedem
1342 1125 1390 1201 ps-

328 1208 411 1260 ctam
440 1195 615 1281 opperiens.
676 1191 726 1256 Eo
755 1191 853 1256 mittit
882 1191 960 1256 Ant'
1005 1215 1092 1268 num,
1122 1214 1165 1256 ex
1197 1203 1390 1280 purpuram

327 1303 439 1358 unum,
457 1279 514 1367 qui
539 1279 672 1356 iuberet,
697 1277 936 1342 multitudinem
997 1277 1128 1342 allorum
1154 1278 1203 1342 ad
1226 1277 1389 1367 Bylnmr

328 1366 502 1451 (Paeoniae
524 1367 551 1430 is
572 1366 660 1430 locus
678 1363 743 1449 est)
757 1375 857 1428 castra
876 1385 1013 1442 movere,
1027 1364 1192 1451 principes
1213 1364 1263 1429 ad
1289 1386 1328 1428 se
1342 1384 1389 1425 re·

328 1453 397 1519 nire
416 1453 606 1538 frequenter.
653 1449 861 1537 Septuaginta
898 1450 1018 1536 uiaque
1040 1449 1140 1514 millia
1155 1451 1200 1514 ab
1217 1451 1321 1516 Axio
1335 1449 1389 1512 ilu-

328 1539 415 1603 mine
430 1553 464 1602 et
477 1537 586 1602 castris
600 1537 683 1623 regis
697 1538 836 1602 aberant.
875 1473 974 1601 (llaec
989 1535 1138 1601 mandata
1151 1536 1197 1601 ad
1210 1560 1277 1602 eos
1288 1555 1385 1624 quum

328 1624 508 1711 pertulisset
526 1623 718 1710 Antigonus,
739 1621 978 1709 adiecissetque,
993 1645 1052 1708 per
1065 1623 1148 1686 viam
1162 1635 1302 1710 quantu
1324 1643 1386 1685 orn·

329 1709 420 1773 nium
436 1722 621 1795 praeparata
634 1731 710 1774 cura
723 1708 805 1796 regis
820 1709 912 1795 copia
926 1707 1123 1780 multitudini
1136 1709 1230 1786 foret,
1251 1709 1383 1797 quibus·

329 1817 393 1882 que
408 1795 592 1858 muneribus
606 1794 764 1881 principes
779 1794 994 1871 advenientes,
1006 1795 1110 1871 restis,
1124 1797 1268 1881 argenti,
1287 1817 1382 1882 equo·

329 1903 464 1981 rumque
490 1893 680 1967 excepturus
705 1903 762 1944 rex
788 1893 879 1958 esset,
906 1879 947 1947 dc
972 1880 1022 1945 bis
1047 1880 1176 1967 quidem
1208 1903 1246 1946 se
1278 1900 1380 1947 coram

328 1981 511 2053 cognituros
531 1966 734 2054 respondent
780 1964 874 2044 Illud,
915 1967 979 2032 uod
999 1989 1147 2054 praesens
1168 1969 1380 2056 pepigissent,
1426 1976 1427 2014 l

329 2052 568 2139 interrogares
610 2052 667 2117 uid
681 2075 804 2130 aurum,
820 1991 914 2140 quod
925 2053 960 2117 in
978 2053 1119 2140 singulos
1141 2053 1272 2141 pedites
1340 2051 1381 2151 ui·
1424 2087 1427 2138 p

330 2150 440 2226 tesque
456 2076 664 2214 divideddum
678 2151 769 2217 esset,
784 2161 891 2204 secum
906 2139 1112 2205 adduxisset?
1158 2139 1278 2214 Quum
1294 2077 1394 2206 :didi
1426 2163 1427 2172 ¹

328 2223 410 2289 nihil
431 2225 683 2313 responderetur,
708 2224 884 2291 Clondicus
906 2227 1032 2312 regulus
1053 2248 1180 2292 eorum:
1206 2227 1313 2305 ‘Abi,
1336 2247 1380 2290 re·
1426 2291 1427 2295 ,

330 2311 464 2376 ‘nuntia
485 2312 580 2399 ergo,'
600 2311 717 2397 inquit,
739 2320 749 2350 ‘
759 2311 836 2398 regi,
856 2312 918 2376 nisi
939 2335 1052 2378 aurum
1073 2311 1266 2399 obsidesque
1291 2335 1393 2379 auur-r

331 2407 342 2437 ‘
373 2398 480 2478 issent,
495 2420 653 2486 nusquam
670 2397 746 2463 inde
763 2397 872 2463 Galim
886 2398 918 2464 lo
964 2399 1011 2464 'us
1025 2397 1191 2486 vestigium
1215 2397 1377 2467 moturos'

330 2422 423 2551 illaec
447 2486 547 2551 relata
569 2486 638 2573 regi
659 2507 760 2571 quum
785 2498 900 2562 essent,
966 2498 1077 2551 vocato
1098 2485 1240 2563 consilio,
1264 2508 1375 2574 quum,

330 2572 410 2659 quid
422 2593 536 2637 omnes
545 2572 670 2637 suasuri
684 2584 799 2648 essent,
815 2594 855 2659 ap
932 2584 989 2649 ret,
1005 2572 1082 2671 ipse,
1098 2572 1264 2659 pecrmiae,
1310 2593 1377 2639 usm

330 2658 431 2744 regni,
452 2658 563 2722 melior
584 2671 699 2734 custos,
718 2657 833 2722 institit
875 2680 893 2723 e
915 2658 1049 2747 perfidia
1069 2671 1102 2722 et
1123 2655 1248 2723 feritate
1265 2598 1377 2725 &lle

330 2764 402 2806 rum
423 2742 592 2807 disserere:
618 2741 818 2807 ‘Multorum
844 2744 907 2808 iam
933 2743 1007 2809 ante
1032 2743 1174 2809 cladibus
1194 2759 1375 2831 expertum,

331 2828 564 2928 ‘periculosum
586 2842 807 2928 esse,·tantam
829 2828 1067 2930 multitudinem
1092 2830 1127 2893 in
1149 2829 1377 2897 Macedoniam

331 2916 1377 3090 ‹inimitabiliinnitimini&

331 3086 401 3150 ‘uti
422 3085 464 3151 ad
485 3085 605 3151 bellurn
619 3100 757 3173 possent,
773 3100 807 3152 et
820 3109 956 3174 quonum
970 3086 1208 3153 multitudinem
1230 3090 1242 3151 i
1283 3090 1291 3105 '
1314 3114 1375 3156 non

262 3223 271 3241 .
332 3172 504 3237 ‘timeant’
548 3171 733 3259 Apparebat
747 3172 990 3252 indeomnibus,
1003 3173 1182 3239 mercedem
1197 3197 1229 3241 m
1266 3176 1391 3243 crudi-⁵

330 3349 384 3383 ann
406 3347 524 3445 erprorum
545 3331 756 3408 adaequandum
783 3332 836 3407 dix:
869 3332 1022 3395 dimequae
1033 3332 1128 3384 Edonis
1139 3333 1278 3387 numera
1294 3337 1375 3388 cnr.

330 3403 402 3522 Ἐπί
449 3412 478 3446 oc
505 3397 617 3460 peditum
642 3411 720 3459 genus
747 3395 837 3445 Graeci
902 3398 1375 3459 3Addueirrst1Adoarirastcxemen-

332 3460 341 3480 ‘
370 3478 452 3512 noar.
470 3461 554 3510 Dora.
587 3459 686 3509 Dchoc
697 3474 765 3508 mors
776 3459 836 3508 Gal·
870 3459 968 3509 datione
979 3460 1088 3511 Gronov.
1099 3462 1207 3524 reposuit
1218 3462 1330 3514 bekker.

330 3527 409 3575 lorum
425 3526 456 3574 ci.
469 3525 573 3574 Panum.
584 3524 610 3573 in
622 3524 697 3574 Phoc.
711 3538 747 3588 ¹9·
764 3525 844 3575 Caes.
901 3542 916 3586 4
931 3527 1101 3587 decepissent]
1118 3528 1267 3589 deceperint
1281 3530 1374 3577 inaruit

330 3590 362 3638 de
374 3589 439 3638 Bell.
451 3588 519 3638 Gall.
530 3590 546 3637 i.
558 3590 597 3649 48.
870 3586 1018 3638 Gronovius.

366 3667 376 3700 r
389 3655 432 3700 Ad
440 3654 584 3712 Almanam]
603 3652 711 3700 Almana
722 3653 779 3699 urbs
790 3650 837 3699 fuit
902 3662 916 3714 5
927 3653 1072 3715 Apparebat
1083 3654 1139 3703 inda
1150 3654 1273 3715 onradus]
1292 3654 1372 3719 Vulgo

331 3715 501 3773 Macedoniae,
510 3717 549 3764 vel
560 3716 586 3763 in
596 3716 650 3777 ripa
661 3715 728 3774 Axii,
737 3716 776 3764 vel
788 3730 836 3763 non
869 3717 897 3764 ia
918 3718 1036 3775 manlieu,
1054 3717 1119 3777 quod
1141 3718 1229 3766 merito
1250 3718 1372 3769 Gmnorio

330 3780 403 3841 longe
414 3778 471 3826 inde
482 3778 537 3836 sita,
548 3780 617 3826 cuius
630 3785 726 3841 praeter
738 3778 837 3829 Livium
868 3779 971 3842 aliisque
992 3780 1124 3841 displicuit
1164 3780 1296 3832 Beklrerm
1314 3784 1371 3833 Gro

330 3858 404 3893 nemo
415 3841 534 3889 meminit.
551 3841 639 3890 Dara.
868 3844 967 3891 noriam
979 3848 1077 3892 secutus
1087 3845 1293 3908 praepositionem
1301 3848 1370 3907 delet

363 3902 563 3965 aDesudabanj
593 3904 651 3953 Hoc
672 3920 762 3954 nomen
787 3921 836 3955 non
869 3912 943 3970 atque
959 3908 1077 3967 mutua,
1093 3922 1126 3957 sc.
1143 3910 1185 3971 qui
1202 3910 1228 3957 in
1246 3911 1369 3959 consilium

329 3970 451 4021 immerito
474 3974 615 4031 suspectum
640 3974 677 4017 est
699 3970 751 4018 Iac.
774 3968 835 4018 (iro
869 3971 948 4021 vocati
962 3976 1039 4030 erant,
1050 3972 1140 4020 scribit.
1174 3972 1328 4037 Kreymigius
1341 3990 1367 4024 ex

329 4034 411 4091 novio,
427 4032 469 4093 qui
483 4037 564 4080 mutat
577 4031 641 4086 illud
655 4032 681 4080 in
696 4034 833 4090 Ominum
868 4035 1007 4083 coniectori
1034 4034 1229 4085 Drakenborchii
1256 4039 1312 4088 iude
1335 4054 1365 4087 re

329 4112 393 4158 quae
415 4098 472 4142 urbs
492 4096 538 4143 etsi
560 4094 654 4142 Edonis
673 4096 747 4157 vulgo
768 4096 835 4144 attri·
868 4098 958 4159 posuit,
968 4098 1084 4159 quoniam
1097 4099 1136 4159 ἐπ’,
1146 4100 1196 4149 sire
1209 4100 1276 4161 inde,
1286 4108 1311 4150 et
1320 4104 1365 4150 lna

328 4160 421 4216 buitur,
438 4157 500 4204 nnil
522 4163 606 4205 tamen
628 4162 695 4206 vetat
715 4172 769 4205 enm
792 4159 835 4206 nli-
868 4160 970 4209 librariis
981 4162 1096 4211 cunundi
1108 4164 1195 4213 solent.

329 4222 428 4285 quando
445 4220 554 4268 habitam
571 4220 645 4269 ruisse
663 4220 749 4268 finium
766 4220 834 4269 Mae·
