2934 4800
408 121 473 184 itt
797 109 1080 180 EPITOMAE

405 254 440 316 iri
467 247 576 316 Sicilia
639 244 647 263 ⁸
683 267 750 327 uin,
775 245 893 313 deinde
920 259 1019 314 totuin
1044 246 1260 336 provinciam
1286 243 1416 344 oocupii'i

405 337 574 423 occisoque
589 269 799 421 *pipmpeio
820 331 994 424 Bithynico
1012 347 1174 422 praetore,
1197 334 1245 410 Q,
1259 331 1401 398 Satira-2

404 423 545 511 legatum
561 419 705 486 Caesarie
724 419 829 486 navali
848 420 970 508 proelio
983 420 1069 487 vicit.
1117 422 1253 487 Caesar
1267 432 1302 484 et
1315 417 1420 482 Annii
1440 489 1441 494 ἵ

405 531 480 575 cuin
503 507 696 574 exercitibus
719 507 756 570 iii
781 504 950 572 Graeciam
976 507 1187 585 traiecerunt,
1215 503 1340 571 belluni
1359 520 1421 566 miti

405 595 544 661 Brutum
567 604 602 659 et
619 591 764 658 Cassium
785 593 914 680 gesturi.
963 592 1005 668 Q,
1019 593 1226 659 Comificius
1251 593 1289 656 in
1307 585 1422 654 Alriul

407 679 564 758 Sextium,
581 679 804 745 Cassianarum
818 679 956 766 partium
971 679 1098 759 duceni,
1114 679 1254 768 proelio
1268 677 1349 742 vicit

851 1020 1012 1088 CXXIV.

407 1198 449 1265 C.
467 1197 656 1264 CAESAR
682 1209 716 1263 et
740 1196 903 1262 Antonius
928 1197 1014 1285 apud
1037 1197 1213 1286 Philippos
1241 1197 1333 1262 vario
1355 1212 1426 1258 eren:

406 1285 556 1351 adversm
577 1284 714 1350 Brutum
737 1297 772 1348 et
795 1284 939 1349 Cassium
962 1297 1201 1372 pugnaverunt,
1230 1285 1283 1350 ita
1306 1295 1340 1348 ut
1357 1281 1425 1345 dou

406 1373 568 1459 utrimque
589 1393 709 1436 cornua
722 1370 896 1447 vincerent,
912 1383 946 1435 et
967 1383 1067 1435 castra
1086 1393 1224 1458 quoque
1248 1363 1424 1454 uti-imquet'

405 1458 455 1537 iia,
480 1459 538 1544 qui
566 1457 716 1534 vicerant,
743 1469 1011 1543 expugnarentur.
1070 1455 1135 1521 Sed
1165 1454 1373 1544 inaequalem
1394 1451 1426 1514 iu·

405 1557 518 1608 tunam
539 1543 678 1630 partium
699 1564 783 1607 mons
800 1542 900 1608 Cassii
914 1543 1009 1608 fecit:
1033 1543 1100 1630 qui,
1116 1565 1224 1643 quum
1249 1543 1289 1607 iii
1311 1564 1348 1605 eo
1365 1559 1425 1602 cori:

405 1629 527 1706 fiiisaet,
549 1629 637 1715 quod
658 1628 786 1716 pulsum
808 1641 885 1706 erat,
908 1639 1011 1694 totuin
1033 1641 1212 1694 exercitum
1238 1628 1348 1692 fusum
1367 1639 1425 1687 isis

404 1725 541 1778 mortem
564 1715 625 1779 sibi
648 1713 810 1780 conscivit.
856 1712 970 1779 Altero
993 1712 1111 1779 deinde
1134 1715 1268 1802 proelio
1293 1707 1422 1777 victuali

405 1796 526 1864 Brutus
539 1812 573 1864 et
586 1800 654 1899 ipse
668 1799 767 1865 vitam
781 1799 894 1877 finivit,
909 1811 1041 1865 exorato
1057 1799 1206 1866 Stratone
1223 1800 1324 1887 fugae
1338 1795 1423 1860 ooiiiitt

405 1898 443 1951 ut
455 1885 516 1951 sibi
529 1884 672 1973 gladium
686 1885 846 1973 adigeret:
870 1883 1021 1973 idemque
1035 1887 1183 1952 fecerunt
1196 1885 1375 1974 principun
1384 1879 1420 1942 dt

405 1993 572 2038 manorum
597 1971 722 2038 circiter
744 1970 964 2059 quadraginta,
987 1971 1073 2037 inter
1095 1995 1178 2066 quos
1206 1973 1253 2050 Q
1273 1965 1421 2038 Horteus't

405 2068 482 2122 erat.

857 2309 999 2376 CXXV.

408 2485 447 2549 C.
462 2482 662 2563 CAESAR,
677 2483 789 2549 relicto
803 2496 888 2549 trans
902 2506 988 2549 mare
1004 2484 1160 2563 Antonio,
1176 2506 1263 2575 qnae
1278 2478 1414 2573 proiiuc'ut
1439 2477 1440 2504 ¹

406 2592 448 2670 ,⁸¹
519 2570 632 2672 ‘'tione
647 2569 774 2671 imperii
788 2568 823 2634 iii
837 2583 1026 2671 potestatem
1044 2570 1302 2671 einsoeeserant,
1316 2583 1416 2668 teitu&

406 2656 1415 2839 qepfflaqqfftm
1438 2683 1440 2733 ,

406 2838 631 2925 imperatorem
654 2849 748 2891 auum
770 2827 1013 2906 concitaverant,
1036 2851 1110 2894 cuin
1132 2830 1225 2916 gravi
1246 2824 1414 2918 periculoirr
1439 2860 1440 2893 i

406 2909 521 3010 hibuit
578 2910 616 2975 L
633 2911 796 2977 Antonius
825 2912 946 2991 consul,
976 2914 1024 2979 M.
1041 2914 1178 2980 Antonii
1208 2916 1313 2992 frater,
1338 2906 1413 3009 ‘llll

406 2996 519 3062 Fulvia
549 2996 745 3076 consiliante,
775 2997 895 3064 belluni
924 3000 1050 3065 Caesari
1087 3000 1219 3078 intulit;
1257 3010 1376 3101 receptis
1395 3010 1413 3053 1ss

407 3096 511 3171 partes
525 3083 752 3234 suaskpopiilis,
768 3106 904 3186 quorum
923 3086 990 3173 agri
1009 3090 1168 3151 veteranis
1186 3089 1333 3177 assignati
1347 3088 1410 3149 cisti
1438 3084 1440 3119 l

406 3183 439 3234 et
459 3170 507 3235 M.
522 3169 569 3234 Le
593 3194 604 3234 i
627 3193 657 3247 o,
673 3192 731 3257 qui
750 3170 911 3237 custodiae
932 3172 1018 3237 urbis
1040 3194 1114 3237 cuni
1135 3176 1282 3243 exercitu
1323 3177 1412 3237 nerii

405 3256 486 3334 fuso,
500 3192 660 3322 hostiliter
672 3257 708 3320 in
722 3258 834 3322 urbem
849 3257 971 3345 irrupit.
1302 3196 1322 3263 p
1439 3246 1440 3282 ¹

847 3594 1005 3662 cxxvn
1116 3636 1118 3641 -
1438 3630 1440 3677 ,

408 3756 447 3823 C.
459 3755 658 3838 CAESAR,
668 3783 770 3849 quum
786 3773 868 3826 esset
881 3784 1036 3829 annorum
1047 3764 1161 3851 viginti
1177 3767 1285 3845 trium,
1295 3766 1408 3832 obsonum
1439 3831 1440 3846 ,

405 3844 440 3908 iii
469 3843 588 3931 oppido
616 3846 750 3913 Perusia
774 3846 812 3911 L
827 3849 1017 3927 Antonium,
1043 3864 1259 3953 conatumque
1289 3840 1405 3936 aliquotie
1439 3892 1440 3899 i

406 3952 581 4031 erumpere,
597 3943 631 3995 et
649 3933 820 4084 repulsum,
836 3935 919 4001 fame
938 3936 1043 4037 coegit
1061 3937 1096 4000 iii
1111 3937 1310 4004 deditionem
1322 3930 1405 4001 venir&

405 4038 531 4103 ipsique
545 4030 579 4083 et
588 4040 680 4083 omui

702 4042 741 4085 us
756 4020 908 4087 militibus
918 4044 987 4089 eius
997 4024 1127 4111 ignovit.
1162 4024 1325 4091 Perusiam
1333 4012 1402 4107 dirisi:
1438 4014 1440 4077 l

405 4101 604 4190 redactisque
629 4104 665 4169 iii
690 4118 880 4193 potestatem
906 4131 996 4173 suani
1021 4110 1168 4175 omnibus
1190 4111 1329 4178 direrme
1346 4114 1404 4195 paru

404 4188 606 4266 exercitibus,
621 4190 741 4257 bellum
756 4194 836 4259 eitra
850 4193 950 4259 ulluiii
965 4196 1151 4284 sanguinem
1166 4197 1313 4265 confecit.
1436 4210 1439 4263 i
