2934 4800
76 192 374 260 DITIONIS
405 191 981 262 DRAKENBORCHIANAE.
1020 204 1081 264 501

106 353 164 394 ea·
196 331 364 415 proniora
396 329 549 428 Thracia,
575 351 658 429 quae
687 329 867 396 indubitate
892 331 1084 418 Lysimachi

61 418 144 480 int.
204 415 323 480 Adeo
336 413 499 498 sociertda
515 436 549 478 rn
564 424 730 500 antiquum
745 418 921 482 venisse—
931 417 1011 504 cap.
1027 421 1081 484 41.

61 502 243 578 ionibus,
260 499 383 650 qplecit]
401 501 608 564 sermonibus.
620 500 756 566 *Ibid.
773 505 862 568 Nam
882 513 915 568 et
934 505 1084 569 dissimu-

61 587 114 670 tt]
145 609 240 652 narn
287 584 655 652 immolabat-Ibid.
680 588 710 650 si
734 597 800 652 tum
822 590 1026 674 occupasset]
1053 593 1084 655 si

101 674 262 736 occasio
290 681 384 736 esset.
397 709 441 718 -
456 671 541 737 Ibid.
571 671 722 757 navigat]
753 676 924 760 nauigans.
936 712 981 720 -
994 676 1082 740 Ibid.

78 759 140 822 ad
150 759 273 844 fidem
286 757 491 842 faciendam,
513 757 598 820 nihil
617 768 806 823 novaturum
829 783 951 847 regem,
975 763 1016 826 de
1032 784 1083 826 so-

61 852 132 908 ατε
162 842 327 928 agerent]
358 843 414 928 qui
443 844 489 906 ad
504 843 608 926 fidem
634 845 673 907 de
697 846 856 910 societate
880 857 1026 932 agerent.
1039 885 1084 895 -

61 931 95 992 l.
120 927 419 1012 Chelidoniarum]
442 928 674 993 Chelidonium.
686 929 826 995 -lbid.
843 932 974 998 Multae
983 934 1084 1015 srae-

61 1071 62 1084 ἶ
93 1015 238 1079 multae
257 1015 380 1078 eiectae
401 1013 512 1097 nones]
537 1015 656 1078 multoe
679 1037 777 1080 noves
798 1017 1081 1084 eiectae-Ibid.

62 1099 140 1181 rit]
171 1101 337 1164 enaoerit.
350 1098 490 1164 -lbih
513 1121 575 1162 non
596 1101 751 1186 remigum
772 1104 865 1166 modo
888 1105 1084 1188 militumque

61 1195 154 1250 otae
174 1187 309 1260 turbae,
325 1186 384 1248 sed
401 1185 500 1248 etiam
520 1184 693 1271 insignium
710 1187 801 1272 regis
817 1188 1005 1271 amicorum]
1021 1213 1083 1252 non

61 1273 187 1356 sigum
220 1278 345 1335 tantum
374 1271 572 1354 militumque
600 1273 793 1356 ignotorum,
822 1275 882 1336 sed
910 1275 1008 1337 etiam
1035 1276 1082 1338 in·

61 1359 167 1420 nium
197 1357 386 1420 amicorum.
398 1354 536 1420 -Ibid.
561 1356 733 1440 concessit]
754 1359 929 1441 processit.
942 1395 985 1403 —
998 1358 1080 1443 Cep.

92 1443 259 1506 tribunus
275 1441 399 1526 plebis]
424 1443 579 1505 tribunus.
592 1478 635 1486 -
647 1440 731 1506 Ibid.
751 1452 784 1506 et
803 1444 844 1507 P.
857 1443 1018 1528 Manlius]
1040 1446 1080 1509 P.

61 1529 190 1592 nulius.
201 1527 342 1592 -Ibid.
355 1529 464 1590 dutum
478 1524 540 1608 est]
556 1527 821 1592 dotum-Ibid.
832 1529 993 1614 persolvi]
1003 1552 1083 1615 per·

61 1635 162 1677 oere.
175 1611 320 1676 -lbid.
349 1614 470 1676 tribuni
493 1611 619 1697 plebis]
650 1614 931 1678 tribuni—ibid.
956 1617 997 1679 L.
1021 1617 1083 1679 Vo-

61 1700 125 1762 ius
157 1697 319 1780 Flaccus]
349 1698 389 1762 L.
418 1698 574 1762 Valerius.
587 1733 631 1744 —-
646 1697 729 1762 Ibid.
762 1700 816 1762 Eo
845 1723 930 1764 anno
958 1702 1082 1765 aediles

61 1782 173 1866 rules]
205 1783 342 1847 Aediles
371 1785 506 1848 curules.
519 1821 561 1834 -
574 1782 660 1847 Ibid.
683 1785 935 1870 descripserunt]
966 1789 1083 1852 divise-

61 1880 112 1934 nt.
124 1905 171 1916 -
182 1867 264 1952 Cap.
286 1870 339 1933 43.
364 1869 415 1932 M.
433 1870 572 1933 Porcius
595 1869 679 1933 Coto
698 1871 843 1935 consules
855 1872 971 1936 Idibus
987 1872 1084 1936 Mor-

61 1956 97 2038 s]
120 1954 175 2018 M.
194 1955 345 2018 Porcius.
356 1989 401 1999 —
413 1955 498 2019 lbid.
516 1955 696 2040 quindecim
716 1955 833 2038 millio]
855 1958 995 2042 quinque
1013 1959 1083 2022 mil·

61 2064 85 2104 r.
97 2076 145 2085 —
154 2039 242 2103 Ibid.
255 2038 469 2126 octingentos]
486 2042 688 2124 quingentos.
699 2039 835 2105 —Ibid.
850 2041 959 2125 datus]
976 2044 1082 2106 datur.

61 2125 175 2189 ·1bid.
191 2126 327 2189 sedium
342 2125 451 2209 etiam]
473 2128 533 2190 sed
549 2125 655 2189 etiam.
667 2161 711 2170 -
722 2125 807 2190 Ibid.
823 2125 992 2206 scriberet]
1011 2150 1084 2192 con-

63 2210 343 2274 ribere—lbid.
374 2210 415 2281 Q.
441 2209 603 2292 Minucio]
630 2209 937 2297 Minucio-Cep.
961 2214 1013 2276 44.
1041 2237 1084 2279 ec

61 2305 166 2359 ecreto
172 2297 360 2381 pontificum
374 2294 593 2380 iussisecere]
609 2318 651 2359 es
660 2296 851 2380 pontificum
862 2298 951 2361 iussu
955 2299 1082 2383 fecere.

61 2381 175 2446 -Ibid.
207 2383 301 2465 quod,
328 2404 423 2467 quum
450 2381 622 2469 Hispania
651 2382 810 2461 mouisset,
838 2384 951 2449 bellurn
980 2386 1085 2471 negli-

61 2466 167 2549 erent]
188 2467 274 2551 quod
285 2468 455 2553 Hispania
476 2468 635 2544 movisset,
658 2468 771 2531 bellum
793 2471 889 2555 negle
914 2469 1083 2534 i.-Ibid.

61 2556 143 2636 tique
158 2562 226 2635 post
244 2550 421 2650 adventum]
438 2563 510 2637 post
527 2554 687 2615 adventum
702 2556 811 2638 utique.
824 2589 868 2600 —-
881 2493 960 2639 (lap.
976 2558 1029 2617 45.
1045 2557 1085 2617 ab

61 2638 118 2722 zm]
157 2641 217 2701 inm
252 2640 299 2701 ab.
315 2675 359 2684 -
373 2636 454 2701 Ib1d.
485 2640 674 2714 audirentur,
711 2641 810 2701 maim
845 2637 907 2724 res]
945 2642 1088 2704 audirent

61 2728 177 2787 naiores.
192 2760 234 2769 --
248 2722 329 2787 Ibid.
346 2726 532 2787 maturando
547 2727 653 2808 mapa,
668 2722 806 2811 quando]
827 2727 1012 2788 maturanda
1026 2728 1083 2803 hes,

62 2832 145 2873 uum.
158 2846 199 2855 -—
209 2807 288 2872 Ibid.
309 2832 364 2873 cur
381 2812 585 2873 deconeretur
601 2808 724 2895 bellum]
747 2832 803 2873 cur
817 2812 1029 2875 decoraretur.
1041 2848 1086 2859 —-

61 2894 128 2959 bid.
159 2894 247 2979 quod]
278 2918 363 2981 quae.
376 2893 512 2959 -Ibih
543 2896 587 2959 od
614 2918 762 2960 summam
788 2897 1014 2983 rempublicam]
1045 2900 1088 2960 od

61 3004 192 3045 ammam
225 3004 294 3044 rem.
311 3019 355 3028 —
369 2979 450 3045 Ibid.
482 2980 661 3067 hospitibus]
699 2986 813 3045 amices.
829 3021 873 3029 -
887 2982 970 3048 Ibid.
1001 2986 1087 3049 nullo

61 3072 193 3131 nitescere
206 3067 282 3151 orte]
304 3089 468 3166 numquam
489 3072 646 3131 mitescere.
658 3104 703 3112 -
713 3066 795 3131 Ibid.
812 3080 842 3131 et
854 3070 1086 3154 implacabilem]

61 3154 267 3237 inplacabilem.
281 3152 417 3217 -Ib1d.
442 3154 632 3217 Morcescere
658 3156 716 3215 otio
741 3156 867 3237 situque,
894 3160 988 3240 queri,
1015 3160 1088 3218 civi-

61 3249 151 3315 tatem,
173 3248 200 3301 et
219 3242 326 3303 inertia
349 3239 457 3325 sopiri]
488 3262 667 3303 marcescere
697 3241 756 3301 otio
783 3242 900 3323 sitique
929 3243 1087 3318 civitatem,

61 3335 427 3497 bidiidsebjllindissiwd
445 3322 1092 3475 elhilrhlleidscoibinisll-Qllhdl'bbibmllicl

61 3520 88 3559 se
103 3508 274 3582 quaeaorem
289 3500 384 3561 iussit.
437 3498 586 3577 Quaestor
605 3498 639 3561 id
654 3498 823 3583 pronihilo
842 3496 963 3647 habuit]
982 3520 1089 3560 vocare

62 3586 103 3647 od
121 3606 149 3645 se
167 3594 349 3670 quaestorem
396 3584 480 3647 Idem
502 3606 560 3668 pro
585 3584 678 3647 nihilo
701 3585 815 3647 habuit.
831 3621 874 3630 -
889 3582 939 3649 Ibi
963 3630 971 3647 .
995 3583 1089 3669 effen·

63 3668 156 3753 derat]
170 3671 341 3753 obp‘asdebut.
355 3707 399 3715 —
413 3668 495 3735 Ibid.
512 3670 634 3733 Adiecit
647 3680 676 3733 et
689 3669 790 3754 aliud]
806 3671 927 3733 Adiecit
940 3671 1034 3733 aliud.
1048 3704 1089 3716 -

67 3753 573 3841 Cap.47.1ta]lraque.-1bid.
600 3756 640 3819 P.
665 3756 805 3841 Scipione
827 3754 993 3839 Africano]
1024 3756 1092 3819 Sei-

63 3846 146 3927 pione
176 3842 327 3926 Africano.
342 3838 477 3906 -Ibid.
509 3846 562 3927 qui
589 3864 704 3926 parum
741 3865 776 3905 er
808 3843 953 3927 diqnitate
983 3844 1094 3927 populi

70 3930 189 3993 Romani
204 3952 258 3992 esse
277 3928 416 4078 ducebat]
437 3931 513 4028 quio
529 3950 645 4013 parum
668 3951 704 3989 en
718 3928 828 4013 populi
840 3929 976 3993 Rmnani
993 3930 1093 4013 diqni·

72 4024 127 4079 tate
139 4038 190 4078 esse
201 4017 328 4079 ducebat.
340 4051 385 4064 -
414 4014 478 4078 but
495 4011 718 4098 mercatorum]
736 4016 1039 4099 commotionibusque.
1049 4050 1094 4061 -

72 4099 146 4165 Ibid.
164 4102 200 4165 ad
214 4101 359 4185 senatum]
384 4102 470 4186 opud
487 4097 766 4165 senatum-Ibid.
793 4100 848 4165 Cn.
867 4100 1028 4185 Seruilius]
1057 4101 1091 4167 C.

78 4186 349 4253 sestius-Ibis
366 4210 459 4273 quum
480 4187 696 4273 Corthoqinem
709 4186 869 4269 venissent]
932 4208 983 4251 um
998 4190 1095 4251 venh-

77 4285 139 4339 sent.
148 4312 184 4323 --
191 4272 262 4339 Ibid.
279 4278 390 4339 venhse
404 4276 449 4358 se]
463 4277 582 4339 ucnhse.
596 4313 638 4323 -
650 4269 731 4337 Ibid.
755 4273 857 4339 Unum
872 4209 1092 4357 llinnibalem]
