2934 4800
389 195 449 258 102
534 143 540 156 ’
769 185 1043 256 r1r1t1v11

233 333 309 450 ΞΛ.
324 328 532 400 saeuitum
546 349 567 397 a
579 326 697 392 Poenis
709 341 902 414 susceptum,
913 347 986 390 cum
1003 299 1158 390 Romanis
1253 324 1377 425 ndum
1385 325 1441 399 fuit

280 401 310 452 ⁰⁴
328 413 450 480 ¹⁷¹·nec
467 413 574 478 nisiC
686 413 746 478 ‘nis
768 413 899 478 interitu
912 412 1038 478 finitum
1053 424 1109 476 est.
1190 435 1230 478 oc
1247 434 1353 476 ammo
1368 433 1452 476 mre.

389 500 495 565 nimus
509 501 544 564 in
558 499 664 564 annali
686 522 723 564 us
737 521 871 588 puerum
885 499 1004 564 factum
1018 520 1059 564 ea
1073 497 1193 585 virgine
1212 498 1283 564 sub
1309 501 1441 586 parend-

389 585 458 663 bus,
469 586 620 674 iussuque
635 585 837 738 haruspicum
852 585 1051 672 deportatum
1065 585 1101 648 in
1113 583 1253 651 insulam
1268 585 1438 650 desertam

435 671 572 760 [Habita
589 686 701 738 sunta
747 671 880 738 ‚Cassio
898 669 1026 738 consule
1045 671 1181 748 comitia,
1197 671 1336 758 quibus
1357 673 1439 738 creat

378 759 533 826 'consules
554 773 629 825 sunt
645 759 686 825 eh
701 758 857 824 Hostilius
876 757 1056 835 Mancinus,
1075 758 1116 822 A.
1131 757 1254 822 Atilius
1274 757 1438 824 &naurs

389 845 555 912 Praetores
575 845 650 911 inde
673 846 757 924 facti,
780 844 828 910 M.
843 845 988 922 Raecius,
1007 842 1047 920 Q,
1061 842 1220 922 Maenius,
1236 843 1282 909 L
1301 843 1440 910 Horten

388 933 463 1010 sius,
482 932 524 1009 Q.
534 932 648 999 Aelius
658 932 785 1010 Paetus,
801 931 841 996 T.
854 929 996 996 Manlius
1006 929 1195 1017 Torquatum,
1210 929 1252 996 C.
1268 931 1439 998 Hostilius

389 1018 546 1084 Decretae
561 1018 742 1086 consulibus
756 1017 935 1106 provinciae
950 1016 1042 1082 Italia
1055 1030 1088 1082 et
1103 1016 1318 1084 Macedonia.
1360 1017 1440 1084 ltalia

389 1104 501 1183 Atilio,
527 1103 666 1172 Hostilio
692 1105 883 1170 Macedonia
908 1104 1044 1170 obvenit.
1089 1103 1267 1182 Praetores,
1302 1103 1438 1168 Raecim

388 1192 541 1258 urbanam
563 1191 821 1268 iurisdictionem,
840 1191 1038 1279 peregrinam
1053 1188 1201 1256 Maenius
1221 1191 1372 1256 sortitus
1392 1209 1436 1256 ast

390 1277 508 1344 Classis
521 1301 596 1344 cum
611 1301 666 1344 ora
679 1279 837 1344 maritima
849 1276 1002 1342 Graeciae
1017 1275 1189 1342 Hortensio
1202 1276 1345 1364 obtigit.
1383 1278 1437 1342 Re-

388 1365 494 1453 liquae
517 1366 691 1454 praetoriae
711 1363 892 1453 provincias
911 1364 999 1428 lbere
1019 1362 1257 1463 proculdubio,
1279 1364 1436 1452 quemad·

387 1453 620 1519 modumanno
641 1453 756 1540 priore,
779 1450 946 1538 Hispania,
970 1449 1087 1528 Sintia,
1107 1462 1141 1516 et
1161 1447 1330 1516 Sardinia.
1382 1450 1434 1516 Sed

386 1539 527 1627 singulas
545 1538 676 1626 quinam
695 1551 855 1627 praetores
876 1536 1081 1613 obtinuerint,
1100 1535 1265 1601 silentibus
1288 1551 1434 1604 veterum

387 1627 612 1703 monumentis,
627 1638 714 1691 certo
734 1625 808 1690 sciri
829 1646 893 1690 non
915 1636 1028 1711 potest.
1074 1621 1206 1689 Interim
1219 1621 1259 1687 P.
1272 1623 1431 1698 Liciniae,

410 1713 478 1776 nasi
499 1712 540 1777 ad
561 1711 681 1776 bellum
696 1733 763 1776 non
778 1733 851 1774 cum
866 1710 994 1788 Perseo,
1008 1709 1065 1775 sed
1079 1731 1152 1774 cum
1169 1708 1309 1774 Graecis
1323 1734 1432 1799 geren-

387 1735 466 1861 dum
487 1797 599 1862 missus
619 1811 712 1875 esset,
728 1796 840 1862 inanes
861 1797 1007 1862 adversm
1028 1796 1146 1862 iustum
1166 1796 1295 1862 bostem
1318 1797 1429 1862 irasin

386 1884 518 1951 miseros
530 1897 565 1948 et
578 1883 696 1950 viribus
710 1883 845 1970 impares
860 1883 962 1962 vertit,
978 1877 1216 1970 compluiesque
1230 1882 1267 1946 in
1283 1881 1430 1959 Boeotis,

386 1970 442 2034 ubi
465 1969 662 2048 hibernabat,
686 1971 779 2035 urbes
805 1971 1007 2057 expugnavit,
1033 1983 1066 2034 et
1091 1968 1260 2036 crudeliter
1284 1969 1427 2058 diripuit

389 2055 548 2122 Coronaei
570 2056 707 2122 maxime
729 2056 834 2122 vexati
850 2079 949 2156 quum
973 2057 1014 2122 ad
1036 2069 1181 2122 senamm
1201 2055 1427 2144 conlirgissent,

387 2142 498 2208 Patres
512 2144 731 2220 decrevertmt,
743 2156 780 2209 ut
794 2143 919 2230 captivi,
935 2143 991 2230 qui
1005 2143 1064 2208 sub
1078 2163 1196 2210 corona
1207 2143 1387 2222 rement,
1401 2144 1428 2206 in

386 2227 563 2294 libertatem
585 2230 832 2296 restituerentur.
884 2229 1032 2295 Consulis
1054 2228 1273 2294 crudelitatem
1297 2245 1338 2296 et
1363 2253 1427 2296 ava

384 2316 491 2382 ritism
511 2317 653 2388 imitatus
667 2329 724 2393 est,
740 2316 905 2382 autetiam
927 2317 1085 2405 superavit
1101 2315 1270 2384 Lucretius
1291 2331 1426 2403 praetor,

408 2403 442 2469 ni
457 2404 546 2470 classi
564 2416 717 2491 praeerat,
733 2404 881 2469 adversus
895 2403 995 2469 socios
1009 2402 1106 2481 feros,
1122 2404 1205 2469 hosti
1219 2405 1424 2490 spernendus.

384 2426 553 2578 Ciquidem
567 2490 698 2557 classem
712 2490 755 2555 sd
771 2489 891 2555 Oreum
906 2502 1041 2555 stantem
1056 2490 1183 2557 adortus
1202 2503 1339 2589 repente
1355 2491 1441 2567 Per:

384 2600 466 2655 scus,
487 2600 585 2643 naves
609 2577 767 2643 onerarias
789 2576 983 2643 frumentum
1008 2588 1170 2664 portantes
1194 2576 1307 2663 viginti
1334 2578 1423 2665 oepit,

383 2664 522 2751 reliquas
541 2664 704 2751 depressit,
719 2678 753 2729 et
767 2676 915 2751 quattuor
929 2664 1025 2729 etiam
1040 2662 1325 2814 quinipueremib'us
1348 2666 1424 2751 poti·

384 2761 436 2813 tus
455 2765 511 2815 est.
559 2750 626 2816 Res
646 2751 744 2815 etiarn
764 2772 837 2837 pros
878 2772 912 2815 re
933 2762 1039 2836 gestae
1060 2750 1095 2814 in
1140 2748 1247 2815 bracia
1263 2772 1284 2814 a
1298 2750 1422 2823 Persen

384 2857 484 2920 quum
499 2860 539 2901 eo
553 2836 594 2901 ad
607 2835 716 2924 Cotyn
730 2772 967 2901 defentlbendum
982 2836 1129 2901 adversus
1144 2834 1286 2903 Atlesbis
1301 2850 1337 2901 et
1349 2837 1423 2902 Cor·

384 2922 452 3007 ragi
473 2945 511 2986 co
534 2922 579 2986 ias
597 2922 789 2987 devertisset.
836 2922 907 2987 Nec
928 2944 1002 2987 vero
1024 2922 1090 3009 ipse
1113 2922 1172 2987 sibi
1189 2921 1292 3011 Cotys
1312 2923 1421 2998 defuit

385 3007 433 3069 vir
453 3008 492 3072 be
517 3031 537 3073 o
558 3020 713 3085 strenuus,
737 3008 867 3074 consilio
889 3022 1058 3095 praestans,
1077 3008 1187 3073 Thrax
1208 3031 1327 3095 genere
1350 3010 1438 3085 solat

383 3115 450 3157 non
471 3094 627 3160 moribus:
654 3116 729 3159 nam
751 3108 784 3159 et
807 3095 918 3159 unicae
941 3094 1117 3160 sobrietatis
1139 3116 1176 3159 ac
1198 3098 1420 3183 temperantiae

383 3178 454 3330 {plia
468 3179 619 3267 idemque
633 3179 803 3246 clementia
823 3194 856 3246 et
877 3181 1092 3247 moderatione
1112 3181 1210 3246 animi
1229 3180 1325 3269 plane
1341 3206 1421 3249 ama·

430 3290 465 3330 rs.
1222 3294 1225 3298 ·

429 3352 575 3440 [Cuncta
587 3352 705 3419 Perseo
719 3375 761 3419 cx
775 3366 847 3418 voto
862 3352 1011 3420 fluebant.
1058 3352 1143 3431 Nam
1162 3368 1196 3419 et
1217 3366 1295 3420 tunc
1311 3354 1420 3443 Epiro·

383 3452 485 3504 tarum
507 3462 586 3527 gens
607 3440 642 3504 in
660 3440 728 3505 eius
745 3454 850 3529 partes
866 3440 996 3519 transiit,
1012 3453 1138 3506 auctore
1156 3438 1312 3529 Cephalo,
1328 3465 1420 3530 quem

383 3542 490 3592 tamen
517 3525 557 3591 ad
581 3526 792 3592 defectionem
821 3528 988 3593 necessitas
1017 3528 1116 3615 magis
1141 3526 1304 3615 compulit,
1351 3552 1419 3595 uam

382 3613 535 3679 voluntas.
581 3612 622 3691 Is,
638 3613 788 3701 singulari
810 3614 978 3702 prudentia
999 3627 1032 3679 et
1053 3614 1228 3679 constantia
1249 3638 1271 3701 p
1352 3617 1417 3692 ¹tus,

382 3712 451 3762 tum
474 3723 601 3786 quoque
623 3701 744 3788 optima
763 3714 869 3765 mente
890 3713 965 3767 erat.
1011 3699 1099 3765 Deos
1120 3700 1205 3765 enim
1229 3700 1418 3767 immortales

382 3798 527 3869 precatus
552 3787 663 3864 morat,
686 3800 723 3851 ut
748 3785 867 3851 bellum
890 3787 973 3851 inter
996 3786 1158 3852 Romanos
1182 3799 1214 3851 et
1237 3787 1356 3854 Persea
1380 3812 1416 3853 nc

381 3871 579 3950 conflaretur,
594 3896 675 3938 neve
690 3873 731 3938 dc
747 3895 869 3937 summa
883 3895 989 3937 rerum
1004 3872 1257 3939 decernerentur.
1285 3950 1288 3957 ‚
1304 3876 1352 3940 At
1366 3899 1416 3940 ex·

380 3969 449 4021 orto
461 3956 554 4034 bello,
563 3971 713 4024 statuerat
722 3981 765 4024 ex
775 3958 909 4024 foederis
920 3960 1111 4048 praescripto
1122 3960 1284 4025 Romanos
1294 3962 1413 4027 iuvare:

379 4056 505 4129 praeter
522 4043 658 4109 foederis
675 4059 781 4111 autem
803 4045 887 4133 leges
909 4046 989 4111 nihil
1012 4045 1094 4111 ultro
1115 4046 1227 4125 facere,
1243 4070 1349 4135 neque
1364 4050 1415 4115 ob·

410 4209 496 4261 aaa
505 4213 584 4272 aum]
603 4213 634 4261 er.
646 4212 711 4263 rin.
723 4212 884 4273 nunu,
946 4214 962 4262 s
980 4180 1062 4263 raras
1073 4216 1233 4277 ammaon]
1251 4216 1282 4268 cf.
1295 4216 1411 4281 ronna

380 4276 565 4388 Paffilqaidem
582 4278 693 4336 dorm]
721 4277 752 4327 cl.
770 4277 837 4327 Plut.
856 4278 881 4327 in
915 4277 1016 4329 Diodor.
1025 4280 1093 4341 apud
1105 4279 1239 4329 Valerium.
