2934 4800
377 211 473 276 LIB.
496 210 589 277 XLI.
622 211 733 278 CAP.
761 217 812 278 25.
1080 218 1125 278 33

83 353 151 409 ‘aut
163 346 235 409 novi
247 345 393 424 foederls,
409 370 474 433 quo
496 368 555 412 nos
575 361 693 411 temere
712 346 882 434 illigamus,
896 347 1120 414 conscribendi
1128 363 1163 416 U.
1174 366 1205 418 c.
1220 365 1276 430 578·

83 441 144 496 ‘est
157 445 279 497 auctor:
303 433 360 498 sed
380 433 606 498 commercium
628 445 753 498 tantum
774 434 853 498 iuris
873 434 1047 521 praebendi
1068 430 1157 500 re·A
1174 431 1205 482 ⁰·
1222 444 1277 494 ¹74»

81 519 285 605 ‘petendique
304 521 356 598 sit,
371 542 413 585 ne
427 519 652 586 interdictione
673 520 788 584 finium
806 533 985 586 nostrornm
1003 534 1038 586 et
1059 545 1118 588 nos

81 613 218 692 ‘quoque
239 627 341 694 regno
362 629 533 683 arceamus,
555 629 596 670 ne
618 607 716 671 servis
737 607 852 672 nostris
875 607 983 696 aliquo
1007 607 1116 694 firgere

81 691 192 756 ‘liceat
238 691 331 768 Quid
352 694 414 759 hoc
434 693 583 758 adversus
598 692 745 757 Romana
764 693 892 758 foedera
911 695 982 759 est?
1027 695 1117 771 Quid

80 785 158 841 ‘rem
178 801 306 866 parvam
329 794 362 845 et
443 793 524 844 rtam
546 801 578 843 m
661 801 693 843 m
713 794 747 846 et
765 796 943 881 suspectam
959 781 1116 846 facimus?

79 863 182 938 ‘Quid
195 887 293 931 vanos
307 879 377 931 tum
413 879 463 930 tus
477 866 597 931 ciemns
652 864 753 944 Quid,
763 880 802 932 ut
815 868 876 955 rpai
890 868 996 933 locum
1009 890 1116 934 amen·

60 950 177 1014 ¹‘tandi
191 951 348 1018 Romanis
362 953 544 1030 habeamus,
559 967 720 1040 suspectos
737 951 816 1019 ahos
833 968 867 1020 et
887 955 1004 1020 invisos
1017 955 1116 1020 effici-

78 1038 183 1102 ‘mnsi
226 1037 262 1104 Si
283 1039 405 1104 bellum
425 1040 495 1118 erit,
515 1062 557 1105 ne
577 1040 712 1106 Perseus
731 1041 865 1128 quidem
885 1041 1018 1120 dubitat,
1034 1042 1115 1129 quin

78 1122 250 1190 ‘Romanos
269 1127 412 1192 secuttni
433 1127 550 1192 simus:
574 1127 609 1192 in
622 1149 711 1216 pace,
727 1128 851 1193 etiamsi
864 1151 930 1193 non
947 1128 1114 1206 finiuntur,

79 1209 162 1274 ‘odia
186 1211 459 1278 intermittantur?
510 1213 619 1289 Quum
650 1213 749 1278 iidem
778 1214 855 1278 huic
883 1215 1028 1293 orationi,
1057 1215 1115 1316 qui
1124 1223 1196 1273 Nihil
1206 1225 1265 1274 nori

78 1293 166 1360 literis
186 1299 268 1385 regis
291 1301 411 1365 assensi
428 1313 526 1376 erant,
542 1301 778 1377 assentirentur,
793 1300 1013 1388 indignatione
1026 1295 1234 1402 pun-fflut

79 1381 185 1468 cipum,
199 1387 298 1471 quod,
314 1409 412 1472 quam
431 1409 498 1451 rem
520 1409 562 1451 ne
583 1385 744 1474 legatione
763 1386 894 1474 quidem
914 1387 1044 1474 dignam
1065 1388 1116 1452 iu·
1179 1369 1226 1403 ω’

81 1466 202 1535 dicasset
228 1471 377 1550 Perseus,
407 1473 505 1538 literis
533 1495 707 1560 paucorum
735 1495 885 1538 versuum
920 1474 1115 1561 impetraret,

83 1553 229 1622 decretum
246 1559 404 1624 differtur.
450 1559 497 1624 Le
540 1559 565 1623 ti
585 1558 702 1626 deinde
725 1572 837 1647 postea
859 1559 947 1625 missi
967 1561 1009 1625 ab
1028 1583 1115 1648 rege,

84 1661 172 1724 quum
191 1643 388 1733 Megalopoli
409 1645 498 1710 conc'
515 1647 580 1710 'um
603 1659 703 1722 earet3
728 1647 867 1734 dataque
889 1669 985 1734 opera
1005 1660 1055 1712 est
1074 1649 1116 1713 ab

83 1724 125 1803 iis,
138 1729 188 1814 qui
200 1732 412 1798 offensionem
429 1732 516 1820 apud
532 1732 695 1798 Romanos
716 1733 881 1811 timebant,
903 1754 945 1799 ne
967 1734 1117 1800 admitte·

83 1827 187 1880 rentur.

49 1971 51 1980 y
117 1898 175 1965 Per
186 1902 267 1970 haec
283 1919 427 1994 tempora
441 1905 631 1972 Aetolorum
645 1906 680 1970 in
695 1919 797 1972 semet
811 1907 1014 1994 ipsosversus
1027 1907 1116 1974 furor
1171 1906 1223 1968 25.

79 1988 186 2054 mutuis
209 1991 364 2058 caedibus
389 1992 430 2057 ad
455 1993 706 2058 internecionem
731 1992 927 2058 adducturus
948 1991 1267 2067 ,ammissum

113 2087 203 2140 ntem
248 2078 339 2144 Fessi
356 2078 474 2144 deinde
496 2093 529 2144 et
552 2079 689 2144 Romam
709 2092 846 2167 utraque
867 2101 939 2168 pars
960 2057 1265 2146 misemntmm

90 2173 196 2244 egatus,
208 2177 241 2230 et
253 2167 341 2232 inter
354 2188 388 2230 ae
404 2166 464 2252 ipsi
479 2164 519 2230 de
533 2165 768 2232 reconcilianda
780 2167 950 2232 concordia
960 2168 1113 2254 agebantr

61 2265 152 2392 tpuae
165 2271 246 2318 novo
261 2252 402 2318 facinore
417 2251 557 2316 discussa
570 2274 620 2317 rea
631 2267 754 2317 veteres
768 2253 865 2318 etiam
879 2253 941 2319 iras
954 2255 1112 2320 excitavit.

108 2333 240 2404 rsulibus
252 2337 441 2427 Hypataeis,
451 2339 508 2426 qui
521 2337 665 2403 factionis
680 2337 821 2405 Proxeni
835 2354 935 2420 erant,
950 2364 1051 2429 quum
1065 2365 1115 2408 rc·

80 2416 156 2485 ditus
176 2422 209 2489 in
229 2427 368 2514 patriam
384 2426 556 2514 pmmissus
569 2439 661 2503 esset,
676 2425 821 2513 fidesque
836 2427 911 2493 data
926 2451 984 2516 per
998 2428 1116 2515 princi·

80 2524 146 2653 pem
158 2509 292 2579 civitatis
307 2512 531 2601 Eupolemum,
548 2513 709 2600 octoginta
722 2512 860 2579 illustres
874 2514 1029 2592 homines,
1043 2516 1116 2603 qui-

100 2612 133 2655 us
152 2597 358 2665 redeuntibus
385 2600 471 2664 inter
491 2612 629 2665 ceteram
654 2598 894 2665 multitudinem
919 2600 1116 2689 Eupolemus

81 2678 166 2746 etiam
190 2687 303 2752 obvius
329 2687 458 2763 exierat,
483 2706 584 2775 quum
607 2684 795 2751 salutatione
823 2687 864 2753 be
988 2690 1115 2777 excepti

81 2780 182 2847 ssent
197 2771 392 2860 dextraeque
407 2772 512 2851 datae,¹
522 2772 737 2860 ingredientes
751 2786 885 2875 portam,
919 2774 994 2839 dem
1008 2776 1116 2843 datam

80 2848 208 2942 deosque
219 2872 318 2925 testes
329 2860 543 3011 nequictpluam
553 2859 747 2938 invocantes,
757 2860 915 2927 interlecti
924 2875 1008 2927 sunt.
1032 2862 1114 2928 Inde

81 2941 194 3021 navius
213 2946 256 3011 de
276 2947 402 3034 integro
423 2947 463 3011 be
487 2969 543 3010 um
560 2944 686 3011 exarsit.
733 2946 931 3013 C.Valerius
944 2947 1115 3027 Laevinus,

81 3035 110 3086 et
124 3028 180 3115 Ap.
196 3030 352 3097 Claudius
366 3032 514 3111 Pulcher,
533 3044 566 3097 et
583 3032 622 3098 C.
636 3032 821 3112 Memmius,
840 3047 875 3099 et
889 3033 937 3099 M.
949 3034 1115 3123 Popillius,

82 3122 110 3172 et
122 3110 158 3179 L
170 3114 344 3185 Canuleius
359 3119 446 3183 missi
460 3120 500 3184 ab
514 3133 626 3185 senatu
640 3132 802 3186 venerant.
840 3120 941 3208 Apud
952 3144 1006 3187 eos
1015 3144 1115 3210 quum

81 3192 205 3287 Delphis
225 3206 391 3293 utriusque
413 3206 510 3293 partis
531 3203 628 3293 legati
647 3228 764 3295 magno
783 3208 955 3273 certamine
975 3222 1114 3296 agerent,

81 3277 236 3379 1³·roxeuus
259 3293 405 3369 maxime,
421 3314 520 3379 quum
536 3294 639 3371 causa,
655 3307 724 3357 tum
744 3290 936 3381 eloquentia,
958 3307 1115 3382 praestare

81 3388 156 3437 usus
170 3391 234 3455 est3
258 3378 316 3466 qui
370 3401 446 3445 ucos
459 3392 532 3466 post
546 3378 614 3444 dies
628 3380 668 3443 ab
683 3379 864 3445 Orthobula
878 3402 977 3445 uxore
992 3403 1117 3445 veneno

63 3468 124 3519 aest
143 3462 300 3529 sublatus:
350 3478 538 3552 amnataque
565 3488 604 3530 eo
627 3466 769 3543 crimine,
792 3466 827 3528 in
856 3464 1003 3530 exsilium
1029 3466 1115 3531 abiit.

83 3536 164 3611 Idem
184 3550 271 3615 furor
292 3562 325 3615 et
348 3552 516 3617 Cretenses
538 3550 704 3617 lacerabat
749 3550 906 3616 Adventu
929 3550 1046 3616 deinde
1073 3551 1280 3628 chatensium

84 3622 209 3701 Minucii
224 3637 331 3724 legati,
347 3639 403 3724 qui
418 3661 490 3702 cum
506 3638 619 3703 decem
633 3637 766 3703 navibus
782 3638 896 3702 missus
915 3637 957 3702 ad
978 3636 1118 3704 sedanda
1125 3636 1232 3689 nanda

84 3733 185 3809 eorum·
201 3726 375 3796 certamina
393 3737 470 3801 erat,
486 3724 520 3788 in
540 3746 629 3811 spem
647 3724 734 3811 pacis
755 3738 916 3789 venerant.
965 3724 1118 3791 Ceterum
1173 3776 1179 3781 ·

85 3801 213 3875 udutiae
229 3824 353 3877 tautum
368 3834 424 3876 sex
440 3811 597 3877 mensium
609 3810 758 3874 ¹fuerunt:
784 3809 862 3875 inde
878 3810 979 3877 multo
992 3815 1118 3900 gravius

115 4052 124 4085 ¹
140 4045 205 4096 Atta
220 4056 245 4097 et
260 4049 363 4106 inciam]
385 4050 420 4095 Et
436 4062 481 4109 pro
496 4062 526 4096 oc
541 4062 577 4095 re·
610 4046 677 4095 delet
696 4046 802 4095 Orcricr.
822 4061 898 4108 quum
920 4062 951 4095 ex
973 4047 1118 4107 praeceden-

88 4110 213 4159 sonantum
231 4116 331 4160 censent
348 4110 454 4161 Crevier.
471 4115 497 4158 et
515 4112 577 4159 Dra·
610 4111 814 4159 tibtuconoordia
824 4110 1067 4171 facilsintelligamr.

88 4162 150 4217 kanb·
161 4175 273 4235 quoniam
286 4176 371 4224 Livius
386 4175 532 4237 particulam
549 4190 578 4223 oo
643 4188 657 4235 3
674 4178 848 4237 Damnatam
865 4190 893 4223 ω
911 4176 1026 4233 maine]
1052 4173 1118 4221 Peri-

88 4232 175 4285 V⁰0ibus
191 4254 207 4287 a
225 4240 304 4288 vocali
325 4239 498 4302 incipientibus
519 4254 580 4287 nuu—
613 4238 697 4287 ronius
714 4240 832 4288 damma
849 4254 914 4301 quas
935 4238 1058 4311 emendat,
1076 4237 1120 4284 sed

89 4304 152 4349 ‘lum
163 4302 301 4363 praemittit.
320 4305 350 4353 ci.
361 4318 426 4367 supr.
438 4303 522 4351 xxxvi.
536 4314 573 4363 17.
614 4303 699 4352 Livius
709 4317 783 4363 saepe
792 4302 922 4351 relativum
933 4301 1032 4349 omittit.

116 4363 250 4416 ‘Dbcuao
260 4370 312 4427 rer]
330 4367 483 4417 Postremum
495 4380 579 4415 vocem

126 4442 193 4491 VOL.
209 4450 253 4494 Ν.
924 4446 947 4487 D
