2934 4800
380 212 447 273 314
770 204 883 273 ΤΙΤΙ
913 204 1049 272 LIVII

383 338 1269 515 semlerus
1337 360 1371 437 “²-

384 516 503 581 ‘totius
516 513 716 579 sollemnem
731 536 806 579 cum
821 513 995 601 exemplari
1013 516 1104 615 typis
1119 535 1228 602 nuper
1240 512 1320 587 editu,
1329 510 1374 597 qul

384 612 395 643 ‘
405 624 447 667 ex
461 600 703 667 membranaceo
721 597 764 664 ad
783 622 926 687 unguem
939 600 1145 689 descriptum
1163 597 1376 666 omnimodus:

384 698 445 753 ‘eo
458 686 629 752 convenire
645 698 805 763 testamur,
817 686 983 752 laudantes
997 686 1247 775 integerrimam
1257 683 1378 767 fidemqu

384 774 440 839 ‘in
465 773 570 838 lucem
592 772 704 837 datum
729 784 788 850 est,
810 795 913 859 quum
937 795 979 839 ne
1003 774 1137 861 apicem
1162 770 1290 861 quidem
1308 768 1337 833 de
1352 790 1380 830 ss

384 858 556 925 ‘adiecisse
581 857 763 923 noverimus
787 859 1035 924 accuratissimos
1057 861 1163 937 viros,
1190 872 1259 923 tum
1279 852 1382 949 quidni

386 945 649 1033 ‘descripserunt
672 957 741 1009 tum
758 944 816 1031 qui
837 944 957 1033 publici
979 946 1056 1011 iuris
1072 946 1172 1023 fecit,
1189 945 1245 1009 ubi
1266 964 1320 1006 nou
1334 940 1382 1004 te:

385 1032 564 1119 ‘firgientes
589 1031 791 1096 membranae
816 1030 922 1097 literas
946 1031 1146 1110 discernere,
1172 1044 1232 1095 aut
1255 1029 1305 1093 nbi
1322 1046 1383 1090 meu

383 1118 521 1183 ‘desunt
543 1117 640 1181 verba
663 1139 701 1182 ac
725 1140 854 1183 seusus:
888 1140 970 1219 quae
995 1118 1137 1184 lecum
1166 1118 1281 1181 iterata
1301 1128 1383 1200 aptsqr

384 1204 573 1269 ‘distributa
586 1217 778 1291 punctorum
797 1204 878 1269 serie
896 1227 930 1269 m
947 1204 1035 1269 editu
1049 1202 1240 1291 exemplari
1253 1200 1384 1265 indiesuta

384 1291 451 1357 ‘Et
472 1290 547 1355 ideo
568 1310 679 1353 eorum
702 1290 884 1378 improbum
906 1290 1047 1376 quidem,
1071 1292 1135 1356 sed
1164 1288 1279 1355 utilem
1299 1286 1384 1349 labore

383 1374 1009 1549 {ildud‘lllsslll'qlilll‘mdlll
1020 1370 1386 1529 fftllttffilttt

383 1549 531 1620 ‘lationis
551 1548 769 1613 testimouium
790 1548 938 1615 dedimus
959 1548 1021 1614 ΠΙ.
1045 1549 1165 1615 Nonas
1190 1544 1312 1636 Apriles
1329 1544 1384 1607 Am

383 1633 777 1703 ‘CIOIOCCLXXIE

427 1724 491 1788 ⁶1).
505 1722 621 1787 Petrus
631 1720 784 1809 Aloysius
799 1720 935 1786 Galletti
950 1721 1118 1787 Romanus
1135 1720 1274 1789 Ordinis
1288 1714 1384 1782 stes

470 1807 571 1871 ‘dicti
586 1805 853 1894 congregationis
869 1806 1062 1886 casinensis,
1075 1809 1194 1875 Abbss
1214 1806 1246 1872 S.
1259 1796 1384 1899 Maluit

470 1893 592 1993 ‘Fonte
607 1894 690 1971 vivo,
705 1893 740 1958 in
754 1891 954 1960 Bibliotheca
966 1895 1126 1963 Vaticana
1140 1895 1290 1981 Linguae
1299 1888 1383 1953 Imus

427 1992 777 2165 ‘1331sson
800 2066 992 2134 Amadesius
1020 2068 1213 2135 Praefectus
1239 2054 1382 2130 Archiml

470 2152 688 2219 ‘Ravennatss
704 2152 885 2220 Ecclesiae?
