2934 4800
338 107 405 166 240
725 97 1008 166 EPITOMAE

818 393 910 460 LXI.

343 573 384 640 C.
402 568 602 637 SEXTIUS
626 567 806 657 proconsul,
828 570 912 635 victa
939 567 1158 635 Salluviomm
1187 576 1294 654 gente,
1313 561 1365 626 ech

340 659 427 723 niam
444 658 555 744 Aquas
572 654 697 721 Sextias
710 654 866 733 condidit,
881 657 923 721 ob
938 677 1092 756 squamm
1106 653 1250 740 copiam
1263 672 1281 716 e
1293 647 1366 714 calidi

340 744 527 832 frigidisque
552 741 703 819 fontibus,
729 753 826 828 atque
852 764 873 806 a
897 762 1026 807 nomine
1056 764 1112 806 suo
1143 741 1198 804 ita
1224 735 1367 824 appellatas

344 829 406 894 Cn
420 828 582 894 Domitius
600 827 772 928 proconsul
794 827 941 893 adversus
962 826 1159 913 Allobrogas
1183 823 1232 888 ad
1254 845 1273 886 c
1312 821 1318 834 '
1362 905 1366 916 =

342 913 530 979 Vindalium
555 913 690 978 feliciter
717 913 880 1001 pugnavit.
927 913 1056 989 Quibus
1083 911 1219 979 bellum
1250 909 1258 923 ‘

341 1023 437 1066 causa
464 999 534 1077 firit,
560 999 649 1086 quod
678 997 926 1078 Teutomalium,
958 997 1179 1064 Salluviomm
1212 1015 1324 1080 regem,
1341 991 1371 1053 h

341 1087 483 1174 gientem
514 1085 716 1172 recepissent,
747 1095 781 1150 et
814 1085 901 1150 omni
934 1107 995 1173 ope
1027 1084 1216 1158 iuvissent3
1254 1077 1369 1166 quodque

346 1172 536 1238 Aeduorum
567 1193 668 1258 agros,
698 1171 856 1236 sociorum
888 1170 998 1260 populi
1028 1169 1187 1246 Romani,
1221 1177 1370 1230 musea

345 1257 386 1324 C.
404 1257 578 1334 Gracchus,
602 1256 752 1356 seditioso
777 1257 939 1358 tribunatu
963 1269 1045 1335 acto,
1068 1277 1176 1342 quum
1204 1249 1369 1353 Arentinm

344 1367 482 1507 susti
496 1341 943 1494 stultusne
980 1339 1371 1524 „tunsus

345 1517 468 1582 occisus
489 1527 558 1592 est;
581 1528 615 1579 et
635 1535 709 1579 cum
731 1536 772 1580 eo
791 1513 922 1580 Fulvius
942 1513 1074 1580 Flaccus
1092 1511 1286 1585 consularis,
1299 1523 1371 1571 mn

346 1601 490 1666 eiusdem
504 1600 626 1665 fruoris.
665 1598 707 1676 Q,
719 1599 836 1666 Fabius
849 1597 1013 1666 Maximus
1026 1598 1147 1676 consul,
1166 1595 1282 1664 Paulli
1294 1611 1370 1678 nepa

344 1687 494 1750 adversus
523 1685 713 1772 Allobrogas
749 1697 783 1751 et
819 1685 989 1765 Bituitum,
1021 1685 1252 1750 Arvernorum
1282 1695 1369 1765 regent

343 1770 479 1838 feliciter
500 1771 662 1859 pugnavit.
721 1771 774 1837 Ex
796 1771 912 1837 Bituiti
934 1773 1078 1838 exercitu
1100 1793 1198 1836 caesa
1222 1765 1318 1833 millis
1334 1761 1369 1824 hu

344 1857 469 1923 minum
497 1869 627 1923 centum
678 1857 779 1922 ''ti
825 1856 909 1946 Ipse,
959 1880 1036 1924 num
1065 1857 1108 1924 ad
1136 1847 1367 1922 satisficiendffl

344 1943 469 2010 senatui
483 1943 620 2009 Romam
634 1966 692 2030 pro
704 1958 794 2010 ectus
811 1957 902 2022 esset,
918 1882 1037 2010 Albam
1054 1940 1291 2008 custodiendus
1305 1936 1368 2034 dat}

344 2041 403 2106 est,
418 2029 495 2116 quia
515 2042 627 2095 contra
647 2052 759 2116 pacem
779 2030 955 2109 videbatur,
976 2041 1014 2095 nt
1034 2029 1070 2094 in
1092 2027 1239 2094 Galliam
1259 2031 1366 2119 remit&

344 2126 440 2180 retur.
486 2114 661 2180 Decretum
675 2137 806 2203 quoque
824 2130 881 2194 est,
898 2131 934 2181 ut
950 2113 1001 2182 Co
1065 2116 1197 2192 ntiatus,
1214 2111 1297 2177 filim
1312 2125 1365 2200 ur}

344 2200 591 2288 comprehensus
621 2200 759 2266 Romam
788 2202 975 2268 mitteretur.
1002 2138 1120 2267 ιἫῖἱοῑι
1245 2199 1279 2262 in
1304 2189 1366 2257 ΜΡ

345 2287 465 2352 tionem
489 2287 621 2374 accepti.
666 2286 705 2353 L,
720 2286 879 2374 Opimius,
900 2300 1065 2354 accusatus
1088 2310 1152 2388 spu
1199 2280 1364 2374 populuffl²

348 2371 389 2450 Q
401 2371 504 2440 Decio
516 2371 764 2461 tribunoplebis,
777 2373 866 2462 quod
879 2373 1082 2442 indemnatos
1093 2395 1180 2439 erres
1191 2373 1229 2438 in
1240 2381 1364 2436 camtffl

345 2461 540 2540 coniecisset,
555 2458 717 2527 absolutus
730 2472 787 2526 est.

814 2708 923 2775 LXII.

350 2878 392 2955 Q„
405 2876 625 2944 MARCIUS
644 2879 755 2944 consul
779 2878 924 2957 Stoenos,
942 2893 1072 2967 gentem
1088 2880 1254 2969 Alpinam,
1271 2890 1361 2972 exput-

348 2964 445 3029 navit.
491 2962 638 3052 Micipsa,
655 2964 871 3031 Numidarum
890 2986 957 3044 rex,
973 2980 1117 3031 mortuus
1138 2986 1273 3053 ιιιςιιιιιιι
1292 2958 1363 3051 tub}-t

347 3050 421 3116 filiis
443 3050 582 3138 reliquit,
601 3050 788 3130 Adherbali,
814 3050 1003 3139 Hiempsali,
1026 3065 1060 3118 et
1084 3050 1269 3141 Iugur-mne,
1288 3046 1361 3111 usn

346 3136 423 3214 filio,
441 3159 538 3238 quem
558 3136 771 3226 adoptaverat
817 3137 856 3202 L.
873 3137 1034 3203 Caecilius
1057 3137 1213 3204 Metellus
1233 3133 1362 3203 Dalmata

346 3222 481 3311 subegit.
527 3221 546 3286 I
700 3222 919 3311 Hiempsalem
932 3223 1062 3290 fratrem
1078 3224 1163 3290 bello
1180 3224 1281 3312 petiit,
1293 3228 1360 3304 quen

346 3308 467 3374 rictum
491 3309 560 3375 ccci
585 3309 628 3374 'ts
659 3308 876 3375 Adherbalem
899 3332 999 3398 regno
1021 3330 1063 3376 ex
1086 3310 1165 3376 ulit:
1196 3311 1224 3376 is
1246 3312 1361 3375 eremit

346 3396 509 3461 restitutus
529 3410 587 3461 est.
632 3394 671 3460 L.
686 3394 846 3461 Caecilius
866 3394 1029 3475 Metellus,
1083 3419 1114 3461 ιι.
1127 3386 1359 3463 nominante

346 3482 515 3560 nobsrbus,
545 3503 701 3559 censores,
731 3481 813 3547 duos
845 3495 880 3547 et
914 3482 1043 3570 triginta
1071 3496 1185 3549 senatu
1218 3483 1359 3549 moverunt

347 3565 518 3633 Praeterea
532 3581 637 3634 motus
653 3565 763 3655 Syriae
778 3590 890 3655 regum
905 3568 1057 3633 continet.
1395 3572 1399 3619 l

808 3831 935 3898 nxm
1394 3651 1401 3901 l

349 3973 717 4075 chromacius
752 4011 864 4077 comui
899 4014 933 4078 sn
965 4011 1104 4079 Tusca
1133 4012 1217 4079 mue
1249 4012 1358 4077 asverus

349 4088 530 4158 Scordiscos
542 4096 705 4181 pugnavit
753 4097 906 4165 Lustrum
921 4122 941 4163 a
954 4100 1137 4165 censoribus
1154 4099 1312 4165 eonditum
1323 4098 1357 4153 etl

349 4176 457 4243 Censa
484 4192 560 4242 sunt
587 4181 705 4247 civium
734 4186 840 4271 capite
872 4198 1015 4252 trecenta
1043 4186 1219 4275 nonaginta
1249 4190 1357 4275 quattuor

1392 4445 1401 4711 l
