2934 4800
333 180 373 240 38
507 189 509 197 “
713 170 826 240 ΤΙΤΙ
857 167 993 236 LIVII

173 332 255 383 tte.
272 333 326 394 578·
335 322 430 374 torest
444 309 598 376 clerorum
614 309 780 374 nominum
795 307 963 374 heredibus
977 319 1145 394 suppetere
1159 330 1247 395 opes,
1257 305 1381 392 quibus

174 398 211 446 Α·
228 399 258 448 0·
276 411 327 459 ι74·
336 395 536 483 splendorem
551 397 684 482 generis,
697 419 779 460 onus
790 395 910 482 alioqui
924 394 1034 481 magis,
1045 417 1142 482 quam
1155 395 1263 472 decus,
1278 393 1382 456 tutari

336 496 370 547 et
398 505 550 548 exemere
579 483 706 568 possint.
754 481 881 548 Deinde
908 483 1013 559 etiam,
1037 504 1137 568 quum
1161 479 1382 546 crescentibus

337 569 401 634 iam
419 569 543 656 imperii
562 569 675 655 opibus
688 585 865 635 crescerent
885 569 1077 656 privatorum
1092 591 1220 656 quoque
1234 567 1382 641 divitiae,

338 669 440 720 metus
453 669 531 733 erat,
547 678 587 720 ne
602 656 730 742 pronior
747 670 860 720 natura
873 655 908 718 in
921 655 1033 718 luxum
1047 673 1080 720 et
1093 654 1295 743 elegantioris
1309 650 1382 716 cul·

338 758 388 808 tus
413 743 644 808 affectationem
670 742 831 808 muliebris
856 742 989 818 animus,
1012 757 1124 808 nactus
1147 763 1188 807 ex
1213 739 1384 804 affluentia

338 851 434 916 opum
449 829 629 916 cupiditatis
650 829 855 907 irritamenta,
870 829 1061 915 insumptus
1080 827 1267 894 immodicos
1280 840 1383 913 atque

338 916 372 978 in
387 915 544 982 luxuriam
558 915 783 1002 prolaberetur,
793 939 830 980 ec
840 916 956 981 deinde
971 938 990 980 a
1003 916 1105 1003 prisea
1117 917 1246 982 fortasse
1260 914 1384 979 sancti·

340 1016 404 1068 tate
426 1002 621 1079 descisceret,
651 1024 712 1066 neo
736 1003 841 1067 minor
864 1002 954 1066 fieret
979 1025 1112 1080 morum,
1139 1023 1236 1090 quam
1259 1000 1381 1076 cultus,

340 1089 481 1156 mutatio.
526 1087 587 1154 His
607 1088 818 1154 incommodis
835 1089 960 1154 obviam
973 1090 1020 1154 irc
1033 1090 1143 1155 statuit
1158 1089 1200 1163 Q
1212 1087 1383 1152 Voconius

342 1175 433 1254 Saxa,
450 1176 595 1241 tribunus
608 1175 718 1263 plebis,
734 1175 870 1326 tulitpue
884 1175 925 1240 sd
939 1176 1111 1264 populum:
1135 1174 1207 1240 ‘Ne
1221 1175 1306 1261 quis,
1320 1174 1382 1260 qui
1390 1205 1403 1252 3

341 1263 495 1414 ιΕοεῑΑ.
511 1261 720 1341 Postumium,
747 1260 788 1337 0„
833 1263 953 1328 ulvium
977 1286 1122 1329 censores
1146 1285 1259 1327 census
1284 1276 1382 1338 esset,

341 1360 349 1388 ‘
384 1349 511 1415 eredem
525 1349 689 1502 virginem,
705 1372 785 1414 neve
807 1349 972 1415 mulierem
990 1350 1124 1415 faceretz
1148 1372 1228 1414 neve
1242 1347 1302 1413 ulli
1316 1349 1383 1413 vir·
1441 1388 1444 1479 p

341 1437 438 1524 ‘gini‚
453 1436 505 1501 vel
525 1460 579 1502 mu
592 1437 658 1514 ‘eri,
673 1438 758 1502 bone
771 1437 956 1524 cuiusquam
978 1437 1088 1502 liceret
1109 1436 1286 1501 hereditate
1349 1458 1382 1499 r·

341 1525 466 1611 ‘cipere
482 1524 564 1589 ultra
577 1538 705 1588 centum
722 1523 1030 1588 milliasestertium?
1075 1522 1139 1588 Sed
1152 1537 1301 1588 etceven
1324 1545 1382 1586 um
1443 1498 1445 1585 l

337 1634 468 1697 quoque
482 1610 576 1675 duxit
589 1610 762 1686 Voconius,
774 1632 815 1674 ne
925 1609 1047 1675 itudine
1062 1610 1237 1698 legatorum
1251 1609 1382 1674 heredi-
1444 1608 1446 1665 l

341 1712 430 1774 tates,
446 1697 533 1783 quod
547 1697 642 1761 fiebat
657 1697 828 1774 interdum,
843 1720 883 1760 ex
925 1698 1092 1761 unirentur.
1137 1696 1269 1761 Adiecit
1281 1696 1383 1783 igitur
1445 1716 1446 1777 ζ

340 1783 513 1869 rogationi:
540 1782 614 1846 ‘Ne
629 1783 700 1868 quis
714 1782 786 1882 plns
800 1783 949 1869 cuiquam
963 1783 1091 1934 legeret,
1106 1805 1202 1869 quarn
1222 1782 1265 1847 ad
1286 1783 1383 1848 here·
1446 1826 1447 1887 p

342 1868 436 1934 ‘dem
450 1868 621 1934 heredesve
636 1870 834 1956 perveniret!
879 1871 988 1955 Atque
1026 1893 1064 1934 oc
1078 1869 1208 1956 quidem
1222 1870 1382 1957 posterius

338 1957 419 2108 legies
432 1970 528 2044 capnt
541 1954 632 2020 facile
647 1979 680 2020 sc
695 1955 814 2043 populo
827 1957 990 2043 probabat,
1005 1957 1093 2043 quod
1106 1969 1140 2020 et
1152 1957 1382 2107 aeffiuissirnum
1447 1936 1449 2013 l

340 2045 370 2107 vi
413 2058 580 2120 retur,nec
594 2043 743 2130 cuiquam
758 2065 947 2130 magnopere
960 2066 1055 2130 grave
1070 2060 1161 2108 esset
1229 2045 1381 2131 epriore‚
1448 2044 1450 2105 l

340 2153 405 2216 quo
426 2130 668 2194 removebantur
680 2129 817 2194 feminae
832 2130 871 2194 ab
886 2131 1029 2194 omnium
1044 2129 1175 2194 omnino
1188 2130 1308 2194 civium
1323 2131 1383 2195 he·
1449 2154 1450 2201 l

339 2216 533 2293 reditatibus
556 2215 781 2316 ambigebatur.
827 2215 1068 2281 Dubitationem
1087 2216 1207 2280 exemit
1220 2215 1269 2281 M.
1284 2215 1380 2294 Cato,
1450 2264 1451 2311 r

340 2303 508 2368 acerrimus
530 2303 593 2366 iam
615 2301 690 2366 olrm
712 2302 747 2365 in
768 2301 969 2368 defendenda
989 2303 1059 2390 lege
1081 2302 1189 2390 Oppia
1209 2303 1382 2368 mulierum

268 2462 270 2475 Ι
340 2391 533 2456 adversarius
554 2403 587 2455 et
609 2389 782 2476 castigator,
798 2390 855 2477 qui
874 2403 908 2455 et
928 2389 1011 2455 hanc
1024 2413 1153 2478 quoque
1171 2390 1298 2455 maioris
1311 2414 1383 2456 mo-
1451 2374 1452 2442 l

341 2479 439 2543 menti
457 2477 604 2543 adversus
623 2475 691 2540 illas
709 2476 822 2563 legem,
843 2500 942 2541 annos
963 2491 1057 2542 natus
1071 2477 1214 2564 quinque
1235 2490 1270 2542 et
1289 2501 1383 2544 sexa·

340 2566 436 2652 ginta,
450 2588 563 2651 magna
575 2586 651 2628 voce
663 2578 696 2627 ct
706 2564 798 2628 bonis
812 2563 960 2628 lateribus
973 2563 1078 2642 suasit,
1090 2586 1147 2650 pro
1159 2564 1250 2629 solita
1262 2566 1383 2652 asperi·

341 2666 404 2715 tate
426 2653 461 2713 in
483 2651 667 2715 muliebrem
690 2650 833 2714 invectus
854 2650 1083 2737 impotentiam,
1101 2650 1382 2737 intolerandosque

340 2738 374 2800 in
392 2736 553 2823 opulentia
570 2760 584 2799 s
606 2736 712 2801 iritus:
740 2759 839 2823 quum
854 2736 928 2802 hinc
943 2759 1070 2824 quoqne
1086 2752 1231 2824 argueret
1244 2737 1383 2803 divitum

338 2839 553 2889 matronarum
579 2760 692 2887 listnm
717 2840 751 2887 et
775 2824 993 2909 arrogantiam,
1022 2824 1130 2909 ‘quod
1157 2823 1239 2901 illae,
1266 2847 1385 2911 magna

341 2919 452 2997 ‘saepe
464 2910 537 2974 dote
553 2909 664 2974 marito
676 2909 778 2986 allata,
789 2932 935 2995 magnam
946 2910 1006 2973 sibi
1020 2910 1188 2997 pecuniam
1202 2911 1384 2997 reciperent

341 3006 395 3061 ‘ac
418 2997 600 3075 retinerent,
624 3018 758 3083 eamque
781 2997 948 3083 pecuniam
967 2997 1014 3060 ita
1035 3012 1145 3083 postca
1162 2997 1230 3061 viro
1255 2998 1385 3084 roganti

341 3096 501 3149 ‘mutuam
523 3082 644 3159 darent,
666 3098 711 3160 ut,
732 3082 857 3169 quoties
875 3083 974 3147 iratae
995 3096 1109 3160 essent,
1130 3083 1236 3147 statim
1254 3106 1312 3170 per
1331 3108 1384 3149 rc·

341 3180 395 3235 ‘ce
419 3170 523 3234 titium
549 3192 673 3234 servum
699 3183 933 3233 consectantem
959 3183 993 3233 ct
1015 3170 1158 3255 quotidie
1183 3170 1382 3256 flagitantem

340 3266 350 3295 ‘
359 3194 557 3334 milidonem,
574 3256 731 3330 meritum,
748 3268 898 3342 tanquam
913 3254 1089 3319 debitorem
1107 3270 1304 3334 extraneum,
1320 3257 1384 3321 im-

311 3410 314 3423 ,
341 3354 492 3431 ‘portuno
507 3342 677 3427 cogerent?
720 3340 792 3405 Hac
807 3342 1025 3430 indignatione
1039 3343 1189 3408 commoti
1204 3342 1319 3430 legem,
1332 3344 1383 3409 uti

337 3430 466 3517 rogabat
482 3428 653 3505 Voconius,
669 3428 886 3515 accipiendam
900 3442 1099 3493 censuerunt
1118 3489 1128 3504 ‚

370 3647 383 3691 3
403 3634 579 3694 Nequinqui]
599 3632 692 3681 cf.Cic.
705 3632 729 3679 in
744 3632 839 3681 Verri.
872 3632 916 3680 des
936 3633 1007 3682 Rom.
1028 3634 1129 3682 Rechts
1149 3636 1172 3692 ἓ.
1195 3632 1245 3698 169.
1272 3636 1381 3687 lleinec.

339 3710 376 3755 ⁴²·
394 3696 451 3745 Dio.
467 3696 533 3746 Cass.
551 3696 591 3746 lvi.
610 3710 644 3759 ¹3·
667 3696 732 3757 Hug.
750 3696 839 3745 Geseh.
873 3698 999 3759 Syntagm.
1010 3698 1069 3747 Ant.
1082 3698 1191 3748 Itomii.
1206 3714 1241 3759 ¹4·
1254 3705 1279 3747 et
1291 3714 1331 3750 ro.
