2934 4800
347 224 388 285 36
730 216 841 283 ΤΙΤΙ
872 215 1009 282 LIVII

194 367 229 418 u.
240 367 270 417 c.
286 367 340 429 578.
350 369 399 420 tra
420 367 544 441 portem
559 353 777 441 Trigeminam
790 354 968 441 emporium
981 351 1088 439 lapide
1101 362 1289 428 streverunt,
1303 350 1391 437 stipi·

195 433 225 483 Α*
242 431 273 482 ⁰·
290 442 343 493 ¹⁷4·
352 442 499 526 tibusque
526 456 726 528 saepserunt3
756 453 791 506 et
813 441 970 528 porticum
993 438 1166 504 Aemiliam
1189 437 1392 502 reficiendam
1447 500 1448 529 .

352 541 518 592 euramut:
598 528 755 615 dibusque
780 549 943 592 mcensum
967 527 1007 592 ab
1027 525 1138 592 Tiberi
1158 524 1193 588 in
1214 524 1392 610 emporium

353 614 503 680 fecerunt.
580 627 704 680 tertre
724 613 858 680 eandem
880 613 1059 700 partemin
1074 612 1272 676 Aventinum
1294 611 1393 696 porti·

353 723 426 766 cum
448 700 534 766 silice
556 691 743 778 emeremni,
758 713 791 766 et
804 723 844 766 eo
857 699 986 787 publico
1007 700 1046 764 ab
1066 699 1145 763 aede
1160 697 1296 762 Veneris
1309 697 1408 760 fece-1

353 799 436 852 runt.
482 785 584 852 Iidem
602 787 744 852 Calatiae
758 802 792 851 et
806 787 942 854 Auximi
963 809 1069 850 muros
1090 784 1250 850 faciendos
1270 783 1393 848 locare-

353 887 445 938 runt:
469 873 668 960 venditisque
683 875 727 939 ibi
742 873 973 960 publicislocis,
1026 872 1163 948 cuniam,
1172 894 1255 957 quae
1266 869 1393 934 redacta

353 971 431 1036 erat,
456 960 592 1024 tabernis
618 961 745 1046 utrique
769 961 837 1024 foro
861 896 1094 1026 circumddudis
1118 980 1248 1024 consum
1308 973 1391 1020 nme

355 1045 399 1110 Et
415 1045 494 1110 alter
514 1069 555 1109 ex
577 1047 616 1112 iis
630 1047 761 1112 Fulvius
775 1046 905 1112 Flaccus
919 1047 1007 1134 (nam
1023 1045 1203 1110 Postumius
1225 1066 1260 1106 nr
1284 1042 1393 1118 iluisi

353 1145 480 1198 senatus
496 1132 633 1198 Romani
691 1133 797 1220 pulive
812 1134 908 1210 iussu,
924 1156 957 1198 se
979 1132 1155 1198 locaturum
1175 1131 1317 1217 ipsorum
1338 1151 1410 1215 pe·²

353 1220 449 1284 cunia
463 1219 496 1304 ⁸)
511 1217 594 1284 Iovis
608 1157 720 1284 radim
735 1219 868 1296 Pisauri,
883 1234 916 1283 et
931 1218 1060 1295 Fundis,
1071 1233 1105 1282 et
1115 1217 1282 1282 Potentiae
1296 1215 1410 1282 etiams

353 1327 468 1405 aquam
490 1305 720 1383 adducendam,
736 1319 770 1370 et
784 1305 906 1371 Pisauri
919 1307 1003 1372 viam
1022 1304 1110 1370 silice
1130 1302 1344 1378 sternendam,
1362 1315 1412 1365 etr
1448 1326 1449 1341 ι

356 1391 534 1458 Smuessam
557 1416 577 1458 a
597 1416 638 1480 ga
652 1393 669 1427 ⁸
684 1394 828 1469 aviariae.
873 1391 914 1457 Iu
936 1392 986 1456 his
1007 1406 1041 1456 et
1059 1390 1192 1456 elo*um
1213 1388 1394 1454 circumdu-

353 1477 459 1544 cend'
474 1492 507 1544 et
520 1479 622 1544 forum
646 1481 817 1567 porticibus
839 1479 1041 1565 tabernisque
1057 1476 1279 1552 claudendum,
1294 1488 1329 1540 et
1345 1473 1410 1540 Ia-5

352 1587 411 1630 nos
434 1577 497 1630 tres
519 1566 688 1632 faciendos
739 1565 833 1632 Haec
855 1566 895 1632 ab
918 1589 983 1630 uno
1007 1585 1136 1630 censore
1161 1585 1257 1650 opera
1281 1562 1392 1636 locata,

352 1673 426 1716 eum
448 1673 563 1737 magna
583 1653 683 1738 gratie
703 1652 895 1717 colonorum.
941 1651 1087 1717 Moribus
1101 1673 1229 1800 quppue
1245 1647 1392 1736 regendis

352 1736 488 1886 dispens
502 1750 536 1802 et
549 1760 658 1804 severa
670 1761 804 1804 censura
816 1738 886 1802 iirit.
931 1737 1045 1804 Multis
1058 1737 1134 1823 equi
1189 1735 1298 1822 empti.

283 1881 293 1898 ,
427 1823 497 1886 situ
522 1845 621 1910 prope
645 1825 720 1888 anni
744 1825 830 1890 diem
855 1847 956 1889 unum
980 1823 1168 1924 supplicatio
1190 1823 1252 1887 fuit
1276 1822 1319 1886 ob
1345 1843 1392 1886 res

352 1930 500 1996 prospere
515 1923 618 2009 gestas
633 1910 666 1974 in
682 1909 726 1974 H'
785 1911 839 1976 nia
852 1910 950 2000 ductu
966 1910 1170 1997 auspicioque
1186 1910 1250 1995 Ap.
1262 1907 1393 1973 Claudii

352 1995 563 2082 proconsulis:
590 2011 624 2060 et
641 1933 810 2062 maiddlbflus
830 1997 940 2061 hostiis
953 1997 1066 2097 viginti
1086 1995 1314 2080 sacrificatum.
1351 1993 1392 2057 Et
1449 2016 1450 2085 ι

352 2081 485 2146 alterum
508 2082 592 2146 diem
615 2083 803 2184 supplicatio
826 2083 867 2148 ad
892 2082 1028 2160 Cereris,
1051 2082 1170 2158 Liberi,
1192 2081 1410 2168 Liberaequet

351 2167 421 2245 fuit,
437 2168 524 2256 quod
538 2193 579 2234 ex
596 2169 721 2236 Sabmis
737 2185 837 2236 terrae
852 2183 956 2234 motus
969 2169 1082 2256 ingens
1096 2191 1169 2234 cum
1184 2167 1293 2232 multis
1306 2167 1392 2232 aedi·

351 2255 496 2319 liciorum
520 2257 620 2320 ruinis
645 2258 809 2322 nuntiatus
832 2269 908 2321 erat.
957 2256 1068 2330 Quum
1091 2255 1154 2344 Ap
1173 2253 1329 2319 Claudius
1353 2275 1391 2318 cx

352 2339 510 2429 Hispania
524 2341 661 2409 Romam
682 2343 835 2422 rediisset,
850 2343 991 2408 decrevit
1012 2355 1148 2419 senatus,
1167 2355 1203 2408 ut
1222 2362 1319 2405 ovans
1342 2363 1392 2406 ur·

350 2429 423 2493 bem
445 2429 548 2494 iniret
594 2428 662 2495 Iam
684 2430 860 2497 consularia
882 2430 1010 2495 comitia
1031 2452 1073 2516 ap
1115 2429 1241 2504 tebent3
1266 2428 1391 2515 quibos,

350 2536 465 2603 magna
490 2518 694 2581 contentione
720 2517 835 2581 habitis
863 2531 993 2603 propter
1017 2539 1050 2579 m
1085 2515 1255 2580 titudinem
1279 2529 1391 2602 peten-

351 2602 440 2679 tium,
456 2604 553 2667 ereati
568 2604 607 2667 L.
618 2603 800 2668 Postumius
816 2602 953 2667 Albinus
975 2616 1008 2668 et
1027 2601 1076 2667 M.
1090 2601 1244 2688 Popillius
1258 2601 1389 2667 Laenas

350 2686 515 2753 Praetores
538 2690 613 2753 inde
636 2690 720 2766 facti,
746 2689 790 2753 N.
806 2688 922 2754 Fabius
946 2687 1060 2766 Buteo,
1088 2687 1136 2752 M.
1153 2686 1327 2765 Matienus,
1353 2686 1409 2752 CA

352 2774 524 2853 Cicereius,
540 2774 588 2839 M.
600 2775 713 2840 Furius
729 2774 892 2863 Crassipes
906 2776 1032 2853 iterum,
1048 2775 1090 2839 A
1106 2773 1223 2839 Atilius
1239 2773 1392 2839 Serranus
1450 2839 1451 2870 ,

350 3014 406 3077 pide
418 3014 485 3065 silice
495 3016 632 3065 sternenda.
667 3016 743 3063 Porro
753 3032 853 3065 maea-
918 3018 985 3077 4Ει
1003 3019 1156 3077 Sinuessam]
1182 3018 1307 3067 Emendat
1326 3020 1391 3069 Mar·

350 3084 409 3139 tum,
423 3081 474 3127 sivo
489 3081 636 3139 mutatam,
650 3080 697 3128 hec
713 3080 779 3127 enim
795 3096 854 3141 quo-
886 3080 965 3129 cellus
980 3080 1101 3141 Donatus,
1114 3091 1138 3132 et
1150 3084 1389 3145 &assumptorem

349 3145 488 3203 quemodo
504 3144 624 3203 scribitur,
637 3150 681 3202 est,
695 3150 758 3191 teste
771 3144 853 3200 Festo,
886 3144 983 3205 supple,
1011 3144 1074 3193 riam
1101 3148 1263 3195 demendam.
1303 3147 1336 3197 In
1363 3148 1391 3197 iis

350 3208 419 3255 loeus
429 3208 454 3255 in
463 3223 512 3270 quo
521 3215 620 3256 retemtas
630 3209 715 3257 talen·
723 3208 854 3266 solet,siva
885 3222 948 3269 quae
965 3216 1099 3270 sequuntur
1115 3212 1246 3271 legendum
1262 3216 1336 3273 putat
1356 3212 1390 3261 si-

349 3272 439 3333 potius,
456 3274 483 3319 tn
502 3288 548 3335 quo
568 3273 675 3321 roboant
695 3274 854 3333 memoratae
884 3272 1278 3335 gommetelaaeaniastueium
1287 3278 1390 3325 &aare

348 3336 471 3385 senuaar
487 3352 542 3385 eam
559 3337 693 3385 amedeus
711 3338 851 3385 aetem
884 3337 1025 3387 ducendam.
1042 3338 1123 3388 Cast.

349 3399 458 3457 Curiam,
467 3401 498 3447 de
509 3416 558 3461 qua
569 3400 609 3447 hic
619 3400 706 3461 agitur,
713 3399 778 3448 idem
788 3400 854 3461 Rye
918 3411 932 3459 5
947 3403 1022 3449 Ianos
1037 3404 1099 3461 tres]
1118 3402 1156 3451 Hi
1168 3402 1223 3451 leui
1234 3408 1305 3451 erant
1315 3410 1390 3452 trans

348 3464 420 3524 quius
438 3464 562 3513 existimat
579 3464 651 3512 sitisse
671 3463 763 3511 curiam
781 3464 853 3513 Cala-
885 3462 972 3513 itiones
987 3466 1093 3527 persiae.
1112 3468 1143 3516 ef.
1154 3482 1219 3529 supr.
1230 3466 1257 3516 ii.
1271 3482 1311 3540 49.
1344 3470 1390 3519 Ge

347 3528 424 3587 brem,
443 3530 474 3577 de
492 3544 542 3590 qua
559 3528 608 3579 vid.
626 3528 736 3577 Macrob.
755 3528 852 3577 Statum.
884 3533 963 3577 tarum
984 3530 1059 3577 Ianos
1076 3546 1210 3590 summum,
1227 3532 1347 3589 madium,
1366 3538 1391 3580 et

347 3592 414 3652 i.15.
431 3593 512 3642 Cuav.
884 3591 997 3641 infimum
1024 3593 1064 3641 hic
1088 3594 1200 3657 intelligi,
1221 3594 1264 3657 qui
1287 3595 1314 3645 in
1337 3596 1391 3645 fere

383 3670 392 3703 1
412 3658 447 3704 Ει
460 3674 487 3705 eo
501 3659 599 3719 publiea
615 3658 646 3705 ab
661 3658 720 3706 aede
736 3658 849 3716 Venerit]
883 3658 1390 3719 erantRomauoadbaailieamAemilism,

347 3718 490 3780 Suspicatur
501 3720 639 3769 Gronovius
650 3728 674 3771 et
685 3722 809 3769 mellicam
818 3722 852 3768 ad
882 3725 911 3767 ιιι
925 3721 1008 3769 scribit
1023 3722 1143 3785 Porphyr.
1154 3724 1187 3771 ad
1203 3723 1265 3773 Hor.
1277 3724 1354 3786 Epi.
1370 3740 1389 3772 ι.

346 3784 429 3832 ααάεηι
446 3785 552 3833 Verteris.
567 3786 648 3835 Cast.
883 3796 921 3843 54.
942 3784 1047 3833 Ursinus
1064 3786 1156 3849 aliique
1177 3794 1286 3838 esmant.
1317 3789 1389 3838 Oete·

380 3850 518 3909 almorum
526 3851 633 3910 pecunia
645 3849 671 3908 “]
692 3848 802 3897 Verbum
813 3850 849 3896 dr·-
881 3862 936 3895 rum
955 3848 1173 3900 Drakenborchina
1195 3866 1245 3899 non
1267 3853 1300 3901 (le
1321 3852 1390 3901 lanis

346 3912 414 3960 cetat
424 3912 471 3959 boe
483 3912 537 3959 loco
547 3912 671 3959 adiectum
681 3918 717 3960 est
728 3928 760 3961 ex
770 3918 853 3961 mente
886 3912 991 3972 Romae,
1000 3914 1043 3961 sed
1053 3912 1080 3962 in
1089 3915 1174 3976 aliqua
1187 3915 1293 3975 colonia,
1308 3932 1341 3965 sc.
1352 3916 1389 3965 Si-

346 3976 447 4036 sigonii,
457 3991 532 4037 quem
543 3982 640 4023 secutus
650 3982 687 4023 est
695 3976 839 4025 Crevierius.
884 3991 994 4037 nemeae,
1004 3979 1135 4027 exstructis
1148 3995 1180 4027 ex
1194 3979 1274 4028 verbis
1287 3995 1389 4041 sequen-

378 4054 392 4100 3
410 4043 445 4087 Et
460 4042 597 4098 Poteratne,
613 4042 686 4088 ettam
704 4056 795 4103 aquam
809 4042 851 4088 ad-
884 4039 949 4089 tibus
966 4058 1023 4089 ruta
1040 4058 1131 4104 moena
1145 4046 1231 4105 aratia
1250 4046 1388 4093 caleamus·

345 4104 492 4161 eruendam]
521 4103 569 4157 Vel
589 4103 642 4164 lege
660 4111 685 4151 at
701 4106 850 4153 Pollentiam
882 4104 1041 4154 hunclocum
1051 4107 1232 4169 interpretatur.

344 4182 434 4227 equam
461 4168 644 4216 addaeerrdam:
673 4168 716 4215 vel
737 4166 763 4216 in
791 4183 851 4215 voce
913 4166 987 4217 aad
1001 4170 1105 4230 Cereris,
1117 4173 1210 4230 Liberi,
1222 4174 1386 4236 Liberaeque]

344 4230 417 4278 etiam
429 4230 515 4279 latebit
529 4246 617 4279 nomen
632 4230 736 4279 alieuius
749 4230 849 4279 alterius
881 4232 911 4281 cf.
924 4232 995 4293 Supr.
1006 4233 1040 4281 iii.
1053 4247 1091 4295 55.

344 4293 419 4352 urbis,
435 4295 461 4342 in
480 4310 553 4355 quam
574 4288 676 4343 Fulvius
694 4310 785 4357 aquam
805 4296 848 4343 du·
914 4299 978 4355 7N.
995 4300 1100 4357 Fabius]
1129 4314 1162 4347 se.
1186 4299 1320 4349 Numerius
1340 4300 1388 4351 Fa-

344 4358 446 4407 cemlum
457 4358 579 4408 locaverit.
596 4360 676 4409 enar.
881 4360 941 4408 bius
