2934 4800
447 218 771 289 unnussrou.
967 194 973 200 ’
1081 222 1146 288 407

60 380 160 447 inde
187 405 209 447 a
228 380 374 469 principe
398 382 464 447 sive
480 382 628 447 Romana
646 404 673 447 a
693 384 787 447 1469.
803 402 906 469 usque
925 380 967 447 ad
982 379 1146 447 Basileen-

62 506 149 549 sem
179 484 250 549 sive
268 482 500 549 Frobeniauam
522 488 661 549 a1635.
683 506 702 549 a
724 482 989 550 Dmtenborchio
1011 483 1145 571 aliisque

64 585 309 675 negligentius
339 585 467 651 collatas
491 584 676 673 diligentius
706 585 873 673 inspicere,
899 598 946 663 ut,
969 584 1004 650 in
1029 585 1146 673 quibus

67 688 238 777 singulae
267 687 419 753 lectiones
448 702 559 777 postea
588 688 622 753 in
647 686 811 753 codicibus
836 700 979 775 repertae
1005 687 1145 775 primurn

70 790 340 879 comparuerint,
352 802 386 855 et
396 806 551 877 quantum
563 788 713 855 editionis
723 787 941 855 Frobeniauae
955 789 1148 867 auctoritati,

74 916 191 983 quam
208 893 297 958 Livii
314 892 451 957 editores
470 891 512 958 ad
531 915 632 957 unum
653 914 764 957 omnes
782 904 858 957 sunt
877 892 988 970 secuti,
1004 892 1146 957 tribuen-

76 997 172 1062 dum
188 994 240 1073 sit,
252 994 391 1082 penitius
405 993 608 1081 intelligatur.
644 992 754 1060 Multo
768 1005 875 1059 tamen
890 994 1043 1059 maiorem
1058 994 1146 1061 utili·

77 1098 167 1164 tatis
187 1096 327 1161 liuctum
347 1118 389 1161 ex
409 1095 572 1161 codicibus
594 1094 821 1183 antiquissimis
838 1108 872 1161 et
891 1096 1030 1184 optimis,
1045 1096 1146 1162 veluti

79 1200 272 1276 Puteane0,
289 1197 555 1285 Cantabrigiensi,
571 1197 746 1263 Petaviano
762 1203 802 1275 1.,
818 1196 1005 1263 Florentino
1021 1204 1049 1263 l.
1066 1213 1100 1265 et
1114 1205 1144 1265 2.

80 1303 239 1390 aliisque,
254 1302 363 1367 denuo
376 1300 576 1367 conferendis
593 1300 716 1388 percipi
729 1322 832 1387 posse,
848 1323 887 1365 eo
901 1300 1007 1365 minus
1020 1300 1144 1379 dubito,

81 1428 157 1493 quo
173 1404 371 1471 manifestius
385 1404 453 1490 ipse
467 1402 573 1481 docui,
586 1415 743 1489 quantum
758 1402 871 1467 iterata
884 1400 1030 1467 codicum
1048 1402 1146 1468 Bam·

82 1507 257 1595 bergensis
285 1519 320 1571 et
344 1504 602 1570 Vindobonensis
627 1503 754 1569 collatio
784 1504 827 1569 ad
855 1502 1029 1569 multorum
1060 1506 1146 1571 Livii

83 1610 237 1675 locorum
261 1607 518 1673 emendationem
542 1606 703 1695 profuerit.
750 1605 869 1694 Neque
892 1630 1021 1695 operam
1043 1608 1144 1688 ludet,

86 1712 149 1801 qui
167 1710 313 1776 codicem
329 1709 596 1797 Bambergensem
617 1731 636 1772 a
656 1730 707 1773 me
728 1707 899 1796 diligenter
916 1732 1094 1789 excussum,
1110 1712 1144 1777 id

88 1814 182 1903 quod
196 1813 394 1901 philologum
410 1810 661 1888 Berolineusem,
677 1810 728 1876 cui
745 1810 930 1878 Alfeschkio
944 1835 1061 1879 nomen
1076 1838 1144 1881 esse

89 1940 132 1982 ex
162 1916 318 2003 Zumptio
348 1916 509 2002 superiore
538 1936 624 1978 auno
649 1936 701 1979 me
727 1914 884 1981 invisente
913 1916 1031 1995 audivi,
1058 1940 1145 1983 nunc

90 2021 199 2107 ipsum
215 2018 334 2105 agitare
349 2016 495 2083 Iaeckius
506 2040 563 2104 per
573 2016 680 2081 literas
695 2016 775 2081 mihi
789 2018 1016 2105 significavitll,
1027 2020 1144 2085 iterum

90 2126 275 2211 iterumque
299 2122 473 2210 inspexerit
496 2135 624 2187 etcum
646 2120 741 2187 editis
764 2122 941 2188 accuratius
963 2123 1143 2191 contulerit

94 2227 265 2303 Quantum
280 2226 366 2291 euim
381 2225 461 2290 haec
475 2247 525 2291 res
539 2246 648 2289 curam
663 2246 700 2289 ae
716 2222 915 2311 diligentiam
930 2227 1080 2313 requirat,
1096 2228 1144 2294 uti

91 2352 135 2395 ex
152 2327 359 2395 Goellerisns
372 2327 490 2393 codicis
505 2326 750 2414 Bambergensis
763 2326 931 2394 collatione
945 2327 1144 2417 intelligitur,

92 2433 139 2498 ita
161 2455 203 2498 ex
227 2454 267 2496 eo
289 2431 361 2496 luce
384 2430 498 2496 clarius
518 2443 658 2518 apparet,
674 2429 762 2517 quod
782 2430 962 2497 Freundius
979 2432 1012 2496 iu
1035 2431 1144 2511 libelli,

92 2555 193 2622 quem
206 2533 248 2598 de
263 2531 443 2598 Miloniana
459 2530 625 2598 Ciceronis
639 2532 782 2598 oratione
798 2533 911 2610 edidit,
926 2533 1146 2601 additamento

92 2659 125 2724 p.
142 2641 194 2702 39.
211 2657 281 2722 sqq.
300 2634 472 2723 permultas
491 2634 610 2701 codicis
629 2635 705 2700 olim
722 2634 926 2714 Erfurteusis,
942 2660 1030 2703 nunc
1045 2636 1145 2702 Bero-

94 2738 225 2804 linensis
239 2736 392 2802 lectiones
406 2737 447 2803 ab
462 2735 523 2802 Ed.
535 2737 739 2815 Wunderoffl,
751 2760 848 2825 quem
862 2737 1005 2826 vulgaria
1015 2763 1145 2828 quoque

96 2842 270 2930 scripturae
284 2842 476 2929 compendia
488 2841 634 2907 fefellisse
650 2841 757 2920 miror,
772 2855 828 2908 aut
842 2844 1076 2930 praetermissas
1089 2860 1145 2913 aut

96 2968 162 3011 non
175 2957 261 3010 recte
276 2957 400 3010 notatas
414 2967 482 3010 esse
497 2945 655 3010 ostendit:
682 2968 789 3032 neque
807 2945 833 3011 is
850 2969 911 3034 ego
925 2971 1007 3028 sum,
1022 2950 1079 3036 qui
1092 2973 1144 3016 me

97 3049 132 3113 in
142 3048 292 3113 varietate
307 3046 481 3112 lectionum
492 3069 533 3112 ex
544 3047 654 3114 codice
667 3047 895 3138 Bambergeusi
906 3065 941 3117 et
951 3052 1145 3119 editionibus

99 3149 235 3236 antiquis
256 3149 458 3236 excerpenda
478 3149 558 3216 nibil
573 3149 624 3220 vel
644 3150 795 3231 omisisse,
810 3151 861 3217 vel
881 3175 1048 3247 perperam
1068 3179 1145 3224 eno·

100 3266 178 3318 tasse
193 3250 411 3317 existimem&

134 3511 162 3562 27
179 3500 263 3550 Verba
277 3499 406 3564 epistolae,
418 3501 570 3566 Bambergae
581 3518 603 3554 a.
636 3502 748 3566 stiindiga
759 3504 873 3568 Ausgabs
885 3507 929 3556 des
940 3506 1025 3556 livius
1038 3509 1145 3573 erinigen

102 3565 196 3616 dXV.
211 3565 265 3614 Cal.
284 3565 422 3628 Septembr.
439 3582 456 3614 a
476 3568 545 3629 1837.
563 3567 604 3616 da·
637 3569 726 3617 wtirde.

102 3636 148 3688 tac,
158 3629 218 3678 baec
228 3633 301 3678 sunt:
324 3631 341 3655 “
348 3629 421 3679 Auch
432 3629 501 3680 hatte
513 3629 605 3693 voriges
669 3633 700 3681 28
719 3631 751 3680 In
762 3631 824 3681 libro
834 3632 870 3681 ita
880 3631 1012 3696 inscripto:
1030 3637 1047 3662 “
1054 3635 1145 3686 Variae

103 3693 160 3742 lnbr
184 3692 223 3742 eiu
250 3692 364 3742 Berlincr
388 3693 604 3756 Gymnasial-Pro·
637 3695 754 3745 lectiones
768 3696 885 3745 librorum
899 3697 994 3760 aliquot
1010 3701 1048 3750 Μ.
1060 3700 1091 3750 Τ.
1103 3702 1144 3750 Ci-

104 3758 174 3806 leesor
182 3759 230 3806 deu
241 3772 290 3806 von
298 3757 377 3806 Ibuen
387 3763 465 3806 auerst
472 3760 604 3807 becumen
637 3761 731 3809 ceronis
745 3776 776 3808 ex
788 3761 873 3809 codice
885 3762 1021 3811 Erfirrtensi
1031 3771 1145 3813 enotatas

104 3826 218 3884 grtsseren
240 3821 327 3870 Codex
354 3823 432 3872 durch
460 3838 533 3872 unser
556 3823 604 3872 Mi·
637 3825 669 3872 ab
681 3824 728 3873 Ed.
739 3824 877 3873 Wunderc.
905 3826 1144 3890 Acceadtpraetatio

104 3885 222 3934 ninerium
238 3885 285 3933 aul
300 3884 351 3934 drei
372 3886 475 3935 Monate
493 3887 605 3935 erhalten
637 3888 780 3950 diligentem
788 3888 1072 3952 codicisdescriptioucm
1080 3893 1144 3942 mul·

105 3950 152 3997 und
167 3947 221 3996 liess
233 3955 282 3998 eret
293 3964 336 3998 vor
346 3949 404 3997 zuei
415 3949 535 3999 Monaten
550 3950 605 3999 eine
637 3957 723 4013 tesque
734 3951 860 4000 Ciceronis
870 3954 1015 4015 scriptorum
1027 3955 1143 4019 iuterpre-

106 4011 269 4074 diplomatisch
295 4028 391 4076 genaue
414 4012 539 4063 Abschrilt
563 4014 606 4063 des
637 4015 743 4064 tationes
764 4021 790 4064 et
808 4017 991 4067 emendationes
1009 4021 1143 4070 continens

107 4077 153 4125 drei
172 4077 222 4124 und
243 4075 397 4138 dreissigsten
420 4077 519 4126 Buches
541 4078 605 4126 noch
638 4079 746 4142 Lipsiae,
759 4079 846 4141 1827.”

107 4141 189 4189 eiurnal
211 4140 296 4189 dahier
316 4139 432 4199 trebues,
455 4146 525 4191 unter
547 4143 604 4190 dem
671 4143 1145 4210 29N0tarumsingu1arum‚quibusad

108 4203 278 4267 Versprecben,
299 4205 355 4254 dnus
381 4205 440 4255 bald
467 4205 522 4254 eine
544 4207 604 4256 voll·
638 4207 781 4256 varietatem
803 4207 938 4258 lectionum
960 4211 1145 4264 discernendam
