2934 4800
344 224 552 290 LIBROR.
589 222 815 289 DEPERD.
1037 231 1102 291 229

74 356 379 446 Carthaginiensium,
394 360 482 448 quod
501 374 612 425 contra
624 360 737 426 foedus
753 375 787 426 et
805 361 982 426 exercitum
996 374 1029 426 et
1044 384 1101 425 na·

71 443 144 507 vales
166 446 310 511 materias
334 446 496 525 haberent,
519 468 629 534 pacem
656 448 741 511 inter
762 470 817 512 eos
842 460 875 512 et
899 446 1100 512 Masinissam

70 528 159 594 lacere
177 530 356 611 voluerant,
371 532 540 597 Masinissa
617 556 637 598 o
657 532 697 599 de
717 556 784 620 quo
802 533 842 598 lis
861 548 938 610 erat,
953 532 1098 599 cedente.

73 612 247 714 SedflGisgo,
264 616 455 684 Hamilcaris
471 618 564 696 lilius,
606 640 679 685 omo
698 619 876 697 seditiosus,
886 619 948 769 (pai
967 632 1044 685 tunc
1064 618 1099 683 in

201 716 331 783 tuerat,
346 727 446 791 quum
464 719 591 770 senatus
648 706 784 769 ritumm
801 727 834 769 se
854 706 887 769 iu
909 706 971 771 icio
988 704 1100 794 legetis

72 784 194 866 lineet,
220 789 266 855 ita
291 790 413 855 bellum
442 791 590 855 adversus
607 728 779 856 Montanos
803 791 968 857 suadendo
992 792 1099 857 coam-

73 872 144 949 tavit,
162 888 197 939 ut
218 874 349 963 legatos,
395 900 438 941 uo
459 878 565 941 minus
582 876 786 954 violarentur,
901 876 1096 978 explicuerit.

73 955 103 1021 ld
124 962 311 1039 nuntiantes,
336 900 487 1028 iniestam
513 964 576 1027 iam
601 976 746 1027 senatum
772 963 800 1028 C
914 964 922 979 ‘
959 964 1097 1039 ensibus,

72 1042 245 1111 infestiorem
267 1049 424 1113 fecerunt.
470 1048 518 1113 M.
535 1048 667 1113 Porcius
692 1047 777 1114 Cato
800 1047 868 1127 lilii,
891 1072 926 1113 m
952 1062 1099 1137 praetura

73 1132 180 1209 nortui,
203 1133 301 1199 fimus
330 1134 525 1213 tenuissimo,
553 1149 590 1200 ut
614 1134 722 1212 valuit,
748 1136 838 1221 (nam
867 1157 989 1224 pauper
1015 1134 1099 1219 erat)

73 1230 180 1303 sumpta
193 1219 277 1285 fecit.
327 1221 513 1299 Andriscus,
529 1222 633 1309 quise
648 1220 756 1285 Persei
771 1220 883 1299 lilium,
898 1222 982 1306 regis
995 1244 1099 1309 quon·

74 1298 132 1365 dnm
142 1302 361 1384 Macedoniae,
373 1306 495 1393 ingenti
510 1308 739 1371 asseveratione
749 1307 947 1383 mentiretur,
961 1306 1098 1371 Romam

74 1388 173 1454 nitatis.
225 1391 273 1456 M
289 1392 449 1458 Aemilius
472 1393 625 1480 Lepidus,
651 1393 709 1480 qui
733 1393 881 1479 princeps
905 1406 1033 1457 senatus
1057 1394 1098 1457 ab

74 1474 151 1539 sextis
177 1478 237 1541 iam
270 1478 455 1544 censoribus
483 1490 551 1543 eret
579 1479 689 1557 lectus,
716 1491 888 1579 antequam
913 1478 1098 1565 exspiraret,
1174 1498 1178 1505 ·

75 1563 212 1649 praecepit
236 1564 322 1643 filiis,
345 1565 430 1630 lecto
453 1586 485 1629 se
509 1577 605 1631 strato
623 1565 704 1632 ¹siae
727 1564 843 1642 linteu,
867 1565 936 1629 sine
959 1585 1100 1652 purpura

74 1644 219 1725 efferrent3
242 1651 278 1715 in
298 1651 460 1739 reliquum
479 1650 575 1715 funus
598 1674 639 1715 ne
662 1651 744 1737 plus,
765 1672 862 1737 quam
885 1651 965 1715 aeria
987 1650 1098 1729 denos,

76 1750 293 1801 consumerentz
320 1736 493 1822 imaginum
514 1738 628 1824 specie,
650 1760 715 1803 non
736 1736 924 1824 sumptibus,
939 1735 1098 1802 nobilitari

76 1836 237 1903 magnorum
266 1823 408 1888 virorum
437 1821 548 1887 funera
576 1821 684 1888 solere.
731 1821 784 1888 De
811 1822 973 1889 veneficiis
1001 1846 1099 1909 quae·

77 1900 160 1969 situm.
202 1907 348 1974 Publicia
374 1921 408 1974 et
434 1908 567 1986 Licinia,
592 1907 713 1974 nobiles
738 1908 884 1987 feminae,
908 1932 991 2009 quae
1014 1908 1099 1973 viros

77 2009 134 2055 suos
163 1994 342 2059 consulares
374 2016 502 2059 necasse
531 1994 802 2073 insimulabantur,
832 2008 959 2083 cogmta
994 2016 1098 2071 causa,

78 2095 157 2158 quum
170 2081 306 2165 praetori
326 2103 385 2167 pro
403 2103 436 2145 se
452 2080 546 2145 vades
561 2080 732 2158 dedissent,
749 2104 766 2144 c
851 2094 954 2145 torum
970 2080 1099 2145 decreto

78 2177 184 2228 nceaue
217 2180 303 2232 sunt.
360 2166 507 2245 Gulussa,
542 2166 728 2231 Masinissae
765 2167 859 2244 liirrs,
889 2167 1098 2245 denuntiavit,

81 2243 248 2343 Cartbagine
269 2252 416 2318 delectus
479 2254 498 2330 i,
517 2252 646 2317 classem
669 2254 853 2339 comparari,
875 2268 908 2318 et
930 2252 1017 2318 baad
1038 2253 1101 2318 du·

80 2329 149 2428 bum
168 2337 282 2404 bellum
308 2338 396 2404 stnri.
438 2275 553 2415 Maura
575 2337 659 2405 Cato
682 2338 839 2417 suaderet,
861 2353 897 2405 ut
918 2340 958 2404 iis
981 2339 1099 2405 bellam

81 2419 255 2504 radicaretur,
275 2425 316 2491 P.
331 2426 482 2492 Cornelio
500 2425 618 2490 Nasica
633 2426 772 2503 dicente,
787 2426 868 2491 nibil
888 2440 1005 2491 temere
1023 2426 1100 2490 saci·

83 2506 190 2587 aadnm‚
205 2511 336 2598 placuit,
352 2511 464 2577 decern
488 2512 571 2576 mitti
594 2512 714 2598 legatos
737 2513 946 2598 exploratum.
993 2511 1030 2574 L.
1044 2510 1101 2574 Li·

81 2591 163 2658 cinius
176 2595 337 2676 Lucullus,
354 2598 395 2662 A.
408 2597 591 2662 Postumius
606 2596 745 2664 Albinus
759 2597 914 2672 consules,
930 2618 1030 2683 quam
1044 2596 1101 2660 de·

82 2673 176 2744 lectam
195 2705 303 2749 severe
323 2697 462 2770 agerent,
478 2705 538 2748 nec
558 2705 752 2784 quemquam
771 2683 874 2770 gratia
892 2681 1100 2760 dimitterent,

83 2761 113 2824 ab
124 2767 245 2834 tribunis
256 2770 372 2858 plebis,
384 2771 441 2857 qui
454 2792 513 2857 pro
524 2770 632 2834 amicis
645 2771 710 2834 suis
721 2769 917 2834 vacationem
932 2770 1100 2856 impetrare

84 2866 133 2912 noa
156 2869 309 2939 poterant,
337 2857 372 2920 in
401 2877 557 2922 carcerem
588 2855 723 2920 coniecti
752 2869 835 2920 sunt.
883 2853 994 2930 Quum
1024 2854 1101 2920 His·

85 2938 207 3016 paaienoe
234 2942 366 3020 bellum,
392 2962 504 3029 panim
529 2963 678 3029 prospere
704 2941 871 3028 aliquoties
895 2956 1030 3029 gestum,
1056 2942 1102 3008 ita

85 3022 248 3094 confudisset
268 3028 432 3093 civitatem
449 3027 640 3107 Romanam,
658 3043 696 3092 at
716 3050 758 3094 ne
779 3028 803 3092 ii
824 3028 956 3114 quidem
977 3028 1101 3093 inveni-

87 3121 180 3188 rcatar,
191 3115 244 3200 qui
254 3127 313 3180 aut
324 3115 518 3180 tribunatum
529 3115 723 3201 exciperent,
737 3127 793 3180 aut
806 3113 901 3200 legati
915 3115 960 3179 ire
971 3114 1100 3193 vellent,

87 3187 280 3266 Reor-aelius
305 3199 504 3265 Aemilianus
526 3199 687 3288 processit,
702 3215 736 3265 et
758 3214 966 3288 excepturum
988 3223 1022 3265 se
1042 3201 1102 3265 nai-

87 3272 154 3344 litiae
172 3307 277 3370 genus,
301 3285 515 3373 quodcunque
538 3287 727 3386 imperatam
752 3301 843 3364 esset,
864 3286 1025 3374 professus
1043 3300 1100 3350 est.

91 3360 147 3436 Quo
158 3373 300 3462 exemplo
316 3395 427 3438 omnes
446 3372 487 3438 ad
506 3371 646 3437 stadium
665 3373 822 3437 militandi
838 3373 1016 3437 concitavit.
1061 3372 1100 3436 L.

89 3444 214 3522 Lucullus
240 3459 362 3537 consul,
394 3459 450 3545 qui
484 3458 532 3523 M.
550 3457 689 3523 Claudio
719 3457 874 3523 Marcello
902 3470 1103 3534 successerat,

90 3554 166 3618 quum
178 3541 326 3610 laceaeere
342 3565 452 3610 omnes
469 3543 661 3609 Celtiberiae
683 3543 795 3631 populi
815 3541 1008 3619 viderentur,
1020 3541 1105 3606 Vac-

90 3639 168 3702 (Μ,
180 3644 210 3695 et
227 3631 416 3707 Cantabros,
432 3645 465 3694 et
486 3630 562 3694 alias
581 3629 686 3695 adbuc
708 3629 886 3716 incognitas
904 3628 1049 3693 nationes
1070 3627 1104 3694 in

92 3701 219 3795 Hispania
252 3717 387 3803 subegit.
441 3715 492 3781 lbi
529 3715 565 3780 P.
592 3715 761 3781 Comelius
796 3714 903 3801 Scipio
936 3713 1106 3779 Africanus
1169 3717 1179 3733 '

94 3789 270 3881 Aemilianus,
289 3803 328 3868 L.
342 3802 446 3868 Paulli
461 3803 555 3878 lilius,
572 3801 715 3867 Africani
731 3823 841 3888 nepta,
856 3799 913 3865 sed
926 3800 1103 3888 adoptivus,

93 3897 296 3960 provocatorem
320 3889 486 3954 barbarum
511 3889 655 3954 tribunus
681 3887 819 3951 militum
844 3887 979 3952 occidit:
1011 3904 1045 3952 et
1070 3889 1104 3952 ia

93 3977 298 4064 oppugnamus
328 3974 517 4041 Intercatiae
546 3975 642 4051 urbis,
672 3972 774 4038 maius
802 3973 899 4038 etiam
927 3973 1105 4062 periculum

94 4048 159 4119 adiit
198 4059 282 4126 Nam
306 4083 435 4126 maram
483 4061 580 4126 nmus
610 4059 814 4125 transcendit.
861 4060 927 4126 Ser.
947 4059 1002 4124 Sul
1026 4059 1106 4125 icius

95 4132 176 4207 Galba
192 4162 313 4233 praetor
331 4147 414 4213 male
475 4169 581 4212 versus
596 4145 767 4211 lusitanos
787 4147 947 4247 pugnavit.
995 4082 1107 4221 guum

94 4216 169 4309 legati
185 4254 221 4297 ea
235 4234 347 4300 Afiica
365 4257 439 4299 cum
458 4233 634 4299 oratoribus
649 4232 971 4319 Carthaginiensium,
987 4247 1021 4296 ct
1036 4231 1107 4296 Gu-

95 4303 167 4391 lufflb
180 4316 358 4388 Masinissae
373 4319 450 4398 filio,
466 4319 630 4398 redissent,
646 4319 863 4406 dicerentque,
879 4334 912 4383 et
931 4319 1107 4383 exercitum
