2934 4800
383 233 445 295 100
767 231 879 299 ΤΙΤΙ
909 232 1045 300 LIVII

226 367 467 442 11.c.581.riret.
512 367 702 433 Decemunt
722 368 915 456 frequentes,
930 383 967 434 ut
984 368 1023 435 C.
1036 366 1195 459 Sulpicius
1216 381 1360 470 praetor
1382 381 1431 432 trs:

225 443 257 494 Α*
273 443 303 494 ⁰·
321 456 425 520 ¹⁷¹·ex
447 467 560 519 senatu
583 455 727 520 nominet
750 455 879 542 legatos,
900 456 956 545 qui
982 479 1021 520 eo
1045 455 1097 522 die
1123 457 1381 545 proficiscantur
1401 477 1431 518 er

382 541 480 617 urbe3
503 554 547 619 ct,
562 556 716 628 quantum
739 541 912 608 accelerare
934 557 1071 629 poment,
1090 541 1236 608 Cassium
1254 541 1431 608 consulem.

384 627 567 715 ubicunque
581 629 632 705 sit,
644 643 874 715 persequantur
882 652 891 705 ;
911 630 1069 708 nuntient,
1084 652 1125 694 ne
1140 629 1261 694 bellum
1280 651 1366 692 cum
1381 627 1432 691 ulla

384 727 480 888 qekqtp
502 728 636 792 moveat,
651 715 713 779 nisi
732 738 805 780 cum
821 738 885 803 qua
906 727 1033 780 senatus
1054 715 1230 803 gerendum
1253 729 1443 780 censuerat?

475 800 499 866 ti
520 800 555 864 hi
576 801 719 888 profecti,
736 799 784 866 M.
800 801 969 868 Cornelius
985 800 1157 890 Cethegus,
1174 801 1222 865 M.
1235 801 1390 878 Fulvius,
1404 799 1431 863 P.

386 886 527 952 Marcius
550 887 632 953 Rex.
678 887 788 952 Metus
810 888 850 952 de
873 887 1001 953 consule
1023 903 1119 976 atque
1141 887 1291 953 exercitu
1317 887 1431 952 distulit

386 996 426 1038 eo
441 987 582 1061 tempore
597 974 788 1039 muniendae
806 973 972 1062 Aquileiae
988 998 1104 1040 curam.

289 1068 318 1127 2.
431 1059 605 1147 Hispaniae
620 1060 737 1125 deinde
753 1061 917 1149 utriusque
939 1061 1034 1148 legati
1048 1061 1169 1149 aliquot
1182 1060 1387 1150 populorum
1407 1061 1431 1123 ia

230 1150 354 1213 Hispano
387 1159 532 1212 senatum
547 1147 728 1212 introducti.
764 1147 803 1225 Ii,
815 1147 855 1212 de
871 1147 1107 1234 magistratuum
1123 1148 1358 1213 Romanorum
1373 1171 1432 1211 ara-

228 1230 380 1328 ffiffl*
389 1233 462 1298 ritia
480 1234 689 1321 superbiaque
707 1257 768 1299 con
793 1235 883 1312 uesti,
897 1234 959 1300 nisi
980 1234 1113 1324 genibus
1134 1235 1174 1299 ab
1195 1251 1318 1300 senatu
1343 1233 1432 1322 petie

228 1341 296 1406 gau.
306 1344 381 1396 Rom.
389 1335 473 1400 nmt,
489 1343 530 1385 ne
550 1343 584 1386 se
599 1320 699 1386 socios
713 1257 836 1385 foedius
856 1320 982 1410 spoliari
1001 1321 1181 1408 vexarique,
1197 1344 1300 1408 quam
1323 1321 1431 1387 hosta

388 1407 558 1496 patiantur.
605 1407 717 1483 Quum
731 1419 765 1472 et
779 1406 840 1472 alia
854 1405 986 1496 indigna
997 1421 1213 1495 quererentur,
1227 1408 1429 1472 manifestum

388 1507 495 1559 autem
521 1507 612 1571 esset,
635 1495 787 1582 pecunias
810 1505 932 1582 captas3
963 1493 1001 1558 L.
1020 1491 1176 1558 Canuleio
1201 1494 1363 1581 praetori,
1387 1495 1429 1579 qui

388 1579 577 1668 Hispaniam
593 1581 721 1644 sortitus
736 1591 813 1658 erat,
828 1580 991 1668 negotium
1007 1579 1117 1646 datum
1134 1594 1192 1658 cst,
1207 1593 1244 1644 ut
1267 1581 1308 1645 in
1333 1581 1429 1666 singu

387 1665 445 1743 los,
460 1666 609 1755 aquibus
627 1663 764 1753 Hispani
785 1667 936 1756 pecunias
957 1679 1145 1756 repeterent,
1162 1667 1278 1755 quinos
1302 1673 1441 1754 recupe‘·

388 1765 507 1817 ratores
528 1775 569 1816 ex
591 1751 702 1816 ordine
724 1753 881 1818 senatorio
904 1753 1003 1833 daret,
1013 1769 1243 1868 patronosque,
1264 1777 1356 1840 quos
1377 1753 1428 1817 rel·

387 1837 466 1916 lent,
478 1835 625 1903 sumendi
639 1851 827 1925 potestatem
838 1839 961 1905 faceret
994 1839 1123 1905 locatis
1137 1840 1171 1904 in
1185 1841 1312 1904 curiam
1329 1841 1427 1927 legatis

388 1924 555 1992 recitatum
577 1937 625 1990 est
646 1925 962 2006 senatusconsultum,
981 1926 1117 2014 iussique
1139 1926 1307 1992 nominare
1333 1941 1427 2015 patru-

388 2034 455 2076 nos.
503 2012 664 2088 Quattuor
688 2013 942 2091 nominaverunt,
965 2011 1013 2078 M.
1027 2013 1176 2082 Porcium
1199 2011 1379 2090 Catonem,
1400 2011 1425 2075 P.

391 2096 577 2163 Cornelium
595 2096 657 2162 Cn.
670 2097 705 2163 F.
721 2099 912 2187 Scipionem,
929 2097 967 2165 L
985 2099 1156 2164 Aemilium
1171 2099 1209 2164 L.
1222 2099 1258 2164 F.
1272 2099 1426 2174 Paullum,

391 2183 430 2249 C.
443 2183 620 2272 Sulpicium
631 2183 769 2250 Gallum.
817 2184 902 2251 Cum
915 2186 963 2252 M.
975 2185 1096 2252 Titinio
1110 2187 1257 2274 primum,
1293 2187 1333 2250 ui
1351 2207 1441 2276 prae:

286 2349 290 2355 .
389 2285 440 2336 tor
459 2270 500 2335 Α.
514 2269 648 2349 Manlio,
670 2270 717 2336 M
733 2271 828 2346 Iunio
849 2272 1030 2338 consulibus
1051 2272 1085 2337 in
1107 2273 1250 2338 citeriore
1270 2211 1427 2363 (liispmo

268 2408 276 2415 .
388 2356 500 2436 fuerat,
516 2371 751 2449 recuperatores
765 2372 974 2448 sumpserunt
1009 2359 1065 2425 Bis
1079 2359 1254 2448 ampliatus,
1267 2361 1370 2427 tertio
1384 2362 1440 2425 aba

389 2443 510 2510 solutus
534 2456 583 2511 est
607 2468 688 2511 reus.
739 2444 904 2513 Dissensio
922 2448 1012 2512 ‘inter
1036 2446 1169 2512 duarum
1199 2448 1426 2534 provinciaram

388 2530 509 2620 legatos
530 2545 578 2597 est
599 2547 684 2598 orta:
711 2532 865 2598 citerioris
888 2532 950 2601 His
972 2534 1062 2598 aniae
1083 2557 1125 2621 po
1149 2533 1192 2597 uli
1210 2532 1258 2597 M.
1272 2533 1426 2601 Catonem

389 2630 423 2683 ct
446 2617 646 2708 Scipionem3
669 2618 827 2685 ulterioris
841 2618 880 2683 L.
891 2556 1038 2685 Paullum
1059 2634 1092 2685 et
1141 2619 1236 2684 allum
1253 2619 1426 2709 Sulpicium

388 2717 538 2791 patronos
553 2718 769 2793 sumpserunt.
815 2705 870 2771 Ad
885 2720 1119 2797 recuperatores
1136 2704 1265 2772 adducti
1287 2730 1307 2772 a
1330 2706 1427 2773 citeri·

389 2790 496 2855 oribns
559 2790 642 2878 pulis
657 2790 694 2856 P.
706 2790 821 2857 Furius
835 2791 955 2871 Philus,
976 2794 1016 2859 ab
1038 2792 1237 2859 ulterioribus
1251 2792 1302 2858 M.
1315 2792 1427 2859 Matie

390 2899 459 2941 nus.
492 2875 511 2940 I
535 2900 553 2940 e
569 2875 622 2964 Sp.
634 2876 808 2957 Postumio,
823 2878 864 2955 Q
876 2878 988 2944 Mucio
1002 2880 1182 2945 consulibus
1196 2879 1339 2946 triennio
1351 2894 1426 2955 ante,

389 2961 443 3026 hic
454 2962 585 3029 biennio
595 2963 924 3050 prius,LPosmmio‚
937 2964 1128 3055 MPopillio
1139 2965 1333 3045 consulibus,
1371 2990 1428 3031 rae·

390 3062 441 3113 tor
453 3048 564 3114 firerat.
604 3049 804 3116 (iratissimis
819 3051 1002 3117 criminibus
1016 3053 1152 3118 accusati
1166 3052 1259 3118 ambo
1275 2990 1426 3142 ampliati·
1445 3032 1446 3115 l

297 3170 302 3179 ·
390 3157 471 3224 que:
495 3158 596 3223 quum
610 3135 746 3202 dicenda
760 3136 801 3202 de
821 3138 944 3227 integro
959 3132 1052 3203 clausa
1066 3153 1157 3218 esset,
1172 3142 1316 3205 excusati
1331 3140 1425 3205 exsilii

388 3244 483 3286 causa
503 3221 605 3287 solum
626 3223 764 3289 vertisse.
800 3222 923 3290 'Furius
944 3224 1126 3305 Praeneste,
1145 3224 1311 3291 Matienus
1331 3228 1427 3292 Tibur
1445 3236 1446 3295 3

389 3308 567 3374 exsulatum
586 3308 741 3375 abierunt.
786 3308 884 3375 Fama
897 3324 974 3390 erat,
990 3312 1150 3401 prohiberi
1170 3335 1190 3377 a
1210 3314 1358 3401 patronis
1379 3334 1446 3379 no2

388 3393 468 3461 biles
489 3418 526 3461 ac
546 3408 694 3486 potentes
715 3396 922 3484 compellare3
952 3399 1104 3486 auxitque
1127 3420 1196 3464 eam
1218 3400 1424 3489 suspicionem
1445 3404 1446 3489 ᾗ

390 3480 565 3548 Canuleius
610 3495 721 3561 raetor,
744 3482 842 3571 quod,
864 3485 978 3549 omissa
1003 3508 1041 3550 ea
1062 3508 1106 3564 re,
1129 3484 1290 3551 delectum
1318 3488 1446 3565 habeat

388 3568 534 3635 instituit.
614 3569 667 3633 ein
688 3582 819 3658 repente
842 3570 875 3635 in
898 3572 1091 3659 provinciam
1111 3570 1198 3649 abiit,
1214 3594 1255 3638 ne
1294 3572 1381 3639 lures
1394 3575 1425 3637 ab

388 3654 541 3742 Hispanis
565 3669 765 3721 vexarentur.
810 3654 869 3735 Ita,
896 3658 1071 3744 praeteritis
1097 3657 1220 3724 silentio
1247 3596 1446 3735 obliteratis

387 3741 422 3809 in
436 3742 578 3807 futurum
592 3741 771 3809 consultum
787 3755 894 3808 tamen
908 3745 948 3810 ab
962 3758 1074 3809 senatu
1089 3744 1250 3832 Hispanis,
1290 3746 1357 3812 uod
1375 3748 1424 3811 im·
1445 3766 1446 3771 ¹

386 3840 562 3913 petranmt,
573 3851 615 3896 ne
625 3829 777 3895 fiumenti
792 3830 1042 3899 aestimationem
1057 3831 1255 3920 magistratus
1299 3856 1424 3899 omanus
1445 3862 1446 3909 ss

419 4000 597 4060 soommot]
621 4002 758 4062 amum,
774 4004 838 4065 quod
858 4004 891 4052 le
958 4006 1050 4067 scum
1058 4008 1204 4066 Mfftanto]
1224 4004 1308 4055 Litem
1320 4008 1446 4069 apudre}

385 4065 492 4126 gandam
511 4064 544 4112 ad
563 4064 696 4126 marginem
714 4066 809 4115 notavit
825 4068 891 4116 Pen'-
924 4076 1078 4130 cuperatores
1088 4076 1173 4119 contra
1182 4070 1306 4119 'I'itiuium
1323 4071 1421 4119 intende
1445 4072 1446 4133 ᾖ

386 4128 478 4186 nonius,
488 4127 596 4190 reponrit
607 4128 713 4178 Bekker.
923 4138 988 4181 runt.
1445 4138 1446 4187 3

421 4190 439 4238 6
458 4194 551 4250 Οιιὶπω
570 4194 765 4254 musalms]
803 4192 854 4250 Qui
876 4210 892 4243 a
955 4197 1183 4259 sescuplum]
1196 4196 1241 4246 Bis
1251 4212 1330 4247 musa
1339 4197 1418 4250 ttmt.
1445 4194 1446 4253 ἶ

386 4260 498 4317 praetore
508 4257 540 4303 ed
556 4255 662 4317 privatas
672 4257 847 4305 controversias
856 4258 891 4306 di·
924 4264 952 4307 ut
962 4264 1068 4325 amplior
1078 4262 1109 4310 de
1120 4278 1149 4310 ea
1161 4262 1347 4324 disceptaretur,
1357 4262 1419 4310 dnae
1445 4260 1446 4325 ᾗ

385 4319 621 4393 τίωεηᾱαιιίιιᾱίοω
641 4320 746 4381 delegati
768 4328 833 4371 sunt.
860 4322 891 4371 ef.
924 4329 968 4374 est.
996 4326 1037 4373 De
1048 4340 1107 4373 voce
1115 4326 1417 4389 mpliancfinrpr.ir.44

386 4398 452 4445 supr.
463 4396 528 4432 nn.
540 4384 579 4442 48.
956 4391 1151 4451 9Nesmmsntt
1161 4392 1364 4451 aestimationem]
1376 4391 1417 4440 Me
1445 4414 1446 4457 ς
