2934 4800
418 215 740 286 KREYSSIGII.
1040 225 1103 284 345

61 353 236 418 laceraris.-
258 376 364 439 quum,
379 356 527 419 munibus
544 357 591 420 ud
607 355 800 442 cupiendum
814 355 909 418 telum
924 355 1103 432 inutilibus,

61 439 92 502 iu
113 440 236 504 rabiem
260 443 314 504 irc
339 461 462 516 curus,
487 441 642 505 laniando
665 441 816 505 cientibus
839 441 971 516 horiens,
994 463 1038 505 eu
1083 441 1106 492 ‘-

61 535 170 589 rursct.
219 523 349 612 Quippe
377 524 542 590 Romanus
569 524 634 603 ille,
660 547 758 613 quem
784 523 929 589 Numida
954 463 1104 590 dentillls

63 608 275 688 dilaniaverat,
290 611 474 675 vulneribus
488 611 651 676 confectus
665 623 698 676 ct
712 611 775 675 ism
790 610 920 699 propior
932 611 998 676 leto
1017 611 1105 713 cogi·

62 695 180 774 tardus,
196 695 295 760 veluti
316 697 481 784 quosdam,
497 696 531 762 id
575 697 640 762 uod
661 696 773 761 Livius
790 719 886 784 supra
907 711 1103 776 memorarit,

62 781 195 847 iacentes
208 783 297 848 vivos
316 781 444 848 succisis
458 720 628 849 feminllrus
647 782 883 883 poplitibusque
902 783 1102 849 invenerunt

66 867 161 932 Cuius
182 869 316 956 quidem
338 869 550 947 coniecturae,
565 869 643 935 olim
663 869 699 934 in
720 869 813 934 Obss.
834 891 869 932 rn
891 883 987 936 suctt.
1007 870 1102 936 lions

64 953 143 1018 cluss.
171 953 263 1042 Spcc.
284 953 311 1019 1.
335 977 362 1019 u.
391 959 484 1021 1810.
509 955 607 1034 edito,
630 979 662 1044 p
690 960 740 1021 13.
765 977 834 1044 sqq.
865 957 1022 1043 copiosius
1047 979 1105 1022 ex·

116 1040 176 1105 'tac
196 1055 292 1128 atquc
316 1042 351 1105 in
366 1041 454 1106 Actt.
478 1041 632 1108 Seminsr.
659 1042 740 1129 Reg.
761 1054 795 1106 et
820 1039 890 1107 Soc
915 1042 993 1129 phil.
1014 1040 1102 1130 Lips.

65 1062 129 1190 llll
145 1125 190 1192 Π,
206 1127 293 1193 Parc
309 1127 353 1191 ll.
369 1151 401 1215 p.
417 1135 492 1194 444.
509 1151 555 1228 sq.
579 1129 718 1194 breviter
738 1128 902 1215 repetitae,
917 1151 1004 1193 nunc
1024 1151 1105 1216 quo·

67 1234 122 1298 que
139 1235 205 1278 non
224 1227 282 1292 est,
298 1237 355 1278 cur
374 1237 426 1278 me
446 1225 627 1302 poenrtcst3
651 1213 835 1301 praesertim
848 1236 950 1300 quum
965 1229 1105 1280 nostrum

67 1298 312 1388 qualemcunque
338 1300 521 1388 opinionem
546 1301 674 1388 egregie
698 1301 865 1366 confirmet
892 1298 1105 1388 0011.ἱίρεί-

69 1385 152 1461 ensis,
175 1386 208 1450 in
230 1409 297 1474 quo
318 1386 372 1451 hic
395 1385 484 1452 locus
506 1387 552 1452 itu
574 1399 721 1452 exaratus
735 1403 803 1452 est:
828 1388 1014 1472 Praecipue
1032 1412 1106 1453 cou-

69 1474 157 1536 scrtit
179 1497 285 1538 omues
308 1475 495 1540 subtractus
517 1477 645 1540 numicio
667 1483 792 1538 mortuo
812 1474 1106 1559 superincumbeuri

70 1579 208 1624 rossanus
221 1561 321 1625 cirus.
364 1560 460 1624 Naro
475 1561 673 1646 auribusque
692 1560 850 1625 laceratis
870 1582 940 1623 curu
958 1561 1106 1626 munibus

71 1643 100 1704 is
115 1646 245 1710 rabilem
265 1647 320 1710 ira
333 1668 445 1711 cerrus
460 1648 612 1711 laniando
627 1647 774 1710 dentibus
787 1646 909 1710 hostem
923 1647 1105 1732 expirasse.

73 1725 195 1794 Utinam
209 1743 322 1796 testem
337 1731 434 1796 citare
448 1731 566 1820 possim
579 1730 828 1820 locupletiorem.

150 1859 309 1926 Misenus.
326 1863 420 1926 1819.

112 2025 213 2095 Huius
235 2029 396 2119 Epistulae
440 2053 490 2097 ors
510 2032 633 2133 reliqua
652 2031 859 2108 desideratur,
883 2053 979 2118 quarn
1006 2031 1107 2097 Goel-

77 2111 150 2180 lcrus
167 2117 298 2182 editioni
316 2141 392 2184 susc
411 2055 451 2184 ll.
465 2117 550 2183 Livii
567 2119 640 2184 ubri
656 2118 825 2184 XXXlll.
844 2116 1039 2184 francofurt.
1064 2117 1106 2182 nd

79 2198 175 2268 Moeu.
194 2210 284 2270 1822.
301 2204 443 2271 subiecit.
469 2203 562 2292 [En]
