2934 4800
344 214 406 278 156
732 204 846 272 TITI
873 203 1008 271 LIVII
1442 77 1451 218 i

184 362 262 477 ἓξ
278 345 471 495 {sslffllssdn
494 341 782 493 planaddfgpcensus
806 341 875 407 firit.
922 340 997 406 Hoc
1022 361 1128 442 rerum
1154 351 1243 405 statu
1264 338 1385 490 Pglrsam
1441 281 1451 399 l

342 453 585 595 :tttttt
599 537 642 578 ηε
660 427 1104 590 setthoitas&
1110 441 1386 577 (1ῗηῖἕὲἠὲ

342 619 420 681 erat,
436 615 473 667 ut
493 614 550 666 aut
570 601 611 666 ad
629 600 777 688 Pydnam
798 600 950 666 recedens
971 599 1095 664 hostem
1116 598 1162 662 ibi
1183 612 1387 684 exspectaret,

342 692 402 754 sub
420 689 518 754 muris
540 688 681 751 munitae
701 687 789 750 urbis
810 687 932 751 minore
954 684 1096 772 periculo
1118 696 1320 761 certaturus3
1340 701 1387 748 ant
1450 676 1451 697 ³

343 776 442 863 copiis
456 797 514 862 per
527 774 621 838 urbes
636 772 847 838 Macedoniae
861 772 1018 860 dispersis,
1034 772 1263 857 correctisque
1278 770 1316 834 in
1328 770 1391 834 locs

343 862 515 927 munitiora
539 859 682 946 fnrgibus
711 872 806 945 atque
878 859 1012 936 cotibus,
1041 856 1212 944 populatos
1240 879 1335 944 agros
1360 871 1389 921 ct
1443 888 1449 965 p

344 948 468 1012 nudum
490 946 573 1010 hosti
595 945 790 1030 relinqueret
811 967 846 1010 so
859 967 922 1008 um.
968 944 1100 1044 Anceps
1113 943 1295 1008 fluctuabat
1313 943 1391 1008 inter

343 1033 422 1098 haec
442 1032 507 1097 duo
528 1031 660 1097 consilia
680 1031 764 1118 regis
785 1031 917 1095 animus.
965 1029 1073 1094 Amici
1088 1030 1186 1094 tutius
1202 1051 1337 1116 quoque
1349 1030 1390 1104 id,

343 1119 432 1207 quod
453 1118 616 1183 honestius
636 1117 727 1194 foret,
748 1117 819 1194 rati,
841 1116 1057 1193 hortabantur,
1078 1127 1115 1180 ut
1133 1137 1265 1214 pugnae
1289 1137 1392 1180 casam

343 1205 549 1293 experiretur.
596 1203 702 1267 ‘Eum
722 1215 757 1267 et
777 1224 911 1268 numero
933 1215 1089 1289 praestare
1105 1199 1257 1277 rnilitum,
1273 1214 1312 1266 et
1324 1223 1393 1266 reto
1445 1238 1451 1313 p

345 1300 355 1331 ‘
365 1293 463 1357 etiam
476 1290 585 1355 virtuti
605 1288 733 1354 credere
751 1287 879 1365 debere,
918 1311 990 1352 uam
1009 1287 1184 1375 ingenitam
1205 1288 1328 1351 animis
1346 1309 1392 1351 ae·

345 1386 497 1444 ‘censura
509 1399 638 1464 qnoque
654 1387 760 1440 essent
774 1373 828 1438 illa
842 1374 904 1440 vali
929 1375 1032 1438 'mima
1046 1387 1080 1438 et
1093 1373 1297 1438 sanctissima
1313 1397 1334 1438 a

344 1464 509 1528 ‘homines
534 1463 576 1527 ad
598 1461 720 1527 fortiter
743 1461 951 1548 pugnandum
975 1460 1190 1536 incitamenta,
1213 1481 1304 1537 arae,
1373 1460 1382 1473 '

345 1559 459 1627 ‘sacra
475 1550 560 1613 inter
573 1571 655 1635 quae
675 1559 709 1612 et
729 1569 787 1634 pro
825 1547 917 1611 uibus
932 1545 1147 1611 dimicandum
1162 1558 1271 1622 esset;
1295 1557 1331 1610 et
1344 1569 1394 1633 pa-

345 1645 355 1675 ‘
364 1650 470 1700 rantes
483 1659 521 1700 ac
535 1635 703 1734 coniuges3
727 1655 784 1697 rex
801 1570 942 1748 denique
964 1633 1031 1719 ipse
1052 1631 1248 1719 inspectans,
1264 1655 1393 1720 soeseqoe

344 1730 354 1761 ‘
362 1721 398 1784 in
412 1735 534 1808 partem
546 1720 736 1784 discnminis
747 1719 889 1784 offerens
933 1717 996 1782 His
1007 1732 1111 1783 motus
1121 1739 1179 1782 rex
1194 1717 1239 1782 ad
1255 1741 1393 1806 pugnam

343 1828 411 1872 sese
429 1806 631 1892 comparavit,
646 1819 689 1882 et,
704 1827 806 1892 quum
823 1805 1049 1870 retrocessisset
1065 1803 1105 1868 ad
1121 1801 1291 1891 Pydnam,
1307 1803 1393 1869 simul

343 1903 445 1958 castra
465 1891 557 1968 locat,
576 1889 672 1955 amul
692 1891 821 1955 instruit
838 1891 948 1967 aciem,
967 1912 1060 1955 suum
1081 1890 1199 1976 cuique
1222 1890 1394 1956 ductorum

343 2001 460 2043 munus
483 1976 653 2063 locumque
675 1977 823 2064 assigrrat,
847 1989 997 2064 tanquam
1019 1975 1125 2041 statim
1145 1997 1187 2040 ex
1208 1975 1334 2043 itinere
1351 1976 1395 2040 di·

343 2065 525 2128 micaturus
571 2062 677 2150 Regio
697 2077 766 2128 erat
787 2062 977 2127 huiusmodi.
1026 2061 1168 2149 Campus
1181 2062 1394 2150 explicandae
1448 2096 1449 2110 π

343 2149 504 2238 phalangi,
524 2150 577 2214 eui
596 2163 705 2236 aperta
725 2161 760 2214 et
781 2148 939 2236 aequabili
960 2147 1090 2236 planitie
1105 2170 1186 2234 opus
1200 2161 1266 2227 est,
1284 2172 1396 2238 oppor-

344 2253 459 2312 tunus;
481 2258 548 2300 non
562 2235 607 2299 ita
621 2249 739 2312 tamen,
751 2247 788 2300 ut
798 2235 889 2300 facile
903 2234 1081 2322 promoveri
1095 2247 1220 2320 posset:
1244 2235 1393 2326 perpetui

344 2321 462 2387 deinde
476 2321 581 2399 colles,
596 2321 654 2409 qui
675 2320 738 2386 levi
760 2334 934 2386 annaturae
953 2335 1020 2386 tum
1040 2319 1231 2408 refugiendi,
1247 2334 1327 2387 tum
1342 2323 1396 2386 cir·

344 2409 565 2475 cumcursandi
588 2408 713 2495 copiam
738 2408 934 2497 praeberent.
980 2409 1103 2473 Amnes
1126 2406 1201 2484 duo,
1227 2408 1395 2474 Aesonem
1448 2414 1449 2421 ’

344 2496 488 2574 alterum,
504 2495 639 2561 alterum
655 2494 801 2559 Leucum
818 2494 940 2559 incolae
955 2492 1125 2582 appellant,
1141 2494 1294 2581 quamvis
1309 2494 1396 2561 tenui

344 2596 413 2648 tum
427 2583 564 2648 fluerent
577 2604 670 2669 aqua,
682 2580 803 2668 aliquid
817 2594 924 2647 tamen
938 2580 1059 2681 negotii
1071 2580 1223 2645 faceaeere
1237 2578 1395 2647 Rouana

343 2690 435 2755 posse
458 2669 657 2733 ridebantur.
703 2666 870 2744 Aemilius,
896 2668 1013 2731 iunctis
1037 2688 1112 2730 cum
1138 2664 1257 2731 Nasica
1284 2668 1394 2755 copiis,

344 2766 432 2818 recta
452 2752 495 2817 ad
515 2754 639 2819 hostem
661 2754 707 2818 ire
728 2752 841 2840 pergit.
886 2751 1008 2817 Verum
1023 2752 1065 2817 ad
1079 2764 1290 2839 conspectum
1305 2776 1395 2819 exer·

345 2838 427 2903 citus
449 2851 483 2903 et
502 2860 637 2903 numero
658 2851 692 2904 et
711 2840 822 2904 robore
842 2837 980 2903 militum
1001 2838 1193 2915 validissimi,
1208 2850 1244 2903 ct
1371 2842 1394 2903 'e

345 2924 500 3001 instructi,
516 2938 550 2989 et
567 2924 670 3011 parati
691 2924 733 2989 ad
754 2947 904 3012 pugnam,
920 2924 1113 3012 stupefactus
1126 2924 1276 3002 substitit,
1295 2948 1333 2989 m
1369 2940 1396 2990 ta

235 3014 287 3076 36.
345 3031 454 3074 secum
475 3020 634 3097 reputans
680 3010 825 3099 Tempus
856 3011 932 3075 anni
1013 3024 1026 3075 t
1044 3011 1269 3075 circumactum
1290 3012 1394 3078 achti-

187 3097 294 3175 nemini·
345 3095 427 3161 tium
441 3108 526 3161 erat:
550 3095 629 3161 hora
642 3096 707 3161 diei
722 3096 786 3161 iam
864 3097 943 3163 meri
968 3097 1030 3163 'em
1044 3097 1210 3184 vergebat:
1234 3096 1299 3161 iter
1316 3096 1394 3163 mul-

187 3167 319 3213 ⁰⁰”⁰“‘¹⁰·
346 3194 380 3247 tc
393 3182 523 3269 pulvere
545 3194 579 3247 et
600 3182 809 3248 incalescente
832 3181 897 3247 sole
919 3182 1037 3249 factum
1052 3195 1128 3248 erat.
1174 3182 1393 3250 Lamitudcet

345 3268 413 3333 sitis
434 3268 498 3333 iam
518 3268 722 3346 sentiebatur,
743 3281 785 3345 et,
806 3268 938 3334 meridie
960 3270 1107 3346 instante,
1128 3269 1227 3357 magis
1249 3286 1410 3336 accessu-⁴

345 3376 417 3419 rum
431 3368 603 3441 utrumque
619 3356 800 3456 apparebat.
821 3388 825 3395 ·
848 3354 966 3421 Statuit
985 3356 1030 3421 sic
1052 3355 1180 3420 affectos
1201 3357 1329 3421 recenti
1352 3368 1392 3421 at·

345 3464 408 3529 que
423 3442 548 3529 integro
563 3442 645 3507 hosti
659 3463 726 3506 non
741 3441 887 3507 obiicere.
924 3440 989 3506 Sed
1000 3455 1107 3507 tantus
1121 3441 1215 3507 ardor
1228 3441 1264 3505 in
1278 3442 1392 3507 animis

344 3528 387 3592 ad
401 3527 618 3593 dimicandum
633 3528 793 3614 utrimque
808 3539 884 3603 erat,
900 3539 937 3592 ut
951 3527 1072 3593 consuli
1094 3550 1159 3593 non
1181 3527 1305 3593 minore
1329 3540 1390 3593 arte

345 3613 387 3678 ad
401 3636 474 3679 suos
488 3613 672 3690 eludendos,
688 3636 784 3700 quam
807 3613 849 3678 ad
869 3612 985 3691 hostes,
1000 3636 1081 3713 opus
1098 3626 1188 3679 esset.
1235 3612 1390 3680 Nondum

345 3700 492 3765 omnibus
506 3699 678 3776 instructis,
689 3700 826 3765 instabat
840 3699 975 3764 tribunis
990 3700 1137 3777 militum,
1147 3712 1184 3764 nt
1197 3712 1390 3765 maturarent

344 3784 518 3849 instruere:
546 3786 732 3851 circumibat
757 3785 824 3872 ipse
850 3785 986 3863 ordines,
1013 3786 1134 3851 animos
1159 3784 1298 3851 militum
1321 3786 1389 3851 hor-

345 3868 445 3934 tando
466 3870 501 3932 in
522 3892 545 3956 p
611 3895 663 3936 am
684 3870 886 3937 accendebat
933 3870 983 3937 Ibi
1003 3872 1107 3959 primo
1126 3870 1244 3936 alacres
1265 3872 1389 3959 signum

345 3956 534 4043 poscebant:
582 3957 686 4035 einde,
707 3971 864 4045 quantum
886 3957 1075 4022 incresceret
1096 3971 1210 4035 aestus,
1233 3970 1266 4022 et
1289 3957 1387 4021 vulnn

346 4041 452 4106 minus
466 4042 609 4130 vigentes
623 4055 657 4107 et
671 4066 764 4108 voces
779 4044 939 4130 segniores
954 4056 1053 4123 erant,
1069 4055 1102 4108 et
1116 4042 1248 4130 quidam
1269 4044 1388 4109 incum-

378 4209 852 4273 4A⁰0mmmrtlmqtoe1stussh
886 4210 961 4270 plane
984 4211 1057 4259 modo
1081 4214 1165 4259 noster
1188 4226 1256 4273 supr.
1278 4226 1339 4261 xxx.
1360 4223 1387 4270 3⁰

345 4272 459 4320 tudinem
476 4277 502 4320 et
517 4273 591 4321 sitim
628 4273 731 4322 Generis
747 4272 852 4320 mutatio
885 4275 901 4298 ‘¹
910 4278 979 4321 tuam
994 4274 1195 4335 adolescentiam,
1205 4280 1233 4323 et
1248 4282 1387 4338 perpetuam

347 4334 449 4384 offendit
481 4334 642 4385 Gronovium.
683 4334 732 4383 Sed
765 4336 851 4383 eodem
884 4335 1036 4396 felicitatem,
1044 4336 1299 4400 ferociorautraque.”
1314 4340 1386 4389 cuv.
