2934 4800
468 195 794 267 KREYSSIGII.
1089 206 1153 269 40³

77 370 131 427 et
154 383 193 427 rc
217 362 344 448 quidem
370 360 537 441 Phameae,
564 372 597 427 et
625 363 682 449 qui
709 364 821 427 adsint
849 384 911 447 pro
938 372 972 427 et
997 362 1154 429 Phameae

78 464 166 529 sive
182 464 366 542 Phaeneae,
381 486 417 529 se
432 465 560 550 quidem
582 466 686 551 etqui
704 464 814 530 adcint
834 465 932 529 Frob.
948 468 978 530 2.
991 502 1035 512 -
1045 465 1150 551 †Cnp.

78 566 149 629 29.
170 566 210 629 Is
227 566 413 631 duodecimo
433 566 487 630 die
509 588 570 651 pro
594 566 798 631 Duodecim
822 567 853 631 ie
871 567 926 632 die
945 565 1044 632 Frob.
1064 570 1096 633 2.
1108 602 1153 613 -

80 664 204 751 *Cap
220 666 272 731 31.
289 666 337 730 Et
352 666 432 731 Elei
445 675 551 731 tomen
568 689 630 752 pro
644 667 724 733 Elei
738 676 847 733 tamen
861 667 999 735 Accone.
1011 703 1056 715 -
1065 666 1150 735 Ibid.

82 767 288 833 Andaniam
311 790 373 852 pro
397 768 587 833 Eudoniam
609 767 707 834 Frob.
736 770 1003 857 1.-*cap.3a
1026 770 1153 835 Matris

82 892 240 957 mgnac
255 868 359 934 Ideae
379 890 440 954 pro
464 871 579 934 matris
604 891 745 958 magnae
763 872 846 936 deae
862 870 1150 938 Ancona-Ibid.

86 973 213 1037 aedem
228 971 424 1055 faciendam
448 992 492 1037 ea
514 978 646 1036 cenatur
669 973 814 1037 consulto
839 996 900 1057 pro
929 975 1042 1041 aedem
1058 974 1153 1061 saci.

84 1074 215 1137 endam
237 1072 335 1138 Frob.
357 1078 378 1137 2
399 1083 434 1139 et
456 1072 495 1136 B.
508 1072 650 1137 -lbid,
675 1074 830 1139 tredecim
853 1076 949 1141 annio
971 1098 1032 1161 pro
1053 1076 1152 1141 tertio

87 1176 224 1241 decimo
254 1197 339 1241 anno
369 1174 466 1240 Frob.
498 1177 529 1239 2.
558 1186 592 1239 et
622 1175 662 1239 B.
675 1174 812 1261 —Cap.
835 1178 887 1241 to.
918 1179 1063 1243 addatur
1090 1199 1153 1263 pro

87 1278 257 1343 adiicitur
283 1276 381 1342 Frob.
409 1281 439 1342 2.
470 1288 504 1343 et
533 1276 572 1342 Β.
590 1314 634 1325 -
647 1278 756 1363 flbid.
790 1288 935 1343 trecenae
959 1302 1021 1364 pro
1049 1288 1152 1344 cente·

88 1402 157 1445 nos
184 1380 280 1445 Frob.
303 1380 480 1467 h—Cap.
505 1381 568 1460 414
583 1382 738 1446 dubitare
763 1404 825 1467 pro
853 1382 1026 1447 dubitabat
1052 1380 1149 1445 Frob.

90 1486 126 1547 2.
140 1518 188 1529 -
199 1482 280 1568 cap.
291 1484 344 1547 42.
360 1484 443 1547 adiit
458 1506 518 1567 pro
534 1482 603 1547 adit
619 1482 717 1547 Frob.
737 1485 763 1547 1.
775 1520 820 1529 -
830 1483 916 1549 Ibid.
932 1491 974 1561 et,
985 1505 1151 1569 prospera

91 1606 161 1668 pro
175 1606 343 1671 prospera
357 1583 457 1649 Frob.
474 1588 505 1649 2.
517 1620 561 1630 -
573 1583 676 1668 *Catu
693 1584 747 1649 43.
764 1594 921 1671 potuerat
941 1608 1001 1671 pro
1014 1594 1151 1670 poterat

94 1684 239 1751 Accens-
255 1697 290 1751 ct
305 1685 399 1771 Mog.
411 1686 572 1771 —†1bio.
594 1688 741 1751 cecidere
762 1710 823 1773 pro
843 1688 1028 1753 cecideruut
1050 1686 1078 1751 F
1080 1689 1149 1752 rob.

94 1790 129 1854 2.
142 1824 190 1835 —·
200 1788 282 1873 Cap.
299 1788 350 1852 44.
371 1791 545 1876 detergunt
565 1812 625 1873 pro
645 1789 835 1876 desringunt
854 1789 953 1854 Frob.
970 1793 1000 1852 2.
1012 1826 1057 1836 -
1068 1789 1150 1875 Cup.

94 1890 152 1954 45.
184 1890 436 1955 Phoenicuntem
464 1892 606 1977 primum
634 1901 770 1978 portum
798 1894 1011 1978 Erythraeae
1042 1901 1152 1957 terrae

89 1994 316 2078 praetervecti
331 2016 391 2078 pro
407 1993 586 2059 Penicunte
597 1994 738 2080 primum
751 2004 854 2080 porto
869 1995 1037 2079 Erytbreo
1051 2016 1152 2080 prae·

97 2095 237 2160 teroecti
253 2094 350 2161 Frob.
364 2095 536 2161 n-Ibid.
557 2096 594 2161 C.
605 2093 737 2161 Atinius
751 2118 811 2180 pro
831 2096 868 2160 C.
881 2096 1042 2160 Antistius
1054 2095 1150 2161 Frob.

97 2200 189 2261 2.-
202 2196 276 2261 Lib.
305 2197 491 2263 XXXVII.
522 2199 627 2285 †Cap.
654 2202 685 2263 2.
716 2199 827 2264 sortiti
856 2221 916 2283 pro
940 2199 1051 2264 sortiti
1078 2209 1153 2264 eunt

98 2299 203 2365 Frob.
219 2302 249 2363 2.
261 2336 306 2347 -
317 2300 400 2365 Ibid.
420 2300 477 2365 Cn.
494 2300 631 2365 Fubciue
651 2322 711 2387 pro
733 2301 783 2365 M.
800 2301 936 2367 Fuboiue
952 2300 1049 2367 Frob.
1065 2304 1097 2365 2.
1108 2336 1153 2347 -

98 2401 207 2488 †Cap·
222 2404 255 2468 6.
267 2401 390 2489 sagati
411 2403 454 2468 ob
476 2415 590 2468 renato
601 2404 745 2489 fuerant
759 2427 820 2489 pro
832 2406 954 2491 fugati
975 2405 1019 2468 ab
1039 2413 1154 2468 entatu

99 2513 198 2569 erant
224 2503 451 2590 Ala-cap.
474 2505 506 2568 7.
533 2506 607 2570 inde
631 2508 714 2574 enim
740 2518 790 2573 eet
813 2508 965 2572 dimicem
988 2528 1050 2590 pro
1079 2507 1155 2570 inde

101 2607 195 2673 Eh'm
217 2616 268 2672 eet
288 2607 438 2672 dimissus
459 2607 558 2674 Frob.
581 2611 613 2673 2.
635 2623 669 2674 et
693 2610 729 2672 B.
742 2609 879 2693 -Cap.
902 2609 933 2672 8.
955 2609 1046 2672 circa
1067 2607 1155 2692 Thy·

100 2715 195 2775 atira
210 2733 271 2795 pro
290 2712 381 2776 circo
403 2711 597 2798 Thyatiram
618 2711 644 2776 F
645 2713 716 2777 rob.
732 2714 765 2776 2.
777 2749 821 2758 -
832 2709 913 2796 Cap.
933 2712 983 2782 11.
1000 2711 1035 2774 in
1049 2733 1155 2797 uppa-

100 2821 180 2878 ratu
195 2835 256 2899 pro
270 2821 437 2899 apparatu
448 2813 853 2899 Ascens.-1bid.sucile
867 2814 942 2878 telis
956 2813 1155 2900 ancipitibus

102 2937 165 3000 pro
182 2915 295 3001 focile
319 2937 363 2980 ex
391 2915 588 3000 ancipitibus
614 2913 807 2980 Ascens.—-
820 2915 903 2980 lbid.
929 2938 1000 2980 cum
1028 2916 1155 2980 duabue

106 3017 187 3082 Coie
215 3039 276 3102 pro
305 3039 374 3081 cum
402 3018 528 3082 duobus
560 3016 696 3104 Cypriis
725 3016 825 3081 Frob.
852 3017 1074 3103 2.—*†Cap.
1103 3021 1153 3082 12.

102 3120 226 3184 omisca
245 3120 286 3183 de
304 3119 441 3184 nucibus
461 3142 514 3183 rer
535 3127 583 3184 eet
604 3141 664 3204 pro
686 3117 806 3182 omieea
827 3119 894 3182 aive
913 3121 1022 3202 potius
1036 3120 1156 3184 emicra

103 3225 146 3288 de
159 3221 308 3286 manibus
322 3243 376 3285 ree
389 3231 439 3286 eet
453 3218 594 3286 Ascens.
606 3256 649 3266 -
660 3217 747 3282 lbid.
763 3217 914 3282 Eudamo
933 3241 994 3304 pro
1009 3221 1156 3284 Eudemo

104 3323 207 3388 Frob.
223 3325 311 3388 2.-
325 3321 408 3387 Ibid.
426 3322 557 3388 Seleuci
571 3331 683 3386 caetra
704 3343 765 3405 pro
781 3320 932 3385 Seleucia
946 3329 1059 3386 caetra
1074 3321 1154 3386 Ald.

104 3424 247 3489 —Ibid.
283 3424 432 3489 Teiorum
456 3425 711 3510 promontorium
741 3409 802 3506 pio
828 3422 980 3487 Peiorem
1004 3445 1157 3509 promon-

105 3527 224 3591 torium
246 3523 381 3589 Aeaeus.
394 3524 531 3610 -Cap.
552 3526 601 3589 13.
624 3533 748 3589 noctem
769 3533 870 3588 totam
891 3547 952 3608 pro
973 3533 1067 3590 nocte
1088 3533 1157 3589 tota

107 3627 135 3692 F
137 3629 208 3693 rob.
226 3629 258 3690 2.
270 3663 313 3672 -
326 3625 408 3710 cap.
427 3626 477 3690 15.
496 3627 533 3690 id
552 3627 625 3690 usui
635 3627 719 3710 sore
739 3649 800 3711 pro
820 3626 893 3690 noui
902 3626 984 3711 sore
999 3627 1101 3692 Frob.
1123 3631 1155 3690 2.

107 3743 141 3798 ct
172 3728 370 3813 B.—Cap.
403 3729 453 3792 16.
488 3727 526 3793 0.
550 3728 666 3794 Licino
698 3750 761 3813 pro
789 3727 830 3792 L.
853 3728 969 3793 Lini-uo
1005 3727 1158 3814 Mag.-

106 3833 217 3920 flbid.
237 3839 313 3896 aute
332 3831 470 3896 hostium
483 3839 603 3917 portur
619 3853 680 3915 pro
699 3839 776 3894 ante
795 3831 911 3894 ostium
925 3838 1044 3916 portur
1058 3830 1156 3895 Frob.

108 3933 292 4002 m-lbid,
318 3956 340 3997 a
365 3934 530 3998 maritima
554 3933 587 3997 oi
616 3941 716 3996 tutum
745 3954 806 4016 pro
835 3933 882 3996 ad
908 3933 1072 3997 maritima
1100 3934 1158 3997 oia

108 4047 210 4103 tutum
227 4035 327 4101 Frob.
342 4038 375 4100 2.
386 4071 429 4082 -
441 4034 548 4119 Ι1111111.
570 4035 688 4100 omissa
703 4033 834 4097 Patara
854 4035 993 4119 arreptius
1013 4037 1159 4101 tentandi

109 4163 168 4228 epe
179 4161 241 4225 pro
251 4139 369 4204 amireo
380 4145 499 4202 conatu
509 4136 670 4201 Pataram
682 4135 749 4199 sive
761 4137 869 4220 potius
879 4135 1009 4200 Patara
1020 4138 1161 4224 amplius

893 4257 917 4300 1>
931 4237 953 4300 d
968 4242 987 4301 2
