2934 4800
341 193 383 260 tt
721 194 832 262 ΤΙΤΙ
864 191 1000 261 LIVII

183 345 217 396 U.
229 347 259 396 0.
277 337 420 432 581.‘ego
435 331 596 409 subierim,
611 331 668 419 qui
687 355 757 397 sum
777 332 872 398 armis
888 331 1059 408 lacessitus,
1075 330 1155 419 quid
1173 344 1284 420 potest
1303 330 1421 418 querit

181 412 212 461 Α·
230 411 260 461 ⁰·
279 424 331 474 ¹7¹·
341 424 351 454 ‘
361 418 422 482 srbi
437 418 596 491 accidisse,
612 418 669 506 qui
683 442 778 484 causa
791 418 867 484 belli
881 419 965 483 tuit?
987 417 1065 484 Non
1078 441 1149 483 sum
1163 418 1283 484 eodem
1298 416 1403 482 modo

341 504 559 583 ‘defensurus
587 505 738 583 Romani,
762 505 851 593 quod
880 505 1024 592 Dolopas
1051 506 1146 569 armis
1174 505 1401 570 coercuefim:

246 619 250 632 ·
341 590 444 678 ‘quia
466 592 525 656 etsi
547 614 613 658 nou
635 593 749 657 merito
771 615 891 669 sorum,
913 592 982 656 iure
1003 591 1065 657 feci
1087 613 1177 668 me03
1200 614 1309 692 quum
1336 590 1420 655 meis

329 677 459 764 q‘regui,
480 701 570 744 meae
592 679 721 744 ditionis
741 695 856 756 esseut,
872 693 976 744 vestro
995 678 1125 744 decreto
1142 692 1224 779 patri
1245 677 1402 742 attributi
1457 708 1459 713 v

342 771 443 830 ‘meu
491 764 572 842 Nec,
588 765 615 831 ai
635 788 729 830 causa
747 765 912 831 reddenda
930 765 981 841 sit,
1002 787 1068 830 uon
1085 766 1184 842 vobis,
1199 787 1263 828 nec
1282 763 1403 828 foede-

342 858 352 888 ‘
361 849 446 929 ratis,
461 851 518 916 sed
532 852 580 929 iia,
597 851 653 939 qui
673 874 714 916 ue
729 853 765 916 in
779 875 885 917 servos
899 852 1030 940 quidem
1050 874 1142 916 saeva
1160 864 1259 938 atque
1274 851 1403 915 iniusta
1454 842 1456 859 '

341 937 493 1024 ‘imperia
506 939 652 1025 probant,
667 938 740 1025 plus
754 961 856 1026 aequo
871 953 904 1003 et
918 939 1009 1002 hono.
1020 939 1153 1003 saevisse
1168 938 1204 1002 in
1216 937 1399 1002 eosvideri
1455 936 1456 975 l

342 1032 497 1110 ‘possum
546 1025 676 1175 Quippe
695 1025 947 1112 Euphranorem,
962 1024 1157 1111 praefectum
1177 1047 1196 1088 a
1214 1047 1268 1088 me
1289 1024 1401 1110 impo-
1454 1034 1456 1061 l

340 1110 469 1188 ‘-situm,
493 1111 538 1175 ita
559 1111 628 1176 occi
650 1125 754 1189 erunt,
778 1126 815 1177 ut
835 1134 920 1176 mors
945 1133 1118 1198 poenarum
1140 1111 1210 1176 eius
1233 1110 1402 1175 levissima

275 1242 282 1259 .
342 1196 464 1262 ‘fuerit
511 1197 567 1276 At,
577 1220 677 1286 quum
689 1198 908 1348 processissem
920 1197 1204 1263 indeadviseudas
1218 1197 1398 1273 Larimtu
1454 1222 1457 1267 ι

343 1292 397 1348 ‘et
411 1283 569 1362 Antrona,
586 1299 619 1350 et
634 1283 694 1350 Pte
707 1307 792 1362 eum,
831 1309 872 1349 uo
884 1285 919 1348 iu
932 1285 1112 1372 propinquo
1126 1284 1229 1349 multo
1243 1298 1324 1348 ante
1338 1284 1418 1355 dec

342 1371 429 1436 ‘bita
442 1385 517 1436 vota
530 1370 751 1472 persolverem,
767 1307 912 1458 Drilphos
931 1371 1127 1436 sacrificandi
1141 1394 1237 1436 causa
1249 1370 1397 1436 essendi
1453 1420 1456 1475 q

341 1456 407 1522 ‘Et
421 1458 480 1536 his,
496 1458 637 1523 criminis
651 1458 790 1546 augendi
805 1480 908 1534 causa,
920 1480 994 1522 cum
1009 1459 1152 1522 exercitu
1166 1481 1218 1522 me
1234 1458 1298 1522 isse
1312 1457 1398 1522 adii-

342 1545 451 1610 ‘citun
500 1544 637 1622 Scilicet,
660 1559 706 1623 ut,
729 1544 816 1632 quod
838 1567 925 1609 nunc
946 1567 1002 1609 ros
1022 1545 1124 1610 facere
1169 1566 1275 1620 ueror,
1298 1545 1398 1608 urbes

341 1639 560 1719 ‘occuparem
572 1631 696 1696 arcibus
708 1631 904 1718 imponerem
919 1631 1083 1718 praesidia
1128 1567 1301 1695 donarem
1315 1654 1396 1696 con-
1454 1656 1456 1685 ι

342 1716 469 1782 ‘cilium
495 1717 649 1782 Graeciae
675 1717 828 1794 civitates,
854 1740 913 1804 per
941 1740 1019 1804 quas
1042 1718 1104 1782 iter
1127 1717 1206 1794 feci3
1237 1731 1397 1803 queratur

342 1802 578 1890 ‘unusquilibet
604 1803 712 1868 militis
738 1804 802 1868 mei
827 1803 993 1880 iniuriam3
1024 1827 1090 1869 non
1114 1804 1277 1880 recusabo,
1301 1805 1394 1890 quin,

342 1888 507 1954 ‘simulato
530 1889 692 1967 sacrificio,
713 1888 801 1954 aliud
822 1890 938 1977 petisse
960 1890 1076 1955 videar.
1123 1889 1248 1954 Aetolis
1266 1905 1304 1955 et
1326 1889 1396 1977 By·

342 1976 474 2044 ‘aautiis
516 1975 648 2042 raesidia
665 1976 817 2053 misimus,
832 1990 866 2041 et
884 2000 958 2041 cum
978 1977 1109 2042 Boeotis
1122 1977 1298 2042 amicitiam
1313 1977 1394 2041 feci·

342 2072 441 2128 ‘mus
524 2085 588 2139 aec,
616 2063 850 2150 qualiacunque
876 2077 960 2141 sunt,
982 2086 1040 2151 per
1064 2063 1183 2151 legatos
1208 2085 1301 2127 meos
1326 2086 1394 2128 non

342 2148 464 2214 ‘solum
485 2148 632 2226 indicata,
651 2149 707 2214 sed
725 2150 821 2214 etiam
842 2166 992 2215 excusata
1010 2165 1086 2214 suut
1107 2173 1200 2236 saepe
1220 2149 1257 2214 in
1276 2166 1394 2214 senam
1454 2198 1455 2211 ,

342 2245 481 2300 ‘vestrot
514 2235 569 2300 ubi
592 2234 715 2322 aliquos
738 2259 798 2323 ego
823 2235 1058 2324 disceptatores,
1082 2259 1148 2301 nou
1171 2250 1235 2301 tatu
1259 2259 1393 2324 aequos,

342 2331 457 2410 ‘quam
474 2335 514 2399 te,
533 2321 574 2397 Q.
589 2321 701 2398 Marci,
717 2338 886 2410 paternum
905 2323 1042 2388 amicum
1057 2337 1091 2388 et
1108 2323 1277 2411 hospitem,
1293 2322 1395 2388 habe·

342 2410 442 2476 ‘bam
491 2408 555 2475 Sed
570 2409 712 2474 nondum
734 2409 869 2475 Romam
885 2425 1048 2475 accusator
1063 2410 1224 2475 Eumenes
1237 2426 1392 2486 venerat3

342 2498 416 2585 ‘qui
431 2496 655 2563 calumniando
669 2497 777 2561 omnia
790 2496 1074 2583 detorquendoque
1085 2512 1230 2584 stupente
1239 2511 1274 2561 et
1289 2497 1395 2561 inrisa

343 2585 508 2662 ‘efficeret,
525 2597 558 2649 et
577 2582 766 2671 persuadere
786 2584 876 2649 vohis
894 2599 1071 2659 conaretur,
1091 2606 1158 2647 non
1174 2606 1266 2670 posse
1288 2583 1394 2648 Grae·

342 2671 441 2735 ‘ciam
459 2671 491 2734 in
503 2671 647 2737 libertate
659 2693 737 2747 esse,
748 2684 783 2735 et
792 2686 896 2735 restro
911 2694 1041 2735 munere
1053 2670 1124 2747 frui,
1137 2670 1243 2758 quoad
1253 2692 1392 2755 regnum

342 2756 572 2823 ‘Macedoniae
603 2758 761 2822 incolume
790 2770 881 2822 esset.
933 2756 1176 2844 Circumagetur
1203 2756 1256 2820 hic
1286 2757 1411 2821 orbis:¹

343 2844 421 2909 ‘erit
441 2866 526 2919 mox,
543 2844 598 2929 qui
619 2858 739 2929 arguat,
761 2843 973 2931 nequicquam
994 2843 1193 2909 Antiochum
1213 2843 1297 2907 ultra
1316 2843 1393 2931 iuga

343 2929 461 2994 ‘Tauri
482 2944 641 2994 emotum:
665 2930 840 3015 graviorem
856 2930 957 2995 multo
973 2929 1081 3008 Asiae,
1097 2952 1192 3016 quarn
1208 2930 1393 2995 Antiochus

342 3015 467 3093 ‘suerit
492 3016 670 3079 Eumenem
692 3038 780 3080 esse:
811 3040 872 3081 nec
895 3018 1118 3103 conquiescere
1144 3016 1245 3081 srtcios
1269 3037 1393 3081 vestros

343 3112 465 3190 ‘possa
481 3102 587 3189 quqad
608 3101 695 3202 regia
713 3101 860 3188 Pergami
876 3104 933 3167 sit:
957 3126 1026 3167 cam
1046 3126 1150 3168 arcem
1171 3125 1266 3190 supra
1285 3126 1323 3167 ca
1348 3105 1393 3168 ita

344 3188 568 3255 ‘finitimarum
589 3188 766 3253 civitatium
788 3188 976 3274 impositam.
1023 3188 1093 3276 Ego
1115 3189 1203 3267 haec,
1225 3188 1267 3264 Q.
1326 3192 1411 3255 arcia

344 3285 395 3341 ‘et
416 3280 457 3341 A.
475 3274 565 3352 Atili,
587 3297 669 3361 quae
692 3289 748 3340 aut
769 3298 789 3339 a
807 3275 896 3340 vobis
914 3277 1046 3353 obiecta,
1067 3289 1122 3340 aut
1165 3289 1274 3362 urgata
1296 3299 1316 3340 a
1339 3300 1391 3341 mc

343 3372 445 3440 ‘sunt
462 3362 536 3427 talia
556 3384 622 3427 esse
645 3361 719 3439 scio,
739 3376 775 3426 ut
794 3384 895 3438 aures,
911 3375 948 3427 ut
968 3363 1066 3427 animi
1085 3299 1283 3427 audientium
1305 3362 1410 3435 sium

343 3459 423 3515 ‘nec
444 3462 507 3515 tam
528 3450 652 3526 referre,
669 3448 748 3535 quid
770 3470 840 3535 ego,
856 3462 911 3513 aut
931 3472 995 3536 qua
1014 3464 1120 3514 mente
1140 3448 1278 3525 fecerim,
1291 3472 1391 3536 quam

343 3536 524 3624 ‘quomodo
544 3536 578 3600 id
601 3558 656 3601 ros
677 3535 795 3601 factum
816 3536 985 3625 accipiatis.
1032 3534 1188 3601 Conscius
1209 3536 1289 3599 mihi
1307 3558 1389 3615 sum,

377 3746 473 3803 7Quld
488 3752 566 3807 potest
582 3748 665 3809 putari]
699 3746 751 3795 Gur
770 3750 850 3807 potant
917 3748 1133 3808 rctrcamayetur
1148 3748 1189 3796 hle
1204 3748 1282 3806 mltis]
1301 3746 1389 3795 Trans·

343 3808 411 3870 queri
422 3824 452 3856 ea
463 3809 508 3857 sibi
518 3810 642 3871 accidisse,
653 3826 716 3873 quae
727 3809 798 3859 victis
811 3825 850 3857 ac-
883 3810 933 3858 lata
952 3816 989 3858 est
1007 3810 1068 3858 haec
1085 3810 1176 3860 locutio
1194 3811 1226 3859 ab
1248 3812 1307 3859 orba
1327 3819 1389 3860 rota·

343 3872 435 3923 urunt
882 3888 1023 3935 rum,quae,
1031 3875 1090 3923 dum
1102 3875 1307 3936 circumaguntur,
1315 3876 1389 3923 modo

376 3936 391 3984 8
407 3936 463 3985 sat
473 3938 617 4009 nonhmsrito
627 3939 723 3997 eoram]
746 3936 850 3985 Etiamsi
882 3938 956 3995 hanc,
970 3938 1043 3986 modo
1055 3937 1125 3987 illam
1141 3944 1236 4001 partem
1248 3938 1388 3989 oueuduu.

344 4000 502 4050 concederem
527 4000 583 4048 illos
608 4016 658 4049 uon
684 4001 800 4050 memissa
821 4017 851 4049 ea
883 4002 914 4049 cf.
925 4016 991 4063 supr.
1003 4002 1036 4050 iit
1052 4016 1087 4051 ro.
1106 4001 1189 4051 Dora

344 4064 556 4127 quaspasaisunt
576 4066 657 4114 cnav.
693 4130 698 4141 ¹
915 4067 1082 4128 aEyohoac]
1101 4066 1271 4116 ciDemosth.
1283 4066 1385 4116 ‹leFala

345 4129 852 4257 cx9lllirhlhiimdatlllghorllxiirldu9r7leitid
884 4128 1387 4265 'laegff'baepbsrsgsssrqmumqwm
1457 4237 1458 4240 ,

346 4254 530 4317 sulphurea.
883 4250 973 4317 iniquis
981 4256 1080 4305 auribus
1090 4257 1230 4305 audiuntur.
1313 4299 1317 4307 .
