<?xml version="1.0" encoding="UTF-8"?>
<!DOCTYPE html PUBLIC "-//W3C//DTD XHTML 1.0 Transitional//EN"
    "http://www.w3.org/TR/xhtml1/DTD/xhtml1-transitional.dtd">
<html xmlns="http://www.w3.org/1999/xhtml" xml:lang="en" lang="en">
 <head>
  <title>
</title>
<meta http-equiv="Content-Type" content="text/html;charset=utf-8" />
  <meta name='ocr-system' content='tesseract 3.04.00' />
  <meta name='ocr-capabilities' content='ocr_page ocr_carea ocr_par ocr_line ocrx_word'/>
</head>
<body>
  <div class='ocr_page' id='page_1' title='image "./tliviipatavinih01kreygoog/tliviipatavinih01kreygoog_0115.png"; bbox 0 0 2934 4800; ppageno 0'>
   <div class='ocr_carea' id='block_1_1' title="bbox 387 162 1212 276">
    <p class='ocr_par' dir='ltr' id='par_1_1' title="bbox 387 162 1212 276">
     <span class='ocr_line' id='line_1_1' title="bbox 387 162 1212 276; baseline 0.01 -8"><span class='ocrx_word' id='word_1_1' title='bbox 387 199 833 272; x_wconf 62' lang='lat' dir='ltr'><strong>traximarias.</strong></span> <span class='ocrx_word' id='word_1_2' title='bbox 1076 214 1136 276; x_wconf 83' lang='lat'><strong>105</strong></span> <span class='ocrx_word' id='word_1_3' title='bbox 1202 162 1212 178; x_wconf 76' lang='grc'><strong>’</strong></span> 
     </span>
    </p>
   </div>
   <div class='ocr_carea' id='block_1_2' title="bbox 31 331 1292 1116">
    <p class='ocr_par' dir='ltr' id='par_1_2' title="bbox 66 331 1292 426">
     <span class='ocr_line' id='line_1_2' title="bbox 66 331 1292 426; baseline 0.007 -24"><span class='ocrx_word' id='word_1_4' title='bbox 66 331 220 423; x_wconf 56' lang='lat' dir='ltr'><strong>plorata</strong></span> <span class='ocrx_word' id='word_1_5' title='bbox 240 349 340 415; x_wconf 86' lang='lat' dir='ltr'><strong>eraut,</strong></span> <span class='ocrx_word' id='word_1_6' title='bbox 355 349 392 402; x_wconf 92' lang='lat' dir='ltr'><strong>ut</strong></span> <span class='ocrx_word' id='word_1_7' title='bbox 407 337 489 403; x_wconf 91' lang='lat' dir='ltr'><strong>iseo</strong></span> <span class='ocrx_word' id='word_1_8' title='bbox 503 350 645 425; x_wconf 89' lang='lat' dir='ltr'><strong>tempore</strong></span> <span class='ocrx_word' id='word_1_9' title='bbox 666 337 701 402; x_wconf 92' lang='lat' dir='ltr'><strong>iu</strong></span> <span class='ocrx_word' id='word_1_10' title='bbox 778 362 798 403; x_wconf 94' lang='grc' dir='ltr'>ο</span> <span class='ocrx_word' id='word_1_11' title='bbox 819 361 877 404; x_wconf 90' lang='lat' dir='ltr'><strong>suo</strong></span> <span class='ocrx_word' id='word_1_12' title='bbox 897 339 1023 406; x_wconf 79' lang='lat' dir='ltr'><strong>Antiati</strong></span> <span class='ocrx_word' id='word_1_13' title='bbox 1044 357 1136 422; x_wconf 86' lang='lat' dir='ltr'><strong>esset,</strong></span> <span class='ocrx_word' id='word_1_14' title='bbox 1146 360 1222 413; x_wconf 71' lang='lat' dir='ltr'><strong>uc.</strong></span> <span class='ocrx_word' id='word_1_15' title='bbox 1238 364 1292 426; x_wconf 75' lang='lat'><strong>582.</strong></span> 
     </span>
    </p>

    <p class='ocr_par' dir='ltr' id='par_1_3' title="bbox 64 361 1292 512">
     <span class='ocr_line' id='line_1_3' title="bbox 64 361 1292 512; baseline 0 -24"><span class='ocrx_word' id='word_1_16' title='bbox 64 445 277 512; x_wconf 79' lang='lat' dir='ltr'><strong>aquamque</strong></span> <span class='ocrx_word' id='word_1_17' title='bbox 298 445 341 489; x_wconf 85' lang='lat' dir='ltr'><strong>ex</strong></span> <span class='ocrx_word' id='word_1_18' title='bbox 362 425 519 489; x_wconf 85' lang='lat' dir='ltr'><strong>manubiis</strong></span> <span class='ocrx_word' id='word_1_19' title='bbox 537 424 673 488; x_wconf 89' lang='lat' dir='ltr'><strong>Antium</strong></span> <span class='ocrx_word' id='word_1_20' title='bbox 687 361 873 490; x_wconf 45' lang='lat' dir='ltr'><strong>exllbmine</strong></span> <span class='ocrx_word' id='word_1_21' title='bbox 888 425 1063 493; x_wconf 78' lang='lat' dir='ltr'><strong>Loracinae</strong></span> <span class='ocrx_word' id='word_1_22' title='bbox 1077 425 1177 495; x_wconf 70' lang='lat' dir='ltr'><strong>du-A·</strong></span> <span class='ocrx_word' id='word_1_23' title='bbox 1192 427 1221 477; x_wconf 81' lang='lat'><strong>0·</strong></span> <span class='ocrx_word' id='word_1_24' title='bbox 1240 439 1292 488; x_wconf 62' lang='lat'><strong>¹72</strong></span> 
     </span>
    </p>

    <p class='ocr_par' dir='ltr' id='par_1_4' title="bbox 66 510 1137 610">
     <span class='ocr_line' id='line_1_4' title="bbox 66 510 1137 610; baseline 0.005 -35"><span class='ocrx_word' id='word_1_25' title='bbox 66 525 192 576; x_wconf 79' lang='lat' dir='ltr'><strong>ceret.</strong></span> <span class='ocrx_word' id='word_1_26' title='bbox 237 510 278 575; x_wconf 92' lang='lat' dir='ltr'><strong>Id</strong></span> <span class='ocrx_word' id='word_1_27' title='bbox 292 533 372 598; x_wconf 90' lang='lat' dir='ltr'><strong>opus</strong></span> <span class='ocrx_word' id='word_1_28' title='bbox 385 524 514 575; x_wconf 90' lang='lat' dir='ltr'><strong>centum</strong></span> <span class='ocrx_word' id='word_1_29' title='bbox 528 510 659 610; x_wconf 71' lang='lat' dir='ltr'><strong>triginta</strong></span> <span class='ocrx_word' id='word_1_30' title='bbox 676 510 816 577; x_wconf 91' lang='lat' dir='ltr'><strong>millibus</strong></span> <span class='ocrx_word' id='word_1_31' title='bbox 830 513 911 577; x_wconf 86' lang='lat' dir='ltr'><strong>aeris</strong></span> <span class='ocrx_word' id='word_1_32' title='bbox 925 512 1042 579; x_wconf 77' lang='lat' dir='ltr'>locasse</span> <span class='ocrx_word' id='word_1_33' title='bbox 1057 514 1137 580; x_wconf 86' lang='lat' dir='ltr'><strong>dici-</strong></span> 
     </span>
    </p>

    <p class='ocr_par' dir='ltr' id='par_1_5' title="bbox 73 596 1136 697">
     <span class='ocr_line' id='line_1_5' title="bbox 73 596 1136 697; baseline 0.007 -37"><span class='ocrx_word' id='word_1_34' title='bbox 73 611 157 661; x_wconf 88' lang='lat' dir='ltr'><strong>tur.</strong></span> <span class='ocrx_word' id='word_1_35' title='bbox 204 596 338 662; x_wconf 76' lang='lat' dir='ltr'><strong>Tabulis</strong></span> <span class='ocrx_word' id='word_1_36' title='bbox 360 620 489 697; x_wconf 88' lang='lat' dir='ltr'><strong>quoque</strong></span> <span class='ocrx_word' id='word_1_37' title='bbox 511 597 605 684; x_wconf 84' lang='lat' dir='ltr'><strong>picus</strong></span> <span class='ocrx_word' id='word_1_38' title='bbox 625 619 666 661; x_wconf 87' lang='lat' dir='ltr'><strong>ex</strong></span> <span class='ocrx_word' id='word_1_39' title='bbox 685 597 804 684; x_wconf 88' lang='lat' dir='ltr'><strong>praeda</strong></span> <span class='ocrx_word' id='word_1_40' title='bbox 822 598 932 664; x_wconf 64' lang='lat' dir='ltr'><strong>Anum</strong></span> <span class='ocrx_word' id='word_1_41' title='bbox 952 601 1136 689; x_wconf 76' lang='lat' dir='ltr'><strong>Aesculapii</strong></span> 
     </span>
    </p>

    <p class='ocr_par' dir='ltr' id='par_1_6' title="bbox 31 682 1291 860">
     <span class='ocr_line' id='line_1_6' title="bbox 69 682 1270 771; baseline 0.006 -23"><span class='ocrx_word' id='word_1_42' title='bbox 69 683 269 748; x_wconf 74' lang='lat' dir='ltr'><strong>exornavit.</strong></span> <span class='ocrx_word' id='word_1_43' title='bbox 314 683 472 748; x_wconf 84' lang='lat' dir='ltr'><strong>Invrdiam</strong></span> <span class='ocrx_word' id='word_1_44' title='bbox 484 682 718 771; x_wconf 32' lang='lat' dir='ltr'><strong>&#39;infumismque</strong></span> <span class='ocrx_word' id='word_1_45' title='bbox 736 684 775 749; x_wconf 90' lang='lat' dir='ltr'><strong>ab</strong></span> <span class='ocrx_word' id='word_1_46' title='bbox 789 683 941 751; x_wconf 91' lang='lat' dir='ltr'><strong>Lucretio</strong></span> <span class='ocrx_word' id='word_1_47' title='bbox 955 696 1270 756; x_wconf 66' lang='lat' dir='ltr'><strong>averteruntsbderita</strong></span> 
     </span>
     <span class='ocr_line' id='line_1_7' title="bbox 31 769 1291 860; baseline 0.006 -28"><span class='ocrx_word' id='word_1_48' title='bbox 31 799 58 832; x_wconf 82' lang='lat'><em>2</em></span> <span class='ocrx_word' id='word_1_49' title='bbox 75 769 127 834; x_wconf 87' lang='lat' dir='ltr'><strong>iu</strong></span> <span class='ocrx_word' id='word_1_50' title='bbox 142 769 366 847; x_wconf 77' lang='lat' dir='ltr'><strong>Hortensium,</strong></span> <span class='ocrx_word' id='word_1_51' title='bbox 380 791 591 834; x_wconf 81' lang='lat' dir='ltr'><strong>successorem</strong></span> <span class='ocrx_word' id='word_1_52' title='bbox 612 771 690 847; x_wconf 89' lang='lat' dir='ltr'><strong>eius,</strong></span> <span class='ocrx_word' id='word_1_53' title='bbox 707 770 880 836; x_wconf 87' lang='lat' dir='ltr'><strong>Abderitae</strong></span> <span class='ocrx_word' id='word_1_54' title='bbox 903 772 1007 860; x_wconf 81' lang='lat' dir='ltr'><strong>legati,</strong></span> <span class='ocrx_word' id='word_1_55' title='bbox 1022 775 1197 839; x_wconf 78' lang='lat' dir='ltr'><strong>flentesrum</strong></span> <span class='ocrx_word' id='word_1_56' title='bbox 1208 786 1291 832; x_wconf 69' lang='lat' dir='ltr'><strong>quera</strong></span> 
     </span>
    </p>

    <p class='ocr_par' dir='ltr' id='par_1_7' title="bbox 74 833 1291 948">
     <span class='ocr_line' id='line_1_8' title="bbox 74 833 1291 948; baseline 0.005 -28"><span class='ocrx_word' id='word_1_57' title='bbox 74 869 170 921; x_wconf 79' lang='lat' dir='ltr'><strong>ante</strong></span> <span class='ocrx_word' id='word_1_58' title='bbox 189 857 318 934; x_wconf 85' lang='lat' dir='ltr'><strong>curiam,</strong></span> <span class='ocrx_word' id='word_1_59' title='bbox 333 869 576 943; x_wconf 79' lang='lat' dir='ltr'><strong>querentesque,</strong></span> <span class='ocrx_word' id='word_1_60' title='bbox 593 856 766 944; x_wconf 88' lang='lat' dir='ltr'><strong>‘oppidum</strong></span> <span class='ocrx_word' id='word_1_61' title='bbox 788 879 882 923; x_wconf 89' lang='lat' dir='ltr'><strong>suum</strong></span> <span class='ocrx_word' id='word_1_62' title='bbox 902 859 942 924; x_wconf 89' lang='lat' dir='ltr'><strong>ab</strong></span> <span class='ocrx_word' id='word_1_63' title='bbox 963 859 1135 926; x_wconf 89' lang='lat' dir='ltr'><strong>Hortensio</strong></span> <span class='ocrx_word' id='word_1_64' title='bbox 1142 833 1291 948; x_wconf 44' lang='lat' dir='ltr'><strong>mam*</strong></span> 
     </span>
    </p>

    <p class='ocr_par' dir='ltr' id='par_1_8' title="bbox 77 942 1135 1105">
     <span class='ocr_line' id='line_1_9' title="bbox 77 942 1135 1105; baseline 0.007 -99"><span class='ocrx_word' id='word_1_65' title='bbox 77 951 95 979; x_wconf 90' lang='lat'>‘</span> <span class='ocrx_word' id='word_1_66' title='bbox 111 957 337 1105; x_wconf 49' lang='lat' dir='ltr'><strong>effingffim</strong></span> <span class='ocrx_word' id='word_1_67' title='bbox 361 965 398 1007; x_wconf 89' lang='lat' dir='ltr'><strong>ac</strong></span> <span class='ocrx_word' id='word_1_68' title='bbox 422 942 584 1029; x_wconf 87' lang='lat' dir='ltr'><strong>direptum</strong></span> <span class='ocrx_word' id='word_1_69' title='bbox 607 965 683 1007; x_wconf 90' lang='lat' dir='ltr'><strong>esse.</strong></span> <span class='ocrx_word' id='word_1_70' title='bbox 736 942 873 1010; x_wconf 86' lang='lat' dir='ltr'><strong>Causam</strong></span> <span class='ocrx_word' id='word_1_71' title='bbox 898 945 1016 1010; x_wconf 86' lang='lat' dir='ltr'><strong>excidii</strong></span> <span class='ocrx_word' id='word_1_72' title='bbox 1039 947 1135 1014; x_wconf 84' lang='lat' dir='ltr'><strong>firisae</strong></span> 
     </span>
    </p>

    <p class='ocr_par' dir='ltr' id='par_1_9' title="bbox 76 1029 237 1116">
     <span class='ocr_line' id='line_1_10' title="bbox 76 1029 237 1116; baseline 0.006 -50"><span class='ocrx_word' id='word_1_73' title='bbox 76 1037 96 1066; x_wconf 75' lang='lat' dir='ltr'><strong>c</strong></span> <span class='ocrx_word' id='word_1_74' title='bbox 111 1052 135 1092; x_wconf 79' lang='lat' dir='ltr'><strong>u</strong></span> <span class='ocrx_word' id='word_1_75' title='bbox 178 1029 199 1105; x_wconf 60' lang='lat' dir='ltr'><strong>i,</strong></span> <span class='ocrx_word' id='word_1_76' title='bbox 214 1052 237 1116; x_wconf 81' lang='lat' dir='ltr'><strong>q</strong></span> 
     </span>
    </p>
   </div>
   <div class='ocr_carea' id='block_1_3' title="bbox 372 1027 1136 1120">
    <p class='ocr_par' dir='ltr' id='par_1_10' title="bbox 372 1027 1136 1120">
     <span class='ocr_line' id='line_1_11' title="bbox 372 1027 1136 1120; baseline 0.005 -27"><span class='ocrx_word' id='word_1_77' title='bbox 372 1052 426 1093; x_wconf 92' lang='lat' dir='ltr'><strong>um</strong></span> <span class='ocrx_word' id='word_1_78' title='bbox 442 1041 571 1094; x_wconf 90' lang='lat' dir='ltr'><strong>centum</strong></span> <span class='ocrx_word' id='word_1_79' title='bbox 591 1027 691 1094; x_wconf 90' lang='lat' dir='ltr'><strong>millia</strong></span> <span class='ocrx_word' id='word_1_80' title='bbox 704 1028 868 1095; x_wconf 88' lang='lat' dir='ltr'><strong>denarium</strong></span> <span class='ocrx_word' id='word_1_81' title='bbox 884 1045 917 1096; x_wconf 91' lang='lat' dir='ltr'><strong>et</strong></span> <span class='ocrx_word' id='word_1_82' title='bbox 931 1032 1025 1097; x_wconf 90' lang='lat' dir='ltr'><strong>tritici</strong></span> <span class='ocrx_word' id='word_1_83' title='bbox 1041 1035 1136 1120; x_wconf 88' lang='lat' dir='ltr'><strong>quin·</strong></span> 
     </span>
    </p>
   </div>
   <div class='ocr_carea' id='block_1_4' title="bbox 77 1052 1206 1264">
    <p class='ocr_par' dir='ltr' id='par_1_11' title="bbox 77 1052 1206 1264">
     <span class='ocr_line' id='line_1_12' title="bbox 77 1052 1206 1264; baseline 0.017 -94"><span class='ocrx_word' id='word_1_84' title='bbox 77 1123 97 1238; x_wconf 59' lang='grc' dir='ltr'>ἶ</span> <span class='ocrx_word' id='word_1_85' title='bbox 109 1129 271 1264; x_wconf 55' lang='lat' dir='ltr'><strong>quaginta</strong></span> <span class='ocrx_word' id='word_1_86' title='bbox 283 1052 383 1180; x_wconf 78' lang='lat' dir='ltr'><strong>millis</strong></span> <span class='ocrx_word' id='word_1_87' title='bbox 395 1115 538 1180; x_wconf 90' lang='lat' dir='ltr'><strong>modium</strong></span> <span class='ocrx_word' id='word_1_88' title='bbox 552 1116 730 1203; x_wconf 79' lang='lat' dir='ltr'><strong>imperaret,</strong></span> <span class='ocrx_word' id='word_1_89' title='bbox 746 1118 881 1205; x_wconf 86' lang='lat' dir='ltr'><strong>spatium</strong></span> <span class='ocrx_word' id='word_1_90' title='bbox 896 1119 1055 1206; x_wconf 83' lang='lat' dir='ltr'><strong>petierint,</strong></span> <span class='ocrx_word' id='word_1_91' title='bbox 1069 1143 1135 1208; x_wconf 90' lang='lat' dir='ltr'><strong>quo</strong></span> <span class='ocrx_word' id='word_1_92' title='bbox 1202 1155 1206 1158; x_wconf 97' lang='lat'>·</span> 
     </span>
    </p>
   </div>
   <div class='ocr_carea' id='block_1_5' title="bbox 44 1201 1271 3624">
    <p class='ocr_par' dir='ltr' id='par_1_12' title="bbox 81 1201 1135 1464">
     <span class='ocr_line' id='line_1_13' title="bbox 135 1201 1135 1282; baseline 0.007 -16"><span class='ocrx_word' id='word_1_93' title='bbox 135 1224 157 1265; x_wconf 89' lang='lat' dir='ltr'><strong>e</strong></span> <span class='ocrx_word' id='word_1_94' title='bbox 175 1224 214 1266; x_wconf 89' lang='lat' dir='ltr'><strong>ea</strong></span> <span class='ocrx_word' id='word_1_95' title='bbox 226 1224 261 1266; x_wconf 92' lang='lat' dir='ltr'><strong>re</strong></span> <span class='ocrx_word' id='word_1_96' title='bbox 275 1203 363 1266; x_wconf 89' lang='lat' dir='ltr'><strong>etad</strong></span> <span class='ocrx_word' id='word_1_97' title='bbox 379 1201 553 1266; x_wconf 91' lang='lat' dir='ltr'><strong>Hostilium</strong></span> <span class='ocrx_word' id='word_1_98' title='bbox 574 1202 746 1282; x_wconf 86' lang='lat' dir='ltr'><strong>consulem,</strong></span> <span class='ocrx_word' id='word_1_99' title='bbox 762 1217 796 1268; x_wconf 89' lang='lat' dir='ltr'><strong>et</strong></span> <span class='ocrx_word' id='word_1_100' title='bbox 814 1204 949 1270; x_wconf 83' lang='lat' dir='ltr'><strong>Romam</strong></span> <span class='ocrx_word' id='word_1_101' title='bbox 972 1206 1135 1282; x_wconf 82' lang='lat' dir='ltr'><strong>mitterent</strong></span> 
     </span>
     <span class='ocr_line' id='line_1_14' title="bbox 81 1287 1133 1378; baseline 0.008 -28"><span class='ocrx_word' id='word_1_102' title='bbox 81 1287 246 1374; x_wconf 76' lang='lat' dir='ltr'><strong>‘legatos</strong></span> <span class='ocrx_word' id='word_1_103' title='bbox 289 1287 435 1353; x_wconf 81' lang='lat' dir='ltr'><strong>Vixdum</strong></span> <span class='ocrx_word' id='word_1_104' title='bbox 456 1287 497 1354; x_wconf 93' lang='lat' dir='ltr'><strong>ad</strong></span> <span class='ocrx_word' id='word_1_105' title='bbox 518 1287 680 1353; x_wconf 82' lang='lat' dir='ltr'><strong>consulem</strong></span> <span class='ocrx_word' id='word_1_106' title='bbox 700 1312 735 1354; x_wconf 92' lang='lat' dir='ltr'><strong>se</strong></span> <span class='ocrx_word' id='word_1_107' title='bbox 756 1291 945 1378; x_wconf 89' lang='lat' dir='ltr'><strong>pervenisse,</strong></span> <span class='ocrx_word' id='word_1_108' title='bbox 961 1306 994 1357; x_wconf 91' lang='lat' dir='ltr'><strong>et</strong></span> <span class='ocrx_word' id='word_1_109' title='bbox 1010 1294 1133 1358; x_wconf 82' lang='lat' dir='ltr'><strong>audisse</strong></span> 
     </span>
     <span class='ocr_line' id='line_1_15' title="bbox 82 1373 1134 1464; baseline 0.006 -26"><span class='ocrx_word' id='word_1_110' title='bbox 82 1373 271 1461; x_wconf 91' lang='lat' dir='ltr'><strong>‘oppidum</strong></span> <span class='ocrx_word' id='word_1_111' title='bbox 299 1387 527 1462; x_wconf 81' lang='lat' dir='ltr'><strong>expugnatum,</strong></span> <span class='ocrx_word' id='word_1_112' title='bbox 555 1374 715 1462; x_wconf 84' lang='lat' dir='ltr'><strong>principes</strong></span> <span class='ocrx_word' id='word_1_113' title='bbox 743 1377 846 1442; x_wconf 88' lang='lat' dir='ltr'><strong>securi</strong></span> <span class='ocrx_word' id='word_1_114' title='bbox 875 1401 1046 1464; x_wconf 86' lang='lat' dir='ltr'><strong>percussos,</strong></span> <span class='ocrx_word' id='word_1_115' title='bbox 1075 1381 1134 1444; x_wconf 90' lang='lat' dir='ltr'><strong>sub</strong></span> 
     </span>
    </p>

    <p class='ocr_par' dir='ltr' id='par_1_13' title="bbox 44 1460 1134 1634">
     <span class='ocr_line' id='line_1_16' title="bbox 44 1460 1134 1548; baseline 0.006 -24"><span class='ocrx_word' id='word_1_116' title='bbox 44 1491 69 1538; x_wconf 81' lang='lat'>3</span> <span class='ocrx_word' id='word_1_117' title='bbox 85 1468 236 1525; x_wconf 85' lang='lat' dir='ltr'><strong>‘corona</strong></span> <span class='ocrx_word' id='word_1_118' title='bbox 247 1473 368 1526; x_wconf 82' lang='lat' dir='ltr'><strong>ceteros</strong></span> <span class='ocrx_word' id='word_1_119' title='bbox 381 1461 523 1526; x_wconf 67' lang='lat' dir='ltr'><strong>venisse?</strong></span> <span class='ocrx_word' id='word_1_120' title='bbox 566 1460 705 1548; x_wconf 80' lang='lat' dir='ltr'><strong>Indigna</strong></span> <span class='ocrx_word' id='word_1_121' title='bbox 717 1485 768 1528; x_wconf 90' lang='lat' dir='ltr'><strong>res</strong></span> <span class='ocrx_word' id='word_1_122' title='bbox 781 1463 905 1528; x_wconf 87' lang='lat' dir='ltr'><strong>senatui</strong></span> <span class='ocrx_word' id='word_1_123' title='bbox 920 1463 1001 1528; x_wconf 80' lang='lat' dir='ltr'><strong>visa:</strong></span> <span class='ocrx_word' id='word_1_124' title='bbox 1025 1464 1134 1530; x_wconf 90' lang='lat' dir='ltr'><strong>decre-</strong></span> 
     </span>
     <span class='ocr_line' id='line_1_17' title="bbox 86 1547 1133 1634; baseline 0.009 -25"><span class='ocrx_word' id='word_1_125' title='bbox 86 1562 271 1634; x_wconf 86' lang='lat' dir='ltr'><strong>veruntque</strong></span> <span class='ocrx_word' id='word_1_126' title='bbox 293 1547 405 1612; x_wconf 88' lang='lat' dir='ltr'><strong>eadem</strong></span> <span class='ocrx_word' id='word_1_127' title='bbox 422 1548 464 1613; x_wconf 92' lang='lat' dir='ltr'><strong>de</strong></span> <span class='ocrx_word' id='word_1_128' title='bbox 480 1547 653 1625; x_wconf 86' lang='lat' dir='ltr'><strong>Abderitis,</strong></span> <span class='ocrx_word' id='word_1_129' title='bbox 668 1570 751 1634; x_wconf 87' lang='lat' dir='ltr'><strong>quae</strong></span> <span class='ocrx_word' id='word_1_130' title='bbox 772 1548 813 1614; x_wconf 91' lang='lat' dir='ltr'><strong>de</strong></span> <span class='ocrx_word' id='word_1_131' title='bbox 831 1548 1004 1616; x_wconf 86' lang='lat' dir='ltr'><strong>Coronaeis</strong></span> <span class='ocrx_word' id='word_1_132' title='bbox 1024 1550 1133 1618; x_wconf 87' lang='lat' dir='ltr'><strong>decre·</strong></span> 
     </span>
    </p>

    <p class='ocr_par' dir='ltr' id='par_1_14' title="bbox 49 1634 1251 2241">
     <span class='ocr_line' id='line_1_18' title="bbox 49 1634 1131 1784; baseline 0.005 -87"><span class='ocrx_word' id='word_1_133' title='bbox 49 1646 207 1710; x_wconf 81' lang='lat' dir='ltr'><strong>4vernut</strong></span> <span class='ocrx_word' id='word_1_134' title='bbox 229 1635 334 1722; x_wconf 92' lang='lat' dir='ltr'><strong>priore</strong></span> <span class='ocrx_word' id='word_1_135' title='bbox 359 1657 461 1711; x_wconf 88' lang='lat' dir='ltr'><strong>auno;</strong></span> <span class='ocrx_word' id='word_1_136' title='bbox 484 1634 661 1720; x_wconf 88' lang='lat' dir='ltr'><strong>eademque</strong></span> <span class='ocrx_word' id='word_1_137' title='bbox 679 1657 745 1784; x_wconf 70' lang='lat' dir='ltr'><strong>pro</strong></span> <span class='ocrx_word' id='word_1_138' title='bbox 768 1637 920 1701; x_wconf 89' lang='lat' dir='ltr'><strong>concione</strong></span> <span class='ocrx_word' id='word_1_139' title='bbox 942 1636 1065 1702; x_wconf 87' lang='lat' dir='ltr'><strong>edicere</strong></span> <span class='ocrx_word' id='word_1_140' title='bbox 1090 1638 1131 1714; x_wconf 83' lang='lat' dir='ltr'><strong>Q.</strong></span> 
     </span>
     <span class='ocr_line' id='line_1_19' title="bbox 86 1720 1133 1809; baseline 0.005 -25"><span class='ocrx_word' id='word_1_141' title='bbox 86 1720 262 1785; x_wconf 84' lang='lat' dir='ltr'><strong>Maenium</strong></span> <span class='ocrx_word' id='word_1_142' title='bbox 275 1737 454 1809; x_wconf 87' lang='lat' dir='ltr'><strong>praetorem</strong></span> <span class='ocrx_word' id='word_1_143' title='bbox 467 1721 633 1785; x_wconf 83' lang='lat' dir='ltr'><strong>iusserunt</strong></span> <span class='ocrx_word' id='word_1_144' title='bbox 710 1721 831 1808; x_wconf 76' lang='lat' dir='ltr'><strong>tlegati</strong></span> <span class='ocrx_word' id='word_1_145' title='bbox 846 1722 921 1799; x_wconf 91' lang='lat' dir='ltr'><strong>duo,</strong></span> <span class='ocrx_word' id='word_1_146' title='bbox 935 1723 972 1788; x_wconf 92' lang='lat' dir='ltr'><strong>C.</strong></span> <span class='ocrx_word' id='word_1_147' title='bbox 985 1721 1058 1788; x_wconf 89' lang='lat' dir='ltr'><strong>Sem</strong></span> <span class='ocrx_word' id='word_1_148' title='bbox 1082 1746 1133 1790; x_wconf 90' lang='lat' dir='ltr'><strong>ro-</strong></span> 
     </span>
     <span class='ocr_line' id='line_1_20' title="bbox 85 1804 1132 1886; baseline 0.005 -15"><span class='ocrx_word' id='word_1_149' title='bbox 85 1807 168 1872; x_wconf 88' lang='lat' dir='ltr'><strong>nius</strong></span> <span class='ocrx_word' id='word_1_150' title='bbox 187 1806 327 1886; x_wconf 85' lang='lat' dir='ltr'><strong>Blaesus,</strong></span> <span class='ocrx_word' id='word_1_151' title='bbox 345 1807 418 1873; x_wconf 87' lang='lat' dir='ltr'><strong>Sex.</strong></span> <span class='ocrx_word' id='word_1_152' title='bbox 430 1806 530 1871; x_wconf 93' lang='lat' dir='ltr'><strong>Iulius</strong></span> <span class='ocrx_word' id='word_1_153' title='bbox 546 1804 673 1884; x_wconf 87' lang='lat' dir='ltr'><strong>Caesar,</strong></span> <span class='ocrx_word' id='word_1_154' title='bbox 689 1807 731 1872; x_wconf 86' lang='lat' dir='ltr'><strong>ad</strong></span> <span class='ocrx_word' id='word_1_155' title='bbox 752 1808 961 1874; x_wconf 89' lang='lat' dir='ltr'><strong>restituendos</strong></span> <span class='ocrx_word' id='word_1_156' title='bbox 982 1809 1016 1875; x_wconf 92' lang='lat' dir='ltr'><strong>iu</strong></span> <span class='ocrx_word' id='word_1_157' title='bbox 1038 1810 1061 1875; x_wconf 91' lang='lat' dir='ltr'><strong>li</strong></span> <span class='ocrx_word' id='word_1_158' title='bbox 1101 1833 1132 1876; x_wconf 86' lang='lat' dir='ltr'><strong>r·</strong></span> 
     </span>
     <span class='ocr_line' id='line_1_21' title="bbox 85 1891 1131 1973; baseline 0.004 -14"><span class='ocrx_word' id='word_1_159' title='bbox 85 1909 193 1959; x_wconf 87' lang='lat' dir='ltr'><strong>tatem</strong></span> <span class='ocrx_word' id='word_1_160' title='bbox 215 1893 385 1960; x_wconf 88' lang='lat' dir='ltr'><strong>Abderitas</strong></span> <span class='ocrx_word' id='word_1_161' title='bbox 406 1893 500 1958; x_wconf 88' lang='lat' dir='ltr'><strong>missi.</strong></span> <span class='ocrx_word' id='word_1_162' title='bbox 545 1891 663 1958; x_wconf 86' lang='lat' dir='ltr'><strong>Iisdem</strong></span> <span class='ocrx_word' id='word_1_163' title='bbox 685 1894 879 1973; x_wconf 84' lang='lat' dir='ltr'><strong>mandatum,</strong></span> <span class='ocrx_word' id='word_1_164' title='bbox 895 1909 931 1961; x_wconf 89' lang='lat' dir='ltr'><strong>ut</strong></span> <span class='ocrx_word' id='word_1_165' title='bbox 945 1909 979 1962; x_wconf 88' lang='lat' dir='ltr'><strong>et</strong></span> <span class='ocrx_word' id='word_1_166' title='bbox 993 1895 1131 1963; x_wconf 89' lang='lat' dir='ltr'><strong>Hostilio</strong></span> 
     </span>
     <span class='ocr_line' id='line_1_22' title="bbox 85 1979 1251 2068; baseline 0.003 -23"><span class='ocrx_word' id='word_1_167' title='bbox 85 1980 219 2046; x_wconf 89' lang='lat' dir='ltr'><strong>consuli</strong></span> <span class='ocrx_word' id='word_1_168' title='bbox 231 1995 265 2046; x_wconf 93' lang='lat' dir='ltr'><strong>et</strong></span> <span class='ocrx_word' id='word_1_169' title='bbox 278 1980 452 2046; x_wconf 86' lang='lat' dir='ltr'><strong>Hortensio</strong></span> <span class='ocrx_word' id='word_1_170' title='bbox 465 1979 602 2068; x_wconf 90' lang='lat' dir='ltr'><strong>praetori</strong></span> <span class='ocrx_word' id='word_1_171' title='bbox 615 1980 808 2058; x_wconf 90' lang='lat' dir='ltr'><strong>nuntiarent,</strong></span> <span class='ocrx_word' id='word_1_172' title='bbox 823 1997 977 2060; x_wconf 85' lang='lat' dir='ltr'><strong>senatum,</strong></span> <span class='ocrx_word' id='word_1_173' title='bbox 993 1983 1131 2048; x_wconf 90' lang='lat' dir='ltr'><strong>Abderi·</strong></span> <span class='ocrx_word' id='word_1_174' title='bbox 1248 2033 1251 2041; x_wconf 86' lang='lat'><strong>.</strong></span> 
     </span>
     <span class='ocr_line' id='line_1_23' title="bbox 86 2066 1130 2156; baseline 0.002 -24"><span class='ocrx_word' id='word_1_175' title='bbox 86 2069 134 2132; x_wconf 87' lang='lat' dir='ltr'><strong>tis</strong></span> <span class='ocrx_word' id='word_1_176' title='bbox 162 2068 312 2133; x_wconf 90' lang='lat' dir='ltr'><strong>iniustum</strong></span> <span class='ocrx_word' id='word_1_177' title='bbox 334 2067 453 2132; x_wconf 89' lang='lat' dir='ltr'><strong>bellum</strong></span> <span class='ocrx_word' id='word_1_178' title='bbox 477 2066 610 2144; x_wconf 87' lang='lat' dir='ltr'><strong>illatum,</strong></span> <span class='ocrx_word' id='word_1_179' title='bbox 635 2067 843 2154; x_wconf 85' lang='lat' dir='ltr'><strong>conquirique</strong></span> <span class='ocrx_word' id='word_1_180' title='bbox 869 2091 988 2146; x_wconf 85' lang='lat' dir='ltr'><strong>omues,</strong></span> <span class='ocrx_word' id='word_1_181' title='bbox 1014 2070 1130 2156; x_wconf 91' lang='lat' dir='ltr'><strong>quiin</strong></span> 
     </span>
     <span class='ocr_line' id='line_1_24' title="bbox 84 2153 1065 2241; baseline 0.003 -23"><span class='ocrx_word' id='word_1_182' title='bbox 84 2155 242 2219; x_wconf 72' lang='lat' dir='ltr'><strong>servitute</strong></span> <span class='ocrx_word' id='word_1_183' title='bbox 256 2155 330 2231; x_wconf 83' lang='lat' dir='ltr'><strong>siut,</strong></span> <span class='ocrx_word' id='word_1_184' title='bbox 344 2167 378 2219; x_wconf 91' lang='lat' dir='ltr'><strong>et</strong></span> <span class='ocrx_word' id='word_1_185' title='bbox 390 2153 512 2220; x_wconf 73' lang='lat' dir='ltr'><strong>restitm</strong></span> <span class='ocrx_word' id='word_1_186' title='bbox 526 2154 561 2218; x_wconf 91' lang='lat' dir='ltr'><strong>in</strong></span> <span class='ocrx_word' id='word_1_187' title='bbox 575 2153 761 2230; x_wconf 87' lang='lat' dir='ltr'><strong>libertatem,</strong></span> <span class='ocrx_word' id='word_1_188' title='bbox 777 2175 914 2241; x_wconf 87' lang='lat' dir='ltr'><strong>aequum</strong></span> <span class='ocrx_word' id='word_1_189' title='bbox 928 2178 1065 2221; x_wconf 78' lang='lat' dir='ltr'><strong>censere.</strong></span> 
     </span>
    </p>

    <p class='ocr_par' dir='ltr' id='par_1_15' title="bbox 84 2238 1271 2848">
     <span class='ocr_line' id='line_1_25' title="bbox 134 2238 1227 2329; baseline 0.004 -24"><span class='ocrx_word' id='word_1_190' title='bbox 134 2239 261 2305; x_wconf 88' lang='lat' dir='ltr'><strong>Eodem</strong></span> <span class='ocrx_word' id='word_1_191' title='bbox 283 2255 425 2328; x_wconf 89' lang='lat' dir='ltr'><strong>tempore</strong></span> <span class='ocrx_word' id='word_1_192' title='bbox 447 2239 489 2304; x_wconf 91' lang='lat' dir='ltr'><strong>de</strong></span> <span class='ocrx_word' id='word_1_193' title='bbox 510 2241 548 2305; x_wconf 89' lang='lat' dir='ltr'><strong>C.</strong></span> <span class='ocrx_word' id='word_1_194' title='bbox 564 2238 684 2316; x_wconf 86' lang='lat' dir='ltr'><strong>Cassio,</strong></span> <span class='ocrx_word' id='word_1_195' title='bbox 707 2239 761 2326; x_wconf 91' lang='lat' dir='ltr'><strong>qui</strong></span> <span class='ocrx_word' id='word_1_196' title='bbox 786 2240 896 2306; x_wconf 89' lang='lat' dir='ltr'><strong>consul</strong></span> <span class='ocrx_word' id='word_1_197' title='bbox 918 2241 1021 2329; x_wconf 91' lang='lat' dir='ltr'><strong>priore</strong></span> <span class='ocrx_word' id='word_1_198' title='bbox 1044 2265 1129 2309; x_wconf 86' lang='lat' dir='ltr'><strong>anuo</strong></span> <span class='ocrx_word' id='word_1_199' title='bbox 1196 2254 1227 2318; x_wconf 85' lang='lat'><strong>5.</strong></span> 
     </span>
     <span class='ocr_line' id='line_1_26' title="bbox 84 2323 1262 2405; baseline 0.005 -15"><span class='ocrx_word' id='word_1_200' title='bbox 84 2327 205 2405; x_wconf 83' lang='lat' dir='ltr'><strong>fuerat,</strong></span> <span class='ocrx_word' id='word_1_201' title='bbox 220 2340 287 2391; x_wconf 91' lang='lat' dir='ltr'><strong>tum</strong></span> <span class='ocrx_word' id='word_1_202' title='bbox 302 2327 447 2392; x_wconf 83' lang='lat' dir='ltr'><strong>tribunus</strong></span> <span class='ocrx_word' id='word_1_203' title='bbox 466 2325 603 2390; x_wconf 91' lang='lat' dir='ltr'><strong>militum</strong></span> <span class='ocrx_word' id='word_1_204' title='bbox 622 2325 657 2388; x_wconf 92' lang='lat' dir='ltr'><strong>iu</strong></span> <span class='ocrx_word' id='word_1_205' title='bbox 672 2323 863 2392; x_wconf 88' lang='lat' dir='ltr'><strong>Macedonia</strong></span> <span class='ocrx_word' id='word_1_206' title='bbox 876 2349 949 2392; x_wconf 90' lang='lat' dir='ltr'><strong>cum</strong></span> <span class='ocrx_word' id='word_1_207' title='bbox 965 2330 1006 2394; x_wconf 93' lang='lat' dir='ltr'><strong>A.</strong></span> <span class='ocrx_word' id='word_1_208' title='bbox 1021 2328 1129 2396; x_wconf 88' lang='lat' dir='ltr'><strong>Hosti·</strong></span> <span class='ocrx_word' id='word_1_209' title='bbox 1138 2338 1262 2395; x_wconf 72' lang='lat' dir='ltr'><strong>Querelae</strong></span> 
     </span>
     <span class='ocr_line' id='line_1_27' title="bbox 84 2404 1271 2515; baseline 0.002 -36"><span class='ocrx_word' id='word_1_210' title='bbox 84 2414 133 2479; x_wconf 92' lang='lat' dir='ltr'><strong>lio</strong></span> <span class='ocrx_word' id='word_1_211' title='bbox 148 2428 227 2492; x_wconf 86' lang='lat' dir='ltr'><strong>erat,</strong></span> <span class='ocrx_word' id='word_1_212' title='bbox 241 2413 388 2501; x_wconf 86' lang='lat' dir='ltr'><strong>querelae</strong></span> <span class='ocrx_word' id='word_1_213' title='bbox 409 2414 452 2479; x_wconf 88' lang='lat' dir='ltr'><strong>ad</strong></span> <span class='ocrx_word' id='word_1_214' title='bbox 472 2425 617 2477; x_wconf 84' lang='lat' dir='ltr'><strong>senatum</strong></span> <span class='ocrx_word' id='word_1_215' title='bbox 633 2412 758 2477; x_wconf 86' lang='lat' dir='ltr'><strong>delatae</strong></span> <span class='ocrx_word' id='word_1_216' title='bbox 775 2428 859 2493; x_wconf 82' lang='lat' dir='ltr'><strong>sunt,</strong></span> <span class='ocrx_word' id='word_1_217' title='bbox 875 2429 908 2480; x_wconf 91' lang='lat' dir='ltr'><strong>et</strong></span> <span class='ocrx_word' id='word_1_218' title='bbox 928 2415 1024 2515; x_wconf 76' lang='lat' dir='ltr'><strong>legati</strong></span> <span class='ocrx_word' id='word_1_219' title='bbox 1046 2404 1169 2503; x_wconf 44' lang='lat' dir='ltr'><strong>regis&amp;</strong></span> <span class='ocrx_word' id='word_1_220' title='bbox 1179 2405 1271 2457; x_wconf 53' lang='grc' dir='ltr'><strong>Μ</strong></span> 
     </span>
     <span class='ocr_line' id='line_1_28' title="bbox 87 2497 1127 2568; baseline 0.003 -3"><span class='ocrx_word' id='word_1_221' title='bbox 87 2499 259 2565; x_wconf 85' lang='lat' dir='ltr'><strong>Gallorum</strong></span> <span class='ocrx_word' id='word_1_222' title='bbox 275 2499 426 2565; x_wconf 86' lang='lat' dir='ltr'><strong>Cincibili</strong></span> <span class='ocrx_word' id='word_1_223' title='bbox 441 2513 604 2565; x_wconf 88' lang='lat' dir='ltr'><strong>venerunt</strong></span> <span class='ocrx_word' id='word_1_224' title='bbox 648 2497 759 2565; x_wconf 86' lang='lat' dir='ltr'><strong>Frater</strong></span> <span class='ocrx_word' id='word_1_225' title='bbox 773 2501 841 2565; x_wconf 91' lang='lat' dir='ltr'><strong>eius</strong></span> <span class='ocrx_word' id='word_1_226' title='bbox 856 2502 950 2567; x_wconf 88' lang='lat' dir='ltr'><strong>verba</strong></span> <span class='ocrx_word' id='word_1_227' title='bbox 964 2524 998 2566; x_wconf 86' lang='lat' dir='ltr'><strong>ru</strong></span> <span class='ocrx_word' id='word_1_228' title='bbox 1016 2518 1127 2568; x_wconf 88' lang='lat' dir='ltr'><strong>senatu</strong></span> 
     </span>
     <span class='ocr_line' id='line_1_29' title="bbox 84 2584 1130 2685; baseline 0.005 -36"><span class='ocrx_word' id='word_1_229' title='bbox 84 2587 177 2665; x_wconf 82' lang='lat' dir='ltr'><strong>fecit,</strong></span> <span class='ocrx_word' id='word_1_230' title='bbox 192 2599 331 2674; x_wconf 88' lang='lat' dir='ltr'><strong>questus,</strong></span> <span class='ocrx_word' id='word_1_231' title='bbox 347 2586 538 2673; x_wconf 90' lang='lat' dir='ltr'><strong>Alpinorum</strong></span> <span class='ocrx_word' id='word_1_232' title='bbox 559 2584 749 2685; x_wconf 90' lang='lat' dir='ltr'><strong>populorum</strong></span> <span class='ocrx_word' id='word_1_233' title='bbox 771 2609 860 2674; x_wconf 86' lang='lat' dir='ltr'><strong>agros</strong></span> <span class='ocrx_word' id='word_1_234' title='bbox 882 2587 1037 2652; x_wconf 92' lang='lat' dir='ltr'><strong>sociorum</strong></span> <span class='ocrx_word' id='word_1_235' title='bbox 1057 2610 1130 2655; x_wconf 90' lang='lat' dir='ltr'><strong>suo-</strong></span> 
     </span>
     <span class='ocr_line' id='line_1_30' title="bbox 85 2670 1131 2760; baseline 0.004 -23"><span class='ocrx_word' id='word_1_236' title='bbox 85 2696 164 2737; x_wconf 88' lang='lat' dir='ltr'><strong>rum</strong></span> <span class='ocrx_word' id='word_1_237' title='bbox 184 2672 411 2760; x_wconf 89' lang='lat' dir='ltr'><strong>depopulatum</strong></span> <span class='ocrx_word' id='word_1_238' title='bbox 434 2672 474 2738; x_wconf 89' lang='lat' dir='ltr'><strong>C.</strong></span> <span class='ocrx_word' id='word_1_239' title='bbox 489 2670 635 2736; x_wconf 76' lang='lat' dir='ltr'><strong>Cassium</strong></span> <span class='ocrx_word' id='word_1_240' title='bbox 656 2694 734 2749; x_wconf 89' lang='lat' dir='ltr'><strong>esse,</strong></span> <span class='ocrx_word' id='word_1_241' title='bbox 757 2688 790 2738; x_wconf 90' lang='lat' dir='ltr'><strong>et</strong></span> <span class='ocrx_word' id='word_1_242' title='bbox 810 2673 886 2737; x_wconf 91' lang='lat' dir='ltr'><strong>iude</strong></span> <span class='ocrx_word' id='word_1_243' title='bbox 911 2673 1011 2739; x_wconf 85' lang='lat' dir='ltr'><strong>multa</strong></span> <span class='ocrx_word' id='word_1_244' title='bbox 1031 2676 1131 2741; x_wconf 91' lang='lat' dir='ltr'><strong>millia</strong></span> 
     </span>
     <span class='ocr_line' id='line_1_31' title="bbox 85 2757 1130 2848; baseline 0.006 -26"><span class='ocrx_word' id='word_1_245' title='bbox 85 2758 258 2823; x_wconf 91' lang='lat' dir='ltr'><strong>homiuum</strong></span> <span class='ocrx_word' id='word_1_246' title='bbox 272 2760 307 2824; x_wconf 91' lang='lat' dir='ltr'><strong>in</strong></span> <span class='ocrx_word' id='word_1_247' title='bbox 321 2759 505 2825; x_wconf 89' lang='lat' dir='ltr'><strong>servitutem</strong></span> <span class='ocrx_word' id='word_1_248' title='bbox 518 2757 699 2845; x_wconf 87' lang='lat' dir='ltr'><strong>abripuisse.</strong></span> <span class='ocrx_word' id='word_1_249' title='bbox 736 2758 803 2825; x_wconf 87' lang='lat' dir='ltr'><strong>Sub</strong></span> <span class='ocrx_word' id='word_1_250' title='bbox 817 2758 904 2824; x_wconf 90' lang='lat' dir='ltr'><strong>idem</strong></span> <span class='ocrx_word' id='word_1_251' title='bbox 914 2775 1039 2848; x_wconf 89' lang='lat' dir='ltr'><strong>tempus</strong></span> <span class='ocrx_word' id='word_1_252' title='bbox 1050 2761 1130 2828; x_wconf 87' lang='lat' dir='ltr'><strong>Car-</strong></span> 
     </span>
    </p>

    <p class='ocr_par' dir='ltr' id='par_1_16' title="bbox 60 2843 1130 3624">
     <span class='ocr_line' id='line_1_32' title="bbox 60 2843 1129 2945; baseline 0.002 -33"><span class='ocrx_word' id='word_1_253' title='bbox 60 2862 208 2913; x_wconf 84' lang='lat' dir='ltr'><strong>6uorum</strong></span> <span class='ocrx_word' id='word_1_254' title='bbox 221 2844 437 2933; x_wconf 89' lang='lat' dir='ltr'><strong>Istrorumque</strong></span> <span class='ocrx_word' id='word_1_255' title='bbox 454 2859 489 2911; x_wconf 89' lang='lat' dir='ltr'><strong>et</strong></span> <span class='ocrx_word' id='word_1_256' title='bbox 508 2844 664 2945; x_wconf 83' lang='lat' dir='ltr'><strong>Iapydum</strong></span> <span class='ocrx_word' id='word_1_257' title='bbox 685 2843 782 2931; x_wconf 78' lang='lat' dir='ltr'><strong>legati</strong></span> <span class='ocrx_word' id='word_1_258' title='bbox 803 2860 975 2912; x_wconf 85' lang='lat' dir='ltr'><strong>venerunt:</strong></span> <span class='ocrx_word' id='word_1_259' title='bbox 1002 2847 1129 2915; x_wconf 88' lang='lat' dir='ltr'><strong>‘Duces</strong></span> 
     </span>
     <span class='ocr_line' id='line_1_33' title="bbox 86 2931 1129 3022; baseline 0.003 -25"><span class='ocrx_word' id='word_1_260' title='bbox 86 2932 173 2997; x_wconf 86' lang='lat' dir='ltr'><strong>‘sibi</strong></span> <span class='ocrx_word' id='word_1_261' title='bbox 187 2932 228 2997; x_wconf 92' lang='lat' dir='ltr'><strong>ab</strong></span> <span class='ocrx_word' id='word_1_262' title='bbox 241 2932 370 2998; x_wconf 86' lang='lat' dir='ltr'><strong>consule</strong></span> <span class='ocrx_word' id='word_1_263' title='bbox 387 2931 497 2997; x_wconf 87' lang='lat' dir='ltr'><strong>Cassio</strong></span> <span class='ocrx_word' id='word_1_264' title='bbox 511 2954 648 3019; x_wconf 81' lang='lat' dir='ltr'><strong>primum</strong></span> <span class='ocrx_word' id='word_1_265' title='bbox 662 2932 840 3020; x_wconf 89' lang='lat' dir='ltr'><strong>imperatos,</strong></span> <span class='ocrx_word' id='word_1_266' title='bbox 856 2934 912 3022; x_wconf 88' lang='lat' dir='ltr'><strong>qui</strong></span> <span class='ocrx_word' id='word_1_267' title='bbox 927 2935 961 2998; x_wconf 92' lang='lat' dir='ltr'><strong>in</strong></span> <span class='ocrx_word' id='word_1_268' title='bbox 977 2933 1129 3001; x_wconf 90' lang='lat' dir='ltr'><strong>Macedo-</strong></span> 
     </span>
     <span class='ocr_line' id='line_1_34' title="bbox 87 3018 1128 3109; baseline 0.005 -26"><span class='ocrx_word' id='word_1_269' title='bbox 87 3020 200 3085; x_wconf 90' lang='lat' dir='ltr'><strong>‘niam</strong></span> <span class='ocrx_word' id='word_1_270' title='bbox 214 3019 345 3085; x_wconf 89' lang='lat' dir='ltr'><strong>ducenti</strong></span> <span class='ocrx_word' id='word_1_271' title='bbox 359 3019 534 3084; x_wconf 86' lang='lat' dir='ltr'><strong>exercitum</strong></span> <span class='ocrx_word' id='word_1_272' title='bbox 548 3018 609 3083; x_wconf 91' lang='lat' dir='ltr'><strong>iter</strong></span> <span class='ocrx_word' id='word_1_273' title='bbox 622 3033 848 3087; x_wconf 89' lang='lat' dir='ltr'><strong>monstrarent:</strong></span> <span class='ocrx_word' id='word_1_274' title='bbox 870 3034 1015 3109; x_wconf 88' lang='lat' dir='ltr'><strong>pacatum</strong></span> <span class='ocrx_word' id='word_1_275' title='bbox 1031 3024 1071 3087; x_wconf 89' lang='lat' dir='ltr'><strong>ab</strong></span> <span class='ocrx_word' id='word_1_276' title='bbox 1084 3046 1128 3102; x_wconf 88' lang='lat' dir='ltr'><strong>se,</strong></span> 
     </span>
     <span class='ocr_line' id='line_1_35' title="bbox 88 3104 1130 3193; baseline 0.005 -23"><span class='ocrx_word' id='word_1_277' title='bbox 88 3116 265 3193; x_wconf 86' lang='lat' dir='ltr'><strong>‘tanquam</strong></span> <span class='ocrx_word' id='word_1_278' title='bbox 279 3106 321 3171; x_wconf 92' lang='lat' dir='ltr'><strong>ad</strong></span> <span class='ocrx_word' id='word_1_279' title='bbox 334 3104 422 3170; x_wconf 87' lang='lat' dir='ltr'><strong>aliud</strong></span> <span class='ocrx_word' id='word_1_280' title='bbox 436 3104 556 3171; x_wconf 89' lang='lat' dir='ltr'><strong>bellum</strong></span> <span class='ocrx_word' id='word_1_281' title='bbox 614 3105 760 3184; x_wconf 91' lang='lat' dir='ltr'><strong>rendum,</strong></span> <span class='ocrx_word' id='word_1_282' title='bbox 775 3107 892 3172; x_wconf 90' lang='lat' dir='ltr'><strong>abisse:</strong></span> <span class='ocrx_word' id='word_1_283' title='bbox 915 3107 991 3173; x_wconf 89' lang='lat' dir='ltr'><strong>iude</strong></span> <span class='ocrx_word' id='word_1_284' title='bbox 1006 3131 1047 3175; x_wconf 90' lang='lat' dir='ltr'><strong>ex</strong></span> <span class='ocrx_word' id='word_1_285' title='bbox 1062 3131 1130 3175; x_wconf 91' lang='lat' dir='ltr'><strong>me-</strong></span> 
     </span>
     <span class='ocr_line' id='line_1_36' title="bbox 88 3191 1128 3283; baseline 0.003 -26"><span class='ocrx_word' id='word_1_286' title='bbox 88 3193 167 3257; x_wconf 90' lang='lat' dir='ltr'><strong>‘dio</strong></span> <span class='ocrx_word' id='word_1_287' title='bbox 182 3214 357 3279; x_wconf 77' lang='lat' dir='ltr'><strong>regressum</strong></span> <span class='ocrx_word' id='word_1_288' title='bbox 372 3192 485 3258; x_wconf 86' lang='lat' dir='ltr'><strong>itinere</strong></span> <span class='ocrx_word' id='word_1_289' title='bbox 500 3191 558 3255; x_wconf 87' lang='lat' dir='ltr'><strong>hos</strong></span> <span class='ocrx_word' id='word_1_290' title='bbox 573 3192 579 3206; x_wconf 90' lang='lat'>&#39;</span> <span class='ocrx_word' id='word_1_291' title='bbox 594 3191 656 3256; x_wconf 88' lang='lat' dir='ltr'><strong>iter</strong></span> <span class='ocrx_word' id='word_1_292' title='bbox 669 3214 846 3280; x_wconf 80' lang='lat' dir='ltr'><strong>peragrasse</strong></span> <span class='ocrx_word' id='word_1_293' title='bbox 858 3194 938 3259; x_wconf 89' lang='lat' dir='ltr'><strong>fines</strong></span> <span class='ocrx_word' id='word_1_294' title='bbox 948 3217 1037 3260; x_wconf 87' lang='lat' dir='ltr'><strong>suos:</strong></span> <span class='ocrx_word' id='word_1_295' title='bbox 1058 3218 1128 3283; x_wconf 83' lang='lat' dir='ltr'><strong>pas·</strong></span> 
     </span>
     <span class='ocr_line' id='line_1_37' title="bbox 88 3277 1129 3366; baseline 0.003 -23"><span class='ocrx_word' id='word_1_296' title='bbox 88 3281 172 3343; x_wconf 89' lang='lat' dir='ltr'><strong>‘sim</strong></span> <span class='ocrx_word' id='word_1_297' title='bbox 189 3279 378 3366; x_wconf 86' lang='lat' dir='ltr'><strong>rapinasque</strong></span> <span class='ocrx_word' id='word_1_298' title='bbox 399 3293 433 3344; x_wconf 92' lang='lat' dir='ltr'><strong>et</strong></span> <span class='ocrx_word' id='word_1_299' title='bbox 453 3277 603 3343; x_wconf 88' lang='lat' dir='ltr'><strong>incendia</strong></span> <span class='ocrx_word' id='word_1_300' title='bbox 616 3278 714 3343; x_wconf 85' lang='lat' dir='ltr'><strong>lacta:</strong></span> <span class='ocrx_word' id='word_1_301' title='bbox 739 3301 798 3345; x_wconf 89' lang='lat' dir='ltr'><strong>uec</strong></span> <span class='ocrx_word' id='word_1_302' title='bbox 815 3304 848 3346; x_wconf 89' lang='lat' dir='ltr'><strong>se</strong></span> <span class='ocrx_word' id='word_1_303' title='bbox 871 3281 912 3346; x_wconf 90' lang='lat' dir='ltr'><strong>ad</strong></span> <span class='ocrx_word' id='word_1_304' title='bbox 933 3282 967 3347; x_wconf 94' lang='lat' dir='ltr'><strong>id</strong></span> <span class='ocrx_word' id='word_1_305' title='bbox 987 3281 1129 3346; x_wconf 90' lang='lat' dir='ltr'><strong>locorum</strong></span> 
     </span>
     <span class='ocr_line' id='line_1_38' title="bbox 89 3365 1129 3453; baseline 0.001 -22"><span class='ocrx_word' id='word_1_306' title='bbox 89 3366 203 3442; x_wconf 67' lang='lat' dir='ltr'><strong>‘seire</strong></span> <span class='ocrx_word' id='word_1_307' title='bbox 240 3388 276 3431; x_wconf 88' lang='lat' dir='ltr'><strong>ro</strong></span> <span class='ocrx_word' id='word_1_308' title='bbox 299 3380 349 3430; x_wconf 92' lang='lat' dir='ltr'><strong>ter</strong></span> <span class='ocrx_word' id='word_1_309' title='bbox 362 3388 457 3452; x_wconf 90' lang='lat' dir='ltr'><strong>quam</strong></span> <span class='ocrx_word' id='word_1_310' title='bbox 472 3386 597 3429; x_wconf 71' lang='lat' dir='ltr'><strong>caumm</strong></span> <span class='ocrx_word' id='word_1_311' title='bbox 615 3365 737 3430; x_wconf 90' lang='lat' dir='ltr'><strong>consuli</strong></span> <span class='ocrx_word' id='word_1_312' title='bbox 756 3389 813 3453; x_wconf 93' lang='lat' dir='ltr'><strong>pro</strong></span> <span class='ocrx_word' id='word_1_313' title='bbox 833 3367 975 3431; x_wconf 87' lang='lat' dir='ltr'><strong>hostibus</strong></span> <span class='ocrx_word' id='word_1_314' title='bbox 993 3368 1129 3433; x_wconf 77' lang='lat' dir='ltr'><strong>fiterint&#39;</strong></span> 
     </span>
     <span class='ocr_line' id='line_1_39' title="bbox 89 3388 1128 3538; baseline -0.002 -21"><span class='ocrx_word' id='word_1_315' title='bbox 89 3453 134 3517; x_wconf 86' lang='lat' dir='ltr'><strong>Et</strong></span> <span class='ocrx_word' id='word_1_316' title='bbox 148 3388 259 3538; x_wconf 79' lang='lat' dir='ltr'><strong>regulo</strong></span> <span class='ocrx_word' id='word_1_317' title='bbox 276 3388 441 3516; x_wconf 66' lang='lat' dir='ltr'><strong>banorum</strong></span> <span class='ocrx_word' id='word_1_318' title='bbox 455 3451 588 3527; x_wconf 90' lang='lat' dir='ltr'><strong>absenti,</strong></span> <span class='ocrx_word' id='word_1_319' title='bbox 604 3465 638 3515; x_wconf 93' lang='lat' dir='ltr'><strong>et</strong></span> <span class='ocrx_word' id='word_1_320' title='bbox 658 3450 708 3515; x_wconf 89' lang='lat' dir='ltr'><strong>his</strong></span> <span class='ocrx_word' id='word_1_321' title='bbox 728 3450 854 3538; x_wconf 88' lang='lat' dir='ltr'><strong>populis</strong></span> <span class='ocrx_word' id='word_1_322' title='bbox 873 3472 1056 3537; x_wconf 87' lang='lat' dir='ltr'><strong>responsum</strong></span> <span class='ocrx_word' id='word_1_323' title='bbox 1071 3468 1128 3529; x_wconf 87' lang='lat' dir='ltr'><strong>eat,</strong></span> 
     </span>
     <span class='ocr_line' id='line_1_40' title="bbox 89 3534 1128 3624; baseline -0.003 -20"><span class='ocrx_word' id='word_1_324' title='bbox 89 3539 267 3604; x_wconf 90' lang='lat' dir='ltr'><strong>‘Senatum</strong></span> <span class='ocrx_word' id='word_1_325' title='bbox 289 3559 336 3614; x_wconf 89' lang='lat' dir='ltr'><strong>ea,</strong></span> <span class='ocrx_word' id='word_1_326' title='bbox 359 3559 442 3624; x_wconf 87' lang='lat' dir='ltr'><strong>quae</strong></span> <span class='ocrx_word' id='word_1_327' title='bbox 462 3535 546 3602; x_wconf 85' lang='lat' dir='ltr'><strong>faeta</strong></span> <span class='ocrx_word' id='word_1_328' title='bbox 566 3552 749 3623; x_wconf 88' lang='lat' dir='ltr'><strong>querantur,</strong></span> <span class='ocrx_word' id='word_1_329' title='bbox 772 3558 877 3623; x_wconf 91' lang='lat' dir='ltr'><strong>neque</strong></span> <span class='ocrx_word' id='word_1_330' title='bbox 900 3536 992 3600; x_wconf 88' lang='lat' dir='ltr'><strong>scisse</strong></span> <span class='ocrx_word' id='word_1_331' title='bbox 1014 3534 1128 3615; x_wconf 86' lang='lat' dir='ltr'><strong>futura,</strong></span> 
     </span>
    </p>
   </div>
   <div class='ocr_carea' id='block_1_6' title="bbox 88 3772 1130 4413">
    <p class='ocr_par' dir='ltr' id='par_1_17' title="bbox 88 3772 1130 4084">
     <span class='ocr_line' id='line_1_41' title="bbox 116 3772 1130 3835; baseline -0.005 -8"><span class='ocrx_word' id='word_1_332' title='bbox 116 3772 594 3835; x_wconf 69' lang='lat' dir='ltr'><strong>21nrrortemtum‚succesmem]ninc</strong></span> <span class='ocrx_word' id='word_1_333' title='bbox 626 3777 662 3820; x_wconf 90' lang='lat' dir='ltr'><strong>tet</strong></span> <span class='ocrx_word' id='word_1_334' title='bbox 675 3787 705 3820; x_wconf 79' lang='lat' dir='ltr'><strong>ex</strong></span> <span class='ocrx_word' id='word_1_335' title='bbox 717 3772 822 3833; x_wconf 86' lang='lat' dir='ltr'><strong>eoquod</strong></span> <span class='ocrx_word' id='word_1_336' title='bbox 838 3786 902 3819; x_wconf 87' lang='lat' dir='ltr'><strong>nunc</strong></span> <span class='ocrx_word' id='word_1_337' title='bbox 917 3786 1013 3833; x_wconf 85' lang='lat' dir='ltr'><strong>quoque</strong></span> <span class='ocrx_word' id='word_1_338' title='bbox 1029 3772 1053 3822; x_wconf 91' lang='lat' dir='ltr'><strong>in</strong></span> <span class='ocrx_word' id='word_1_339' title='bbox 1070 3776 1130 3823; x_wconf 85' lang='lat' dir='ltr'><strong>urba</strong></span> 
     </span>
     <span class='ocr_line' id='line_1_42' title="bbox 88 3836 1130 3905; baseline -0.006 -14"><span class='ocrx_word' id='word_1_340' title='bbox 88 3848 191 3905; x_wconf 82' lang='lat' dir='ltr'><strong>apparet</strong></span> <span class='ocrx_word' id='word_1_341' title='bbox 208 3838 367 3889; x_wconf 81' lang='lat' dir='ltr'><strong>Hortensium</strong></span> <span class='ocrx_word' id='word_1_342' title='bbox 383 3838 431 3887; x_wconf 90' lang='lat' dir='ltr'><strong>hoc</strong></span> <span class='ocrx_word' id='word_1_343' title='bbox 446 3851 511 3886; x_wconf 85' lang='lat' dir='ltr'><strong>anno</strong></span> <span class='ocrx_word' id='word_1_344' title='bbox 526 3851 593 3899; x_wconf 86' lang='lat' dir='ltr'><strong>prae·</strong></span> <span class='ocrx_word' id='word_1_345' title='bbox 625 3836 672 3894; x_wconf 81' lang='lat' dir='ltr'><strong>sit3</strong></span> <span class='ocrx_word' id='word_1_346' title='bbox 688 3836 847 3898; x_wconf 82' lang='lat' dir='ltr'><strong>peregrinam,</strong></span> <span class='ocrx_word' id='word_1_347' title='bbox 861 3850 892 3883; x_wconf 89' lang='lat' dir='ltr'><strong>ex</strong></span> <span class='ocrx_word' id='word_1_348' title='bbox 909 3850 938 3883; x_wconf 90' lang='lat' dir='ltr'><strong>eo</strong></span> <span class='ocrx_word' id='word_1_349' title='bbox 954 3838 1019 3898; x_wconf 93' lang='lat' dir='ltr'><strong>quod</strong></span> <span class='ocrx_word' id='word_1_350' title='bbox 1036 3838 1130 3901; x_wconf 80' lang='lat' dir='ltr'><strong>collega</strong></span> 
     </span>
     <span class='ocr_line' id='line_1_43' title="bbox 88 3898 1130 3964; baseline -0.005 -9"><span class='ocrx_word' id='word_1_351' title='bbox 88 3915 165 3955; x_wconf 87' lang='lat' dir='ltr'><strong>torem</strong></span> <span class='ocrx_word' id='word_1_352' title='bbox 188 3905 270 3961; x_wconf 75' lang='lat' dir='ltr'><strong>briaae,</strong></span> <span class='ocrx_word' id='word_1_353' title='bbox 291 3908 317 3951; x_wconf 86' lang='lat' dir='ltr'><strong>et</strong></span> <span class='ocrx_word' id='word_1_354' title='bbox 340 3904 440 3951; x_wconf 81' lang='lat' dir='ltr'><strong>classem</strong></span> <span class='ocrx_word' id='word_1_355' title='bbox 468 3916 525 3950; x_wconf 88' lang='lat' dir='ltr'><strong>eum</strong></span> <span class='ocrx_word' id='word_1_356' title='bbox 551 3916 595 3949; x_wconf 86' lang='lat' dir='ltr'><strong>ora</strong></span> <span class='ocrx_word' id='word_1_357' title='bbox 625 3898 1130 3964; x_wconf 73' lang='lat' dir='ltr'><strong>eiusM.Resus,inrr.11.eaagar,quaa</strong></span> 
     </span>
     <span class='ocr_line' id='line_1_44' title="bbox 89 3962 1128 4028; baseline -0.005 -9"><span class='ocrx_word' id='word_1_358' title='bbox 89 3970 208 4019; x_wconf 82' lang='lat' dir='ltr'><strong>Graeciae</strong></span> <span class='ocrx_word' id='word_1_359' title='bbox 238 3966 363 4016; x_wconf 85' lang='lat' dir='ltr'><strong>maritima</strong></span> <span class='ocrx_word' id='word_1_360' title='bbox 393 3966 504 4016; x_wconf 87' lang='lat' dir='ltr'><strong>sortitum</strong></span> <span class='ocrx_word' id='word_1_361' title='bbox 534 3980 593 4013; x_wconf 87' lang='lat' dir='ltr'><strong>esse.</strong></span> <span class='ocrx_word' id='word_1_362' title='bbox 625 3964 657 4011; x_wconf 87' lang='lat' dir='ltr'><strong>sd</strong></span> <span class='ocrx_word' id='word_1_363' title='bbox 674 3962 790 4025; x_wconf 87' lang='lat' dir='ltr'><strong>praetoris</strong></span> <span class='ocrx_word' id='word_1_364' title='bbox 801 3962 885 4013; x_wconf 86' lang='lat' dir='ltr'><strong>urbani</strong></span> <span class='ocrx_word' id='word_1_365' title='bbox 901 3965 1008 4014; x_wconf 86' lang='lat' dir='ltr'><strong>officium</strong></span> <span class='ocrx_word' id='word_1_366' title='bbox 1025 3966 1128 4028; x_wconf 79' lang='lat' dir='ltr'><strong>pertine</strong></span> 
     </span>
     <span class='ocr_line' id='line_1_45' title="bbox 89 4028 790 4084; baseline -0.011 0"><span class='ocrx_word' id='word_1_367' title='bbox 89 4036 168 4084; x_wconf 70' lang='lat' dir='ltr'><strong>eurr.</strong></span> <span class='ocrx_word' id='word_1_368' title='bbox 624 4029 693 4076; x_wconf 88' lang='lat' dir='ltr'><strong>bant.</strong></span> <span class='ocrx_word' id='word_1_369' title='bbox 710 4028 790 4077; x_wconf 74' lang='lat' dir='ltr'><strong>Cass.</strong></span> 
     </span>
    </p>

    <p class='ocr_par' dir='ltr' id='par_1_18' title="bbox 88 4092 1129 4220">
     <span class='ocr_line' id='line_1_46' title="bbox 119 4092 1127 4159; baseline -0.006 -12"><span class='ocrx_word' id='word_1_370' title='bbox 119 4099 259 4159; x_wconf 74' lang='lat' dir='ltr'><strong>3Indiprra</strong></span> <span class='ocrx_word' id='word_1_371' title='bbox 275 4097 423 4147; x_wconf 76' lang='lat' dir='ltr'><strong>maenatni</strong></span> <span class='ocrx_word' id='word_1_372' title='bbox 439 4096 505 4154; x_wconf 79' lang='lat' dir='ltr'><strong>oisc]</strong></span> <span class='ocrx_word' id='word_1_373' title='bbox 534 4093 593 4141; x_wconf 80' lang='lat' dir='ltr'><strong>Vox</strong></span> <span class='ocrx_word' id='word_1_374' title='bbox 656 4093 909 4153; x_wconf 72' lang='lat' dir='ltr'><strong>5Reqr&#39;rGoIlorum]</strong></span> <span class='ocrx_word' id='word_1_375' title='bbox 933 4108 965 4141; x_wconf 89' lang='lat' dir='ltr'><strong>sc.</strong></span> <span class='ocrx_word' id='word_1_376' title='bbox 978 4092 1068 4153; x_wconf 87' lang='lat' dir='ltr'><strong>Populi</strong></span> <span class='ocrx_word' id='word_1_377' title='bbox 1085 4108 1127 4141; x_wconf 89' lang='lat' dir='ltr'><strong>cu·</strong></span> 
     </span>
     <span class='ocr_line' id='line_1_47' title="bbox 88 4155 1129 4220; baseline -0.005 -11"><span class='ocrx_word' id='word_1_378' title='bbox 88 4179 127 4211; x_wconf 82' lang='lat' dir='ltr'><strong>m</strong></span> <span class='ocrx_word' id='word_1_379' title='bbox 135 4178 152 4210; x_wconf 87' lang='lat' dir='ltr'><strong>a</strong></span> <span class='ocrx_word' id='word_1_380' title='bbox 162 4161 270 4211; x_wconf 81' lang='lat' dir='ltr'><strong>Gronov.</strong></span> <span class='ocrx_word' id='word_1_381' title='bbox 282 4175 358 4208; x_wconf 84' lang='lat' dir='ltr'><strong>maan</strong></span> <span class='ocrx_word' id='word_1_382' title='bbox 368 4161 393 4207; x_wconf 87' lang='lat' dir='ltr'><strong>in</strong></span> <span class='ocrx_word' id='word_1_383' title='bbox 404 4165 499 4207; x_wconf 82' lang='lat' dir='ltr'><strong>textum</strong></span> <span class='ocrx_word' id='word_1_384' title='bbox 512 4156 584 4207; x_wconf 86' lang='lat' dir='ltr'><strong>venit.</strong></span> <span class='ocrx_word' id='word_1_385' title='bbox 623 4156 718 4205; x_wconf 88' lang='lat' dir='ltr'><strong>iusdam</strong></span> <span class='ocrx_word' id='word_1_386' title='bbox 727 4155 925 4220; x_wconf 84' lang='lat' dir='ltr'><strong>Transalpini,ut</strong></span> <span class='ocrx_word' id='word_1_387' title='bbox 933 4172 963 4205; x_wconf 84' lang='lat' dir='ltr'><strong>ex</strong></span> <span class='ocrx_word' id='word_1_388' title='bbox 972 4156 1129 4217; x_wconf 87' lang='lat' dir='ltr'><strong>sequentibus</strong></span> 
     </span>
    </p>

    <p class='ocr_par' dir='ltr' id='par_1_19' title="bbox 89 4221 1129 4413">
     <span class='ocr_line' id='line_1_48' title="bbox 119 4221 734 4287; baseline -0.013 -12"><span class='ocrx_word' id='word_1_389' title='bbox 119 4227 314 4287; x_wconf 79' lang='lat' dir='ltr'><strong>4Q.Maerrr&#39;usr</strong></span> <span class='ocrx_word' id='word_1_390' title='bbox 322 4225 471 4286; x_wconf 69' lang='lat' dir='ltr'><strong>maerorem]</strong></span> <span class='ocrx_word' id='word_1_391' title='bbox 489 4221 592 4270; x_wconf 88' lang='lat' dir='ltr'><strong>Hicba·</strong></span> <span class='ocrx_word' id='word_1_392' title='bbox 624 4224 734 4283; x_wconf 88' lang='lat' dir='ltr'><strong>apparet.</strong></span> 
     </span>
     <span class='ocr_line' id='line_1_49' title="bbox 89 4282 1129 4349; baseline -0.01 -10"><span class='ocrx_word' id='word_1_393' title='bbox 89 4292 173 4339; x_wconf 88' lang='lat' dir='ltr'><strong>bemus</strong></span> <span class='ocrx_word' id='word_1_394' title='bbox 190 4290 292 4339; x_wconf 84' lang='lat' dir='ltr'><strong>alterius</strong></span> <span class='ocrx_word' id='word_1_395' title='bbox 311 4288 393 4337; x_wconf 84' lang='lat' dir='ltr'><strong>adhuc</strong></span> <span class='ocrx_word' id='word_1_396' title='bbox 414 4286 531 4349; x_wconf 87' lang='lat' dir='ltr'><strong>praetoris</strong></span> <span class='ocrx_word' id='word_1_397' title='bbox 550 4301 593 4335; x_wconf 88' lang='lat' dir='ltr'><strong>uo-</strong></span> <span class='ocrx_word' id='word_1_398' title='bbox 660 4282 825 4347; x_wconf 74' lang='lat' dir='ltr'><strong>6Iapydam]</strong></span> <span class='ocrx_word' id='word_1_399' title='bbox 859 4285 911 4342; x_wconf 77' lang='lat' dir='ltr'><strong>Qui</strong></span> <span class='ocrx_word' id='word_1_400' title='bbox 932 4284 994 4335; x_wconf 83' lang='lat' dir='ltr'><strong>inter</strong></span> <span class='ocrx_word' id='word_1_401' title='bbox 1016 4282 1129 4346; x_wconf 82' lang='lat' dir='ltr'><strong>Illyricos</strong></span> 
     </span>
     <span class='ocr_line' id='line_1_50' title="bbox 90 4348 815 4413; baseline -0.006 -10"><span class='ocrx_word' id='word_1_402' title='bbox 90 4370 159 4403; x_wconf 84' lang='lat' dir='ltr'><strong>men:</strong></span> <span class='ocrx_word' id='word_1_403' title='bbox 176 4354 217 4403; x_wconf 87' lang='lat' dir='ltr'><strong>cui</strong></span> <span class='ocrx_word' id='word_1_404' title='bbox 226 4351 417 4403; x_wconf 83' lang='lat' dir='ltr'><strong>iurisdictionem</strong></span> <span class='ocrx_word' id='word_1_405' title='bbox 427 4348 541 4413; x_wconf 73' lang='lat' dir='ltr'><strong>obtigisse</strong></span> <span class='ocrx_word' id='word_1_406' title='bbox 551 4364 592 4412; x_wconf 87' lang='lat' dir='ltr'><strong>pa-</strong></span> <span class='ocrx_word' id='word_1_407' title='bbox 625 4348 729 4413; x_wconf 87' lang='lat' dir='ltr'><strong>populos</strong></span> <span class='ocrx_word' id='word_1_408' title='bbox 740 4354 815 4399; x_wconf 86' lang='lat' dir='ltr'><strong>erant.</strong></span> 
     </span>
    </p>
   </div>
   <div class='ocr_carea' id='block_1_7' title="bbox 0 0 1472 4800">
    <p class='ocr_par' dir='ltr' id='par_1_20' title="bbox 0 0 1472 4800">
     <span class='ocr_line' id='line_1_51' title="bbox 0 0 1472 4800; baseline 0 0"><span class='ocrx_word' id='word_1_409' title='bbox 0 0 1472 4800; x_wconf 95' lang='lat' dir='ltr'><strong> </strong></span> 
     </span>
    </p>
   </div>
  </div>
 </body>
</html>
