2934 4800
246 665 573 740 SYLLABUS
619 667 934 752 CODICUM‚

155 891 529 990 QUIBUS
592 893 683 976 IN
742 893 1011 979 LlVlO

284 1133 603 1193 ancnnsnnoo
633 1134 751 1193 usus
781 1135 884 1194 sun

245 1361 314 1420 [EX
341 1360 553 1411 EDITIONE
578 1359 926 1420 DRAKENBOBCH.]

484 1583 683 1618 ...a-4...—

99 1785 155 1848 Et
170 1785 290 1869 quidun
305 1785 349 1848 ud
361 1785 490 1848 Decoda
501 1787 637 1870 primam
652 1787 686 1850 ln'
699 1788 775 1849 miti
784 1798 907 1871 praesto
911 1790 1053 1872 suerum.

134 1981 465 2066 LORENTINUS,
507 1989 537 2053 ui
563 2003 704 2055 servatur
727 1989 906 2056 Florentiae
932 1992 966 2054 in
992 1990 1107 2056 biblio·

159 2071 254 2137 theca
272 2073 470 2140 Serenissimi
589 2076 600 2140 i
617 2075 764 2141 Etruriae
780 2077 881 2142 Ducis
897 2076 1055 2153 Medioea,
1070 2099 1108 2140 aa

57 2171 189 2223 sotatur
213 2181 347 2224 numero
374 2160 503 2226 XVIII.
586 2162 667 2238 uine,
694 2185 768 2226 oum
792 2162 887 2227 editis
912 2163 1027 2240 collati,
1054 2187 1108 2228 va·

57 2246 176 2310 iantes
212 2244 372 2324 lectiones,
406 2270 425 2312 a
453 2249 520 2312 viro
551 2246 774 2313 Eruditiasimo
804 2248 930 2314 Abbote
960 2250 1105 2315 Antonio

57 2329 166 2395 Maria
197 2329 335 2397 Salvinio
365 2355 450 2398 anno
488 2332 621 2401 01010
634 2331 833 2399 CCXVIII
867 2335 1036 2414 confectas,
1065 2358 1107 2401 ex

58 2418 311 2505 peregrinatione
342 2417 452 2485 Italica
481 2421 513 2485 in
545 2421 696 2509 Angliam
726 2422 843 2499 attulit,
873 2434 906 2486 et
936 2422 1108 2487 liberaliter

58 2527 186 2569 mecum
211 2506 456 2571 communicavit
478 2505 710 2572 Illustrissimus
734 2508 875 2572 Thomas
899 2506 1000 2584 Coke,
1022 2508 1106 2572 Baro

58 2590 100 2654 ile
118 2590 226 2655 Lovel.
267 2590 389 2656 Verum
405 2614 506 2678 quum
521 2615 560 2659 eo
574 2593 704 2658 demum
721 2607 863 2679 tempore
880 2592 921 2657 ad
936 2615 988 2658 me
1003 2594 1107 2658 adfer·

58 2692 180 2754 rentur,
196 2690 365 2828 &finam
388 2679 658 2779 typographorum
676 2678 877 2779 'operaeiam
902 2678 944 2779 ad
965 2677 1019 2743 lib.
1044 2678 1106 2744 III.

58 2762 232 2914 “Elimia
258 2850 295 2914 n
318 2777 844 2927 gebelimilollimnpiiii
858 2778 1105 2930 latitant?
1223 2938 1227 2943 ,

62 2959 130 3021 quo
139 2935 204 3000 loco
215 2935 335 3037 aliquid
346 2960 462 3003 vacuae
472 2874 598 3002 chartae
609 2950 782 3087 suffrenat,
792 2938 951 3003 subiunxi.
980 2936 1106 3003 Eodem

64 3022 127 3085 hoc
146 3021 249 3087 codice
269 3045 302 3085 m
323 3023 508 3089 edomanda
526 3023 624 3088 altera
675 3023 728 3087 ivii
749 3024 900 3101 editione,
916 3047 999 3111 quae
1020 3048 1106 3091 anno

69 3108 118 3173 CI
126 3107 345 3173 DIOCLXV.
373 3109 500 3197 prodiit,
528 3131 603 3174 usus
629 3122 677 3173 est
706 3106 731 3172 I.
757 3109 808 3173 Fr.
832 3109 1022 3187 Gronovius,
1049 3135 1106 3175 ex·

68 3209 171 3281 cerpta
190 3196 257 3260 eius
282 3208 394 3261 nactus
418 3196 534 3282 partim
560 3218 579 3259 a
604 3194 792 3259 consobrino
818 3217 876 3259 suo
900 3197 992 3260 Luca
1018 3197 1106 3260 Lan-

69 3282 418 3433 tultltllllt:
437 3278 781 3454 ,lt‘tltltltlt
804 3292 1107 3453 ‘letitabat

72 3454 220 3541 spicilegia
248 3454 358 3519 relicta
386 3390 491 3533 fuisse,
523 3476 582 3519 nec
607 3475 647 3518 eo
672 3435 867 3517 consulendis
896 3474 948 3517 me
978 3476 1106 3540 operam

74 3540 172 3605 lusisse
186 3540 388 3627 deprehendi.

116 3625 155 3690 II
176 3626 410 3692 Faaouannun
442 3627 770 3692 anaacannmnuu
800 3639 849 3691 eet
877 3626 979 3689 codex
1006 3647 1106 3691 mem·

76 3715 240 3790 branaoeus,
278 3714 378 3778 forma
417 3713 537 3791 maiori,
575 3736 671 3800 quem
709 3712 823 3800 Hagae
861 3709 1026 3776 Comitum
1069 3713 1105 3776 in

80 3799 206 3863 auctione
221 3799 367 3899 quadam,
384 3822 465 3885 quae
480 3799 605 3865 Petavii
624 3812 658 3863 et
677 3797 845 3863 Mansartii
865 3796 995 3862 nomina
1014 3819 1105 3884 prae·

80 3886 192 3962 serebat,
206 3884 404 3952 divenditum
425 3885 526 3951 Henr.
545 3884 645 3949 Hadr.
662 3907 723 3949 van
742 3884 799 3948 der
814 3883 939 3961 March,
955 3884 1106 3969 toparcha

82 3972 112 4035 in
133 3970 215 4048 Leur,
234 3971 295 4037 sibi
314 3973 525 4059 comparavit:
553 3983 663 4059 postea
681 3992 757 4033 vero
776 3970 824 4033 vir
845 3968 973 4034 Clarias.
997 3968 1102 4055 sigeb.

84 4056 320 4145 Havereampius,
347 4080 448 4159 quum
475 4056 668 4123 bibliotheca
694 4054 863 4120 Markiana
887 4053 1014 4142 publice
1040 4055 1105 4121 dis·

85 4142 245 4221 traheretur,
269 4150 396 4221 coemit,
419 4158 452 4208 et
476 4144 585 4208 usibus
610 4142 689 4207 meis
713 4142 852 4228 benigne
878 4139 1018 4206 indulsit
1064 4141 1105 4205 In

86 4230 138 4294 hoc
154 4230 251 4294 codice
274 4252 378 4318 pauca
403 4243 527 4295 tantum
550 4229 622 4293 libri
646 4228 742 4315 primi
765 4241 799 4293 et
821 4226 954 4292 secundi
978 4226 1103 4292 Liviani

87 4316 235 4402 fragmenta
259 4317 435 4381 exstabant.
465 4314 525 4380 'Et
550 4314 681 4401 quidem
707 4312 773 4380 duo
803 4327 926 4381 tautum
955 4336 997 4377 ex
1025 4313 1106 4377 libro

124 4422 184 4467 von.
198 4422 239 4465 m.
920 4420 974 4463 ae
