2934 4800
389 236 486 303 LIB.
508 236 616 303 XLV.
649 236 761 305 CAP.
788 244 839 305 34.
1076 244 1140 306 209

90 380 121 433 et
144 368 185 445 Ο,
203 368 386 438 Maximum
410 372 512 437 lilium
536 394 611 437 cum
633 384 722 460 pmte
745 396 784 439 co
807 374 908 439 iarum
931 372 972 439 ad
994 372 1223 461 deporta-uc.
1240 394 1295 455 585·

90 455 196 523 landos
216 456 353 557 illyrios,
374 460 431 545 qui
449 458 566 524 Persea
584 460 730 525 iuverant
751 396 844 538 bello,
862 460 958 539 misit,
976 460 1077 526 iussos
1095 457 1295 527 adeo-1⁶2·

91 540 221 608 Oricum
243 544 304 609 srbi
327 566 511 611 occurrere:
536 546 614 633 ipse,
638 546 773 633 Epirum
837 560 918 625 tens,
938 546 1059 634 quintis
1079 547 1136 613 de·

89 629 176 694 rimis
203 631 315 695 castris
344 631 550 697 Passaronem
579 633 734 720 pervenit
827 633 892 699 aud
920 633 1031 721 procul
1059 634 1136 699 inde
1192 636 1244 697 34.

88 716 196 781 Anicii
210 728 314 783 castra
327 718 468 783 aberant.
513 718 570 784 Ad
584 741 681 806 quem
700 718 798 785 literis
812 720 925 798 missis,
939 744 981 786 ne
995 721 1076 821 quid
1094 718 1214 787 adlitiri
1226 736 1295 783 rm*

61 814 232 954 rur
247 785 1294 977 aarum

220 937 232 967 2
1116 942 1127 973 2

89 976 259 1041 summissis
278 978 519 1043 centurionibus
537 980 573 1043 in
592 977 731 1065 singulas
750 980 854 1057 urbes,
892 981 925 1045 ui
943 1004 976 1046 se
991 980 1137 1046 dicerent

90 1062 127 1127 ad
145 1062 307 1151 praesidia
328 1064 518 1130 deducenda
538 1065 673 1143 venisse,
696 1079 733 1130 ut
754 1065 845 1131 liberi
868 1004 1029 1155 Epirotae,
1053 1069 1137 1133 sicut

91 1147 295 1227 Macedones,
318 1164 434 1229 efflent,
458 1150 558 1217 denos
583 1152 743 1239 principes
768 1175 809 1217 ex
835 1153 969 1240 singulis
992 1154 1136 1220 evocant

89 1236 286 1301 civitatibus:
318 1237 444 1325 quibus,
469 1260 569 1324 quum
591 1238 819 1316 denuntiasset,
843 1254 881 1305 ut
902 1262 1015 1305 aarum
1039 1253 1135 1326 atque

182 1336 253 1387 tum
283 1324 318 1387 in
347 1323 511 1423 publicum
538 1323 741 1426 proferretur,
766 1347 826 1413 per
853 1348 964 1391 ornnes
992 1326 1136 1391 civitates

89 1430 123 1475 co
165 1421 232 1475 rtes
254 1408 385 1475 dimisrt.
430 1411 519 1476 Ante
541 1436 574 1493 ra
597 1411 773 1489 ulteriores,
788 1434 884 1498 quern
906 1413 941 1476 in
962 1412 1135 1500 propiores,

88 1495 228 1582 profecti,
243 1509 282 1561 ut
295 1518 362 1561 uno
376 1496 429 1561 die
444 1498 479 1561 in
493 1520 604 1563 omnes
617 1498 845 1585 perveniretur.
891 1498 988 1563 Edita
1001 1498 1137 1565 tribunis

88 1582 390 1670 centurionibusque
420 1598 520 1661 erant,
546 1606 627 1671 quae
656 1598 837 1671 egerentem
892 1582 993 1651 Mane
1023 1608 1136 1650 aarum

89 1690 179 1735 omne
196 1681 432 1757 argentumque
446 1670 594 1735 collatum
606 1696 614 1735 9
638 1670 717 1735 hora
731 1683 844 1758 quarta
859 1671 986 1758 signum
1003 1670 1046 1737 ad
1059 1671 1136 1736 diri-

89 1754 219 1841 piendas
240 1756 338 1821 urbes
358 1756 470 1821 datum
492 1770 541 1822 est
562 1757 732 1823 militibus:
758 1770 910 1845 tantaque
949 1757 1046 1823 raeda
1063 1758 1135 1834 fuit,

89 1855 121 1907 ut
139 1842 175 1907 in
194 1843 342 1930 equitem
362 1842 573 1930 quadringeni
592 1843 724 1919 denarii,
739 1843 901 1931 peditibus
919 1780 1037 1911 duceni
1055 1844 1135 1911 diri·

86 1928 248 2007 derentur,
263 1942 362 1995 centu
433 1930 642 2031 uinqusginta
656 1930 756 1995 millia
768 1932 909 2018 capitum
923 1931 1136 1997 humanorum

86 2015 331 2081 abducerentur.
363 1951 482 2081 mliduri
510 2016 627 2082 demde
656 2016 852 2103 direptarum
880 2017 1009 2083 urbium
1037 2018 1136 2083 diruti

87 2115 177 2167 sant:
202 2124 243 2169 ea
256 2101 347 2168 fuere
367 2102 486 2190 oppida
503 2102 587 2169 circa
605 2103 814 2190 septuaginta.
859 2103 1001 2169 Vendita
1013 2103 1137 2255 praeda

86 2188 241 2267 omnium,
257 2188 300 2254 de
314 2211 354 2253 ea
367 2210 492 2254 summa
510 2189 603 2255 militi
622 2202 824 2255 numeratum
841 2203 898 2255 est.
944 2190 1012 2256 Pau
1038 2214 1075 2255 us
1093 2190 1137 2255 ad

86 2297 170 2341 mare
187 2274 327 2342 Oricum
340 2274 516 2353 descendit,
527 2298 742 2364 nequaquam,
757 2290 794 2341 ut
806 2290 893 2342 ratus
907 2290 985 2353 erat,
1000 2277 1137 2366 expletis

85 2362 225 2428 militum
245 2362 379 2428 animis:
402 2361 470 2451 qui,
485 2374 638 2450 tanquam
660 2362 785 2429 nullum
804 2363 839 2428 in
853 2362 1047 2430 Macedonia
1064 2386 1136 2452 ges·

86 2450 200 2516 sissent
213 2449 345 2528 bedam,
360 2462 507 2538 expertes
521 2451 626 2537 regiae
643 2450 780 2539 praedae
794 2473 862 2516 eme
876 2451 1133 2538 indignabantur.

88 2533 176 2602 Orici
191 2557 296 2623 quum
317 2537 425 2601 mimas
443 2559 517 2602 cum
537 2537 685 2638 Scipione
705 2535 824 2602 Nasica
841 2536 1050 2622 Maximoque
1068 2535 1283 2616 filiorautrusin

85 2623 757 2796 9999999
767 2622 929 2775 9999
941 2605 1296 2796 {thri

88 2794 295 2896 Epirotarum
340 2817 577 2883 camanumque
592 2811 672 2875 acto,
685 2797 841 2883 iussisque
855 2795 891 2859 in
905 2794 1030 2861 Italiam
1045 2797 1138 2883 sequi
1169 2748 1256 2784 meua

67 2883 296 2970 rpnncipibus,
308 2905 443 2969 quorum
458 2884 674 2971 cognitionem
688 2905 800 2948 causae
813 2895 996 2959 reservarat,
1011 2896 1045 2949 et
1058 2885 1138 2984 ipse,

87 2970 222 3035 naribus
253 2969 451 3055 exspectatis,
478 2969 594 3056 quibus
623 2991 699 3035 usus
725 2969 954 3035 Macedonicus
978 2981 1139 3036 exercrtus

87 3068 163 3133 erat,
180 3055 217 3120 in
232 3054 359 3120 Italiam
374 3056 504 3121 traiecit.

132 3142 248 3218 Quum
271 3141 350 3207 haec
371 3142 406 3207 in
424 3141 616 3208 Macedonia
634 3142 663 3207 E
686 3143 796 3228 iroque
818 3156 908 3229 gesta
927 3158 1012 3221 aunt,
1031 3143 1139 3230 legati,

88 3226 145 3378 qui
159 3251 237 3294 curn
253 3227 366 3293 Attalo
381 3229 422 3294 ad
435 3228 613 3294 finiendum
628 3165 749 3294 bellum
763 3229 847 3293 inter
859 3229 970 3294 Gallos
983 3242 1017 3295 et
1030 3251 1140 3316 regem

120 3337 276 3380 nmenem
300 3315 386 3380 missi
412 3329 511 3394 erant,
536 3316 572 3380 in
600 3315 710 3380 Asiam
734 3328 956 3402 pervenenmt.
1001 3314 1140 3380 Indutiis

132 3424 148 3466 r
177 3401 319 3466 hiemem
344 3401 444 3480 lactis,
472 3415 506 3468 et
532 3401 618 3468 Galli
644 3401 756 3468 domos
785 3403 938 3479 abierant,
965 3415 999 3467 et
1022 3424 1080 3467 rex
1105 3402 1141 3465 iu

115 3489 228 3553 'berna
259 3501 456 3554 concesserat
485 3489 686 3577 Pergamum,
715 3491 868 3576 gravique
900 3488 1012 3552 morbo
1046 3507 1142 3573 aeger

68 3573 203 3641 anama
253 3573 319 3638 Ver
338 3575 477 3662 primum
498 3599 539 3640 ex
559 3575 655 3642 domo
679 3574 968 3660 excivit:'iamque
991 3571 1143 3661 Synnade

92 3674 316 3748 pervenerant,
328 3683 428 3747 quum
445 3661 606 3727 Eumenes
621 3661 662 3726 ad
679 3661 794 3726 Sardes
807 3660 950 3746 undique
965 3659 1141 3723 exercitum

93 3758 304 3812 contraxerat
350 3747 401 3813 Ibi
415 3762 449 3814 et
463 3747 602 3812 Romani
620 3747 829 3814 Solovettium
844 3747 958 3810 ducem
977 3743 1143 3810 Gallorum

95 3831 119 3898 S
165 3833 257 3900 nadis
272 3833 412 3912 allocuti,
428 3845 461 3900 et
478 3833 605 3900 Attalus
619 3857 693 3899 cum
708 3833 747 3898 iis
764 3832 944 3921 profectus3
966 3832 1023 3898 sed
1043 3843 1144 3897 castra

129 3919 264 3985 allorum
287 3921 404 3985 intrare
427 3943 500 3986 eum
522 3943 586 3984 non
606 3920 793 4009 placuitne
813 3919 911 3984 animi
928 3942 970 3984 ex
987 3919 1144 4006 discepta-

126 4127 277 4178 oseam
297 4131 428 4192 praedam]
463 4126 605 4190 Intelligen-
670 4127 932 4188 8Eaedomoeaeeioit]
959 4125 1146 4190 Satisintelligl-

95 4194 157 4241 dnm
172 4201 210 4242 ea
224 4193 273 4242 hoc
289 4195 344 4243 loco
356 4195 462 4256 scripsit,
473 4193 606 4252 enodavit,
638 4197 679 4240 tur
694 4192 756 4240 haec
769 4190 818 4240 dici
833 4193 864 4240 de
875 4189 963 4240 Gallis
996 4190 1048 4240 Res
1062 4196 1147 4240 tamen

95 4273 111 4305 e
120 4271 172 4320 quo
182 4259 307 4320 pendeant
317 4257 452 4320 sequentia.
470 4258 567 4306 Rusca.
640 4255 727 4304 clarior
738 4261 810 4314 esset,
821 4255 840 4304 si
852 4270 936 4304 eorum
948 4254 1047 4303 nomina
1058 4255 1147 4304 diserte

97 4321 329 4435 ώῆιαηὸνοω]
365 4321 397 4372 In
419 4320 487 4370 aliud
509 4327 609 4382 tempus
640 4319 841 4382 exprimerentur.
858 4321 940 4369 curt.

173 4391 232 4434 erat.
294 4401 336 4436 sa.

140 4465 218 4512 VOL.
234 4469 281 4513 lv.
957 4469 976 4510 P
