<?xml version="1.0" encoding="UTF-8"?>
<!DOCTYPE html PUBLIC "-//W3C//DTD XHTML 1.0 Transitional//EN"
    "http://www.w3.org/TR/xhtml1/DTD/xhtml1-transitional.dtd">
<html xmlns="http://www.w3.org/1999/xhtml" xml:lang="en" lang="en">
 <head>
  <title>
</title>
<meta http-equiv="Content-Type" content="text/html;charset=utf-8" />
  <meta name='ocr-system' content='tesseract 3.04.00' />
  <meta name='ocr-capabilities' content='ocr_page ocr_carea ocr_par ocr_line ocrx_word'/>
</head>
<body>
  <div class='ocr_page' id='page_1' title='image "./tliviipatavinih01kreygoog/tliviipatavinih01kreygoog_0492.png"; bbox 0 0 2934 4800; ppageno 0'>
   <div class='ocr_carea' id='block_1_1' title="bbox 382 221 1069 296">
    <p class='ocr_par' dir='ltr' id='par_1_1' title="bbox 382 221 1069 296">
     <span class='ocr_line' id='line_1_1' title="bbox 382 221 1069 296; baseline -0.007 -3"><span class='ocrx_word' id='word_1_1' title='bbox 382 231 447 296; x_wconf 76' lang='lat'><strong>478</strong></span> <span class='ocrx_word' id='word_1_2' title='bbox 755 221 1069 289; x_wconf 85' lang='lat' dir='ltr'><strong>PRAEFATIO</strong></span> 
     </span>
    </p>
   </div>
   <div class='ocr_carea' id='block_1_2' title="bbox 372 356 1415 4175">
    <p class='ocr_par' dir='ltr' id='par_1_2' title="bbox 372 356 1415 4175">
     <span class='ocr_line' id='line_1_2' title="bbox 385 356 1382 470; baseline -0.008 -18"><span class='ocrx_word' id='word_1_3' title='bbox 385 387 506 452; x_wconf 84' lang='lat' dir='ltr'><strong>editore</strong></span> <span class='ocrx_word' id='word_1_4' title='bbox 526 382 713 462; x_wconf 80' lang='lat' dir='ltr'><strong>oxoniensi,</strong></span> <span class='ocrx_word' id='word_1_5' title='bbox 735 382 854 448; x_wconf 90' lang='lat' dir='ltr'><strong>deinde</strong></span> <span class='ocrx_word' id='word_1_6' title='bbox 877 405 898 447; x_wconf 94' lang='lat' dir='ltr'><strong>a</strong></span> <span class='ocrx_word' id='word_1_7' title='bbox 918 356 1155 448; x_wconf 60' lang='lat' dir='ltr'><strong>Sebaefero‘ex</strong></span> <span class='ocrx_word' id='word_1_8' title='bbox 1177 383 1280 470; x_wconf 82' lang='lat' dir='ltr'><strong>ipsius</strong></span> <span class='ocrx_word' id='word_1_9' title='bbox 1296 379 1382 444; x_wconf 56' lang='grc' dir='ltr'><strong>Ἐπ’</strong></span> 
     </span>
     <span class='ocr_line' id='line_1_3' title="bbox 384 484 1383 576; baseline -0.006 -21"><span class='ocrx_word' id='word_1_10' title='bbox 384 487 519 566; x_wconf 86' lang='lat' dir='ltr'><strong>schedis,</strong></span> <span class='ocrx_word' id='word_1_11' title='bbox 541 487 682 576; x_wconf 88' lang='lat' dir='ltr'><strong>denique</strong></span> <span class='ocrx_word' id='word_1_12' title='bbox 706 509 726 552; x_wconf 87' lang='lat' dir='ltr'><strong>a</strong></span> <span class='ocrx_word' id='word_1_13' title='bbox 748 499 868 552; x_wconf 82' lang='lat' dir='ltr'><strong>memet</strong></span> <span class='ocrx_word' id='word_1_14' title='bbox 891 487 962 574; x_wconf 88' lang='lat' dir='ltr'><strong>ipso</strong></span> <span class='ocrx_word' id='word_1_15' title='bbox 984 507 1026 551; x_wconf 85' lang='lat' dir='ltr'><strong>ex</strong></span> <span class='ocrx_word' id='word_1_16' title='bbox 1048 484 1181 551; x_wconf 79' lang='lat' dir='ltr'><strong>Miilleri</strong></span> <span class='ocrx_word' id='word_1_17' title='bbox 1204 499 1242 551; x_wconf 87' lang='lat' dir='ltr'><strong>et</strong></span> <span class='ocrx_word' id='word_1_18' title='bbox 1263 485 1383 549; x_wconf 57' lang='lat' dir='ltr'><strong>Gestat</strong></span> 
     </span>
     <span class='ocr_line' id='line_1_4' title="bbox 385 585 1385 676; baseline -0.009 -19"><span class='ocrx_word' id='word_1_19' title='bbox 385 589 570 657; x_wconf 86' lang='lat' dir='ltr'><strong>adversariis</strong></span> <span class='ocrx_word' id='word_1_20' title='bbox 601 588 808 656; x_wconf 87' lang='lat' dir='ltr'><strong>emendatum</strong></span> <span class='ocrx_word' id='word_1_21' title='bbox 840 588 1050 676; x_wconf 75' lang='lat' dir='ltr'>plurimisque</span> <span class='ocrx_word' id='word_1_22' title='bbox 1083 588 1313 653; x_wconf 68' lang='lat' dir='ltr'><strong>amasionum</strong></span> <span class='ocrx_word' id='word_1_23' title='bbox 1336 585 1385 648; x_wconf 86' lang='lat' dir='ltr'><strong>brr-</strong></span> 
     </span>
     <span class='ocr_line' id='line_1_5' title="bbox 385 690 1384 784; baseline -0.006 -24"><span class='ocrx_word' id='word_1_24' title='bbox 385 693 540 784; x_wconf 83' lang='lat' dir='ltr'><strong>pletatum</strong></span> <span class='ocrx_word' id='word_1_25' title='bbox 568 715 638 758; x_wconf 88' lang='lat' dir='ltr'><strong>esse</strong></span> <span class='ocrx_word' id='word_1_26' title='bbox 666 705 800 758; x_wconf 82' lang='lat' dir='ltr'><strong>constat.</strong></span> <span class='ocrx_word' id='word_1_27' title='bbox 851 691 1086 757; x_wconf 88' lang='lat' dir='ltr'><strong>Nitidissimam</strong></span> <span class='ocrx_word' id='word_1_28' title='bbox 1114 714 1211 779; x_wconf 92' lang='lat' dir='ltr'><strong>porro</strong></span> <span class='ocrx_word' id='word_1_29' title='bbox 1240 690 1384 773; x_wconf 63' lang='lat' dir='ltr'><strong>emdffirr</strong></span> 
     </span>
     <span class='ocr_line' id='line_1_6' title="bbox 387 794 1386 882; baseline -0.01 -19"><span class='ocrx_word' id='word_1_30' title='bbox 387 797 652 863; x_wconf 80' lang='lat' dir='ltr'><strong>accuratissimam</strong></span> <span class='ocrx_word' id='word_1_31' title='bbox 678 795 765 860; x_wconf 85' lang='lat' dir='ltr'><strong>Livii</strong></span> <span class='ocrx_word' id='word_1_32' title='bbox 789 795 967 860; x_wconf 81' lang='lat' dir='ltr'><strong>editionem</strong></span> <span class='ocrx_word' id='word_1_33' title='bbox 991 794 1224 860; x_wconf 83' lang='lat' dir='ltr'><strong>Lallemandua</strong></span> <span class='ocrx_word' id='word_1_34' title='bbox 1248 794 1350 882; x_wconf 78' lang='lat' dir='ltr'><strong>pararit</strong></span> <span class='ocrx_word' id='word_1_35' title='bbox 1364 808 1386 852; x_wconf 74' lang='lat' dir='ltr'><strong>r.</strong></span> 
     </span>
     <span class='ocr_line' id='line_1_7' title="bbox 386 895 1385 987; baseline -0.003 -23"><span class='ocrx_word' id='word_1_36' title='bbox 386 923 487 987; x_wconf 92' lang='lat' dir='ltr'><strong>quum</strong></span> <span class='ocrx_word' id='word_1_37' title='bbox 519 899 605 965; x_wconf 90' lang='lat' dir='ltr'><strong>locos</strong></span> <span class='ocrx_word' id='word_1_38' title='bbox 637 897 821 986; x_wconf 88' lang='lat' dir='ltr'><strong>permultos,</strong></span> <span class='ocrx_word' id='word_1_39' title='bbox 855 897 989 963; x_wconf 88' lang='lat' dir='ltr'><strong>aliorum</strong></span> <span class='ocrx_word' id='word_1_40' title='bbox 1024 897 1218 985; x_wconf 85' lang='lat' dir='ltr'><strong>plerumque</strong></span> <span class='ocrx_word' id='word_1_41' title='bbox 1251 895 1385 962; x_wconf 60' lang='lat' dir='ltr'><strong>conred</strong></span> 
     </span>
     <span class='ocr_line' id='line_1_8' title="bbox 387 996 1385 1088; baseline -0.005 -21"><span class='ocrx_word' id='word_1_42' title='bbox 387 1003 565 1079; x_wconf 82' lang='lat' dir='ltr'><strong>obsecutus,</strong></span> <span class='ocrx_word' id='word_1_43' title='bbox 589 1001 623 1066; x_wconf 90' lang='lat' dir='ltr'><strong>in</strong></span> <span class='ocrx_word' id='word_1_44' title='bbox 646 1001 808 1088; x_wconf 73' lang='lat' dir='ltr'><strong>integrum</strong></span> <span class='ocrx_word' id='word_1_45' title='bbox 834 1000 1031 1077; x_wconf 72' lang='lat' dir='ltr'><strong>restituiaeet,</strong></span> <span class='ocrx_word' id='word_1_46' title='bbox 1055 1001 1274 1065; x_wconf 76' lang='lat' dir='ltr'><strong>mutationum</strong></span> <span class='ocrx_word' id='word_1_47' title='bbox 1297 996 1385 1062; x_wconf 63' lang='lat' dir='ltr'><strong>omi:</strong></span> 
     </span>
     <span class='ocr_line' id='line_1_9' title="bbox 386 1099 1386 1170; baseline -0.003 0"><span class='ocrx_word' id='word_1_48' title='bbox 386 1104 542 1170; x_wconf 87' lang='lat' dir='ltr'><strong>rationem</strong></span> <span class='ocrx_word' id='word_1_49' title='bbox 557 1103 589 1168; x_wconf 92' lang='lat' dir='ltr'><strong>in</strong></span> <span class='ocrx_word' id='word_1_50' title='bbox 605 1103 689 1168; x_wconf 90' lang='lat' dir='ltr'><strong>notis</strong></span> <span class='ocrx_word' id='word_1_51' title='bbox 703 1102 836 1168; x_wconf 89' lang='lat' dir='ltr'><strong>adiectis</strong></span> <span class='ocrx_word' id='word_1_52' title='bbox 851 1103 1012 1168; x_wconf 87' lang='lat' dir='ltr'><strong>bonafide</strong></span> <span class='ocrx_word' id='word_1_53' title='bbox 1026 1101 1179 1166; x_wconf 82' lang='lat' dir='ltr'><strong>reddidit.</strong></span> <span class='ocrx_word' id='word_1_54' title='bbox 1230 1099 1386 1167; x_wconf 71' lang='lat' dir='ltr'><strong>Salnbsre·</strong></span> 
     </span>
     <span class='ocr_line' id='line_1_10' title="bbox 387 1200 1386 1284; baseline -0.008 -12"><span class='ocrx_word' id='word_1_55' title='bbox 387 1206 505 1273; x_wconf 87' lang='lat' dir='ltr'><strong>deinde</strong></span> <span class='ocrx_word' id='word_1_56' title='bbox 527 1205 668 1284; x_wconf 89' lang='lat' dir='ltr'><strong>consilio,</strong></span> <span class='ocrx_word' id='word_1_57' title='bbox 688 1205 767 1271; x_wconf 89' lang='lat' dir='ltr'><strong>dum</strong></span> <span class='ocrx_word' id='word_1_58' title='bbox 791 1204 876 1270; x_wconf 81' lang='lat' dir='ltr'><strong>Livii</strong></span> <span class='ocrx_word' id='word_1_59' title='bbox 901 1203 1116 1270; x_wconf 76' lang='lat' dir='ltr'><strong>Historiarum</strong></span> <span class='ocrx_word' id='word_1_60' title='bbox 1138 1204 1217 1268; x_wconf 88' lang='lat' dir='ltr'><strong>libri</strong></span> <span class='ocrx_word' id='word_1_61' title='bbox 1239 1225 1309 1268; x_wconf 85' lang='lat' dir='ltr'><strong>curn</strong></span> <span class='ocrx_word' id='word_1_62' title='bbox 1323 1200 1386 1264; x_wconf 60' lang='lat' dir='ltr'><strong>ra}</strong></span> 
     </span>
     <span class='ocr_line' id='line_1_11' title="bbox 387 1299 1386 1396; baseline -0.007 -20"><span class='ocrx_word' id='word_1_63' title='bbox 387 1309 502 1376; x_wconf 90' lang='lat' dir='ltr'><strong>shemii</strong></span> <span class='ocrx_word' id='word_1_64' title='bbox 549 1307 785 1396; x_wconf 77' lang='lat' dir='ltr'><strong>supplementis</strong></span> <span class='ocrx_word' id='word_1_65' title='bbox 824 1307 1028 1373; x_wconf 87' lang='lat' dir='ltr'><strong>Mannhemii</strong></span> <span class='ocrx_word' id='word_1_66' title='bbox 1070 1308 1193 1394; x_wconf 86' lang='lat' dir='ltr'><strong>pariter</strong></span> <span class='ocrx_word' id='word_1_67' title='bbox 1237 1329 1275 1372; x_wconf 85' lang='lat' dir='ltr'><strong>ac</strong></span> <span class='ocrx_word' id='word_1_68' title='bbox 1305 1299 1386 1388; x_wconf 60' lang='lat' dir='ltr'><strong>tte}</strong></span> 
     </span>
     <span class='ocr_line' id='line_1_12' title="bbox 387 1402 1385 1497; baseline -0.006 -17"><span class='ocrx_word' id='word_1_69' title='bbox 387 1414 537 1490; x_wconf 85' lang='lat' dir='ltr'><strong>eduntur,</strong></span> <span class='ocrx_word' id='word_1_70' title='bbox 569 1411 728 1477; x_wconf 80' lang='lat' dir='ltr'><strong>strothius</strong></span> <span class='ocrx_word' id='word_1_71' title='bbox 760 1410 847 1475; x_wconf 87' lang='lat' dir='ltr'><strong>Livii</strong></span> <span class='ocrx_word' id='word_1_72' title='bbox 875 1410 1173 1497; x_wconf 77' lang='lat' dir='ltr'><strong>interpretationem</strong></span> <span class='ocrx_word' id='word_1_73' title='bbox 1205 1402 1385 1496; x_wconf 54' lang='lat' dir='ltr'><strong>suscepit&amp;</strong></span> 
     </span>
     <span class='ocr_line' id='line_1_13' title="bbox 372 1507 1387 1603; baseline -0.013 -21"><span class='ocrx_word' id='word_1_74' title='bbox 372 1515 489 1582; x_wconf 65' lang='lat' dir='ltr'><strong>&#39;morte</strong></span> <span class='ocrx_word' id='word_1_75' title='bbox 518 1527 718 1603; x_wconf 88' lang='lat' dir='ltr'><strong>praematura</strong></span> <span class='ocrx_word' id='word_1_76' title='bbox 749 1513 945 1601; x_wconf 88' lang='lat' dir='ltr'><strong>absumptus,</strong></span> <span class='ocrx_word' id='word_1_77' title='bbox 974 1512 1010 1577; x_wconf 90' lang='lat' dir='ltr'><strong>id</strong></span> <span class='ocrx_word' id='word_1_78' title='bbox 1038 1514 1128 1600; x_wconf 93' lang='lat' dir='ltr'><strong>quod</strong></span> <span class='ocrx_word' id='word_1_79' title='bbox 1160 1532 1341 1601; x_wconf 77' lang='lat' dir='ltr'><strong>magnopere</strong></span> <span class='ocrx_word' id='word_1_80' title='bbox 1357 1507 1387 1569; x_wconf 79' lang='lat' dir='ltr'><strong>o:-</strong></span> 
     </span>
     <span class='ocr_line' id='line_1_14' title="bbox 388 1611 1385 1703; baseline -0.006 -19"><span class='ocrx_word' id='word_1_81' title='bbox 388 1619 520 1684; x_wconf 91' lang='lat' dir='ltr'><strong>lendum</strong></span> <span class='ocrx_word' id='word_1_82' title='bbox 540 1629 597 1695; x_wconf 89' lang='lat' dir='ltr'><strong>est,</strong></span> <span class='ocrx_word' id='word_1_83' title='bbox 613 1615 696 1681; x_wconf 86' lang='lat' dir='ltr'><strong>ultra</strong></span> <span class='ocrx_word' id='word_1_84' title='bbox 717 1614 834 1681; x_wconf 89' lang='lat' dir='ltr'><strong>librum</strong></span> <span class='ocrx_word' id='word_1_85' title='bbox 853 1615 1002 1702; x_wconf 89' lang='lat' dir='ltr'><strong>quintum</strong></span> <span class='ocrx_word' id='word_1_86' title='bbox 1020 1614 1185 1680; x_wconf 88' lang='lat' dir='ltr'><strong>decimum</strong></span> <span class='ocrx_word' id='word_1_87' title='bbox 1207 1611 1339 1703; x_wconf 65' lang='lat' dir='ltr'><strong>progredi</strong></span> <span class='ocrx_word' id='word_1_88' title='bbox 1351 1630 1385 1672; x_wconf 66' lang='lat'><strong>⁵1</strong></span> 
     </span>
     <span class='ocr_line' id='line_1_15' title="bbox 388 1717 1388 1810; baseline -0.006 -22"><span class='ocrx_word' id='word_1_89' title='bbox 388 1723 501 1810; x_wconf 79' lang='lat' dir='ltr'><strong>potuit.</strong></span> <span class='ocrx_word' id='word_1_90' title='bbox 547 1719 588 1786; x_wconf 91' lang='lat' dir='ltr'><strong>In</strong></span> <span class='ocrx_word' id='word_1_91' title='bbox 607 1720 676 1785; x_wconf 88' lang='lat' dir='ltr'><strong>eius</strong></span> <span class='ocrx_word' id='word_1_92' title='bbox 694 1718 800 1784; x_wconf 92' lang='lat' dir='ltr'><strong>locum</strong></span> <span class='ocrx_word' id='word_1_93' title='bbox 820 1718 930 1797; x_wconf 82' lang='lat' dir='ltr'><strong>invita,</strong></span> <span class='ocrx_word' id='word_1_94' title='bbox 944 1730 982 1784; x_wconf 91' lang='lat' dir='ltr'><strong>ut</strong></span> <span class='ocrx_word' id='word_1_95' title='bbox 1003 1718 1104 1796; x_wconf 82' lang='lat' dir='ltr'><strong>aiunt,</strong></span> <span class='ocrx_word' id='word_1_96' title='bbox 1121 1717 1276 1784; x_wconf 67' lang='lat' dir='ltr'><strong>Minerva</strong></span> <span class='ocrx_word' id='word_1_97' title='bbox 1293 1731 1388 1780; x_wconf 66' lang='lat' dir='ltr'><strong>m</strong></span> 
     </span>
     <span class='ocr_line' id='line_1_16' title="bbox 388 1813 1386 1911; baseline -0.004 -22"><span class='ocrx_word' id='word_1_98' title='bbox 388 1823 594 1911; x_wconf 82' lang='lat' dir='ltr'><strong>Doeringius,</strong></span> <span class='ocrx_word' id='word_1_99' title='bbox 610 1823 667 1910; x_wconf 94' lang='lat' dir='ltr'><strong>qui</strong></span> <span class='ocrx_word' id='word_1_100' title='bbox 683 1821 769 1889; x_wconf 82' lang='lat' dir='ltr'><strong>Livii</strong></span> <span class='ocrx_word' id='word_1_101' title='bbox 791 1823 965 1888; x_wconf 86' lang='lat' dir='ltr'><strong>editionem</strong></span> <span class='ocrx_word' id='word_1_102' title='bbox 987 1846 1007 1887; x_wconf 88' lang='lat' dir='ltr'><strong>a</strong></span> <span class='ocrx_word' id='word_1_103' title='bbox 1028 1821 1173 1887; x_wconf 90' lang='lat' dir='ltr'><strong>Strothio</strong></span> <span class='ocrx_word' id='word_1_104' title='bbox 1194 1813 1386 1886; x_wconf 65' lang='lat' dir='ltr'><strong>ineram</strong></span> 
     </span>
     <span class='ocr_line' id='line_1_17' title="bbox 389 1917 1388 2010; baseline -0.012 -16"><span class='ocrx_word' id='word_1_105' title='bbox 389 1926 588 1994; x_wconf 86' lang='lat' dir='ltr'><strong>continuavit</strong></span> <span class='ocrx_word' id='word_1_106' title='bbox 609 1938 643 1991; x_wconf 91' lang='lat' dir='ltr'><strong>et</strong></span> <span class='ocrx_word' id='word_1_107' title='bbox 665 1925 864 1992; x_wconf 79' lang='lat' dir='ltr'><strong>circumactis</strong></span> <span class='ocrx_word' id='word_1_108' title='bbox 884 1924 1015 1990; x_wconf 88' lang='lat' dir='ltr'><strong>demum</strong></span> <span class='ocrx_word' id='word_1_109' title='bbox 1037 1923 1140 1989; x_wconf 80' lang='lat' dir='ltr'><strong>tribua</strong></span> <span class='ocrx_word' id='word_1_110' title='bbox 1161 1937 1198 1990; x_wconf 89' lang='lat' dir='ltr'><strong>et</strong></span> <span class='ocrx_word' id='word_1_111' title='bbox 1219 1921 1323 2010; x_wconf 81' lang='lat' dir='ltr'><strong>viginti</strong></span> <span class='ocrx_word' id='word_1_112' title='bbox 1337 1917 1388 1982; x_wconf 57' lang='lat' dir='ltr'><strong>m*</strong></span> 
     </span>
     <span class='ocr_line' id='line_1_18' title="bbox 390 2021 1386 2115; baseline -0.006 -18"><span class='ocrx_word' id='word_1_113' title='bbox 390 2029 533 2108; x_wconf 86' lang='lat' dir='ltr'><strong>absolvit,</strong></span> <span class='ocrx_word' id='word_1_114' title='bbox 559 2040 606 2107; x_wconf 88' lang='lat' dir='ltr'><strong>ut,</strong></span> <span class='ocrx_word' id='word_1_115' title='bbox 632 2051 733 2115; x_wconf 91' lang='lat' dir='ltr'><strong>quum</strong></span> <span class='ocrx_word' id='word_1_116' title='bbox 763 2027 927 2093; x_wconf 86' lang='lat' dir='ltr'><strong>doctrinae</strong></span> <span class='ocrx_word' id='word_1_117' title='bbox 956 2026 1099 2113; x_wconf 88' lang='lat' dir='ltr'><strong>alioquin</strong></span> <span class='ocrx_word' id='word_1_118' title='bbox 1128 2037 1290 2114; x_wconf 73' lang='lat' dir='ltr'><strong>spectatae</strong></span> <span class='ocrx_word' id='word_1_119' title='bbox 1312 2021 1386 2107; x_wconf 50' lang='grc' dir='ltr'><strong>σφε</strong></span> 
     </span>
     <span class='ocr_line' id='line_1_19' title="bbox 389 2124 1389 2218; baseline -0.004 -21"><span class='ocrx_word' id='word_1_120' title='bbox 389 2132 449 2197; x_wconf 88' lang='lat' dir='ltr'><strong>hac</strong></span> <span class='ocrx_word' id='word_1_121' title='bbox 473 2131 508 2198; x_wconf 88' lang='lat' dir='ltr'><strong>in</strong></span> <span class='ocrx_word' id='word_1_122' title='bbox 529 2154 564 2196; x_wconf 86' lang='lat' dir='ltr'><strong>re</strong></span> <span class='ocrx_word' id='word_1_123' title='bbox 585 2129 760 2196; x_wconf 88' lang='lat' dir='ltr'><strong>desiderari</strong></span> <span class='ocrx_word' id='word_1_124' title='bbox 782 2152 891 2218; x_wconf 84' lang='lat' dir='ltr'><strong>passus</strong></span> <span class='ocrx_word' id='word_1_125' title='bbox 912 2128 962 2207; x_wconf 90' lang='lat' dir='ltr'><strong>sit,</strong></span> <span class='ocrx_word' id='word_1_126' title='bbox 982 2141 1090 2194; x_wconf 90' lang='lat' dir='ltr'><strong>utrum</strong></span> <span class='ocrx_word' id='word_1_127' title='bbox 1112 2129 1203 2194; x_wconf 83' lang='lat' dir='ltr'><strong>Livii</strong></span> <span class='ocrx_word' id='word_1_128' title='bbox 1225 2128 1316 2217; x_wconf 75' lang='lat' dir='ltr'><strong>ipsius</strong></span> <span class='ocrx_word' id='word_1_129' title='bbox 1329 2124 1389 2186; x_wconf 54' lang='lat' dir='ltr'><strong>rit</strong></span> 
     </span>
     <span class='ocr_line' id='line_1_20' title="bbox 389 2225 1386 2321; baseline -0.004 -23"><span class='ocrx_word' id='word_1_130' title='bbox 389 2234 516 2321; x_wconf 79' lang='lat' dir='ltr'><strong>gravius</strong></span> <span class='ocrx_word' id='word_1_131' title='bbox 539 2233 657 2312; x_wconf 87' lang='lat' dir='ltr'><strong>doleas,</strong></span> <span class='ocrx_word' id='word_1_132' title='bbox 683 2255 726 2298; x_wconf 84' lang='lat' dir='ltr'><strong>an</strong></span> <span class='ocrx_word' id='word_1_133' title='bbox 749 2233 880 2298; x_wconf 88' lang='lat' dir='ltr'><strong>editoris</strong></span> <span class='ocrx_word' id='word_1_134' title='bbox 899 2231 1127 2321; x_wconf 78' lang='lat' dir='ltr'><strong>negligentiam</strong></span> <span class='ocrx_word' id='word_1_135' title='bbox 1150 2225 1386 2299; x_wconf 67' lang='lat' dir='ltr'><strong>vehementius</strong></span> 
     </span>
     <span class='ocr_line' id='line_1_21' title="bbox 387 2326 1387 2425; baseline -0.002 -22"><span class='ocrx_word' id='word_1_136' title='bbox 387 2336 538 2425; x_wconf 80' lang='lat' dir='ltr'><strong>digneris,</strong></span> <span class='ocrx_word' id='word_1_137' title='bbox 571 2337 625 2403; x_wconf 85' lang='lat' dir='ltr'><strong>vix</strong></span> <span class='ocrx_word' id='word_1_138' title='bbox 654 2336 742 2425; x_wconf 83' lang='lat' dir='ltr'><strong>apud</strong></span> <span class='ocrx_word' id='word_1_139' title='bbox 770 2337 913 2402; x_wconf 87' lang='lat' dir='ltr'><strong>animum</strong></span> <span class='ocrx_word' id='word_1_140' title='bbox 942 2349 1079 2403; x_wconf 79' lang='lat' dir='ltr'><strong>statuere</strong></span> <span class='ocrx_word' id='word_1_141' title='bbox 1108 2337 1225 2425; x_wconf 84' lang='lat' dir='ltr'><strong>possis.</strong></span> <span class='ocrx_word' id='word_1_142' title='bbox 1269 2326 1387 2421; x_wconf 60' lang='lat' dir='ltr'><strong>Atqtt&#39;ss</strong></span> 
     </span>
     <span class='ocr_line' id='line_1_22' title="bbox 388 2434 1386 2529; baseline -0.003 -20"><span class='ocrx_word' id='word_1_143' title='bbox 388 2441 524 2509; x_wconf 81' lang='lat' dir='ltr'><strong>eandem</strong></span> <span class='ocrx_word' id='word_1_144' title='bbox 538 2439 603 2505; x_wconf 89' lang='lat' dir='ltr'><strong>fere</strong></span> <span class='ocrx_word' id='word_1_145' title='bbox 620 2439 788 2506; x_wconf 90' lang='lat' dir='ltr'><strong>doctorum</strong></span> <span class='ocrx_word' id='word_1_146' title='bbox 807 2440 1085 2529; x_wconf 86' lang='lat' dir='ltr'><strong>reprehensionem</strong></span> <span class='ocrx_word' id='word_1_147' title='bbox 1105 2440 1247 2507; x_wconf 84' lang='lat' dir='ltr'><strong>incurrit</strong></span> <span class='ocrx_word' id='word_1_148' title='bbox 1260 2434 1386 2525; x_wconf 64' lang='lat' dir='ltr'><strong>Rupere</strong></span> 
     </span>
     <span class='ocr_line' id='line_1_23' title="bbox 390 2541 1386 2634; baseline 0.004 -23"><span class='ocrx_word' id='word_1_149' title='bbox 390 2546 457 2634; x_wconf 91' lang='lat' dir='ltr'><strong>qui,</strong></span> <span class='ocrx_word' id='word_1_150' title='bbox 481 2544 556 2609; x_wconf 88' lang='lat' dir='ltr'><strong>licet</strong></span> <span class='ocrx_word' id='word_1_151' title='bbox 579 2566 696 2631; x_wconf 83' lang='lat' dir='ltr'><strong>magno</strong></span> <span class='ocrx_word' id='word_1_152' title='bbox 718 2541 810 2609; x_wconf 89' lang='lat' dir='ltr'><strong>hiatu</strong></span> <span class='ocrx_word' id='word_1_153' title='bbox 835 2542 1054 2631; x_wconf 71' lang='lat' dir='ltr'><strong>promisiaeet³,</strong></span> <span class='ocrx_word' id='word_1_154' title='bbox 1079 2567 1150 2609; x_wconf 91' lang='lat' dir='ltr'><strong>sese</strong></span> <span class='ocrx_word' id='word_1_155' title='bbox 1176 2546 1350 2615; x_wconf 76' lang='lat' dir='ltr'><strong>effectum</strong></span> <span class='ocrx_word' id='word_1_156' title='bbox 1363 2552 1386 2596; x_wconf 61' lang='lat'>²</span> 
     </span>
     <span class='ocr_line' id='line_1_24' title="bbox 390 2646 1385 2736; baseline 0 -23"><span class='ocrx_word' id='word_1_157' title='bbox 390 2648 447 2736; x_wconf 90' lang='lat' dir='ltr'><strong>qui</strong></span> <span class='ocrx_word' id='word_1_158' title='bbox 477 2669 534 2713; x_wconf 85' lang='lat' dir='ltr'><strong>sua</strong></span> <span class='ocrx_word' id='word_1_159' title='bbox 569 2646 711 2711; x_wconf 85' lang='lat' dir='ltr'><strong>editione</strong></span> <span class='ocrx_word' id='word_1_160' title='bbox 749 2658 866 2724; x_wconf 85' lang='lat' dir='ltr'><strong>utatur,</strong></span> <span class='ocrx_word' id='word_1_161' title='bbox 895 2668 1086 2735; x_wconf 88' lang='lat' dir='ltr'><strong>quacunque</strong></span> <span class='ocrx_word' id='word_1_162' title='bbox 1120 2646 1189 2712; x_wconf 87' lang='lat' dir='ltr'><strong>alia</strong></span> <span class='ocrx_word' id='word_1_163' title='bbox 1222 2647 1306 2714; x_wconf 83' lang='lat' dir='ltr'><strong>facile</strong></span> <span class='ocrx_word' id='word_1_164' title='bbox 1330 2652 1385 2730; x_wconf 56' lang='grc' dir='ltr'><strong>ΡΞ</strong></span> 
     </span>
     <span class='ocr_line' id='line_1_25' title="bbox 390 2748 1385 2837; baseline 0 -21"><span class='ocrx_word' id='word_1_165' title='bbox 390 2772 505 2827; x_wconf 84' lang='lat' dir='ltr'><strong>carere,</strong></span> <span class='ocrx_word' id='word_1_166' title='bbox 531 2771 742 2837; x_wconf 85' lang='lat' dir='ltr'><strong>praepropera</strong></span> <span class='ocrx_word' id='word_1_167' title='bbox 772 2764 879 2816; x_wconf 86' lang='lat' dir='ltr'><strong>tamen</strong></span> <span class='ocrx_word' id='word_1_168' title='bbox 900 2750 1099 2816; x_wconf 88' lang='lat' dir='ltr'><strong>festinatione</strong></span> <span class='ocrx_word' id='word_1_169' title='bbox 1122 2765 1158 2815; x_wconf 91' lang='lat' dir='ltr'><strong>et</strong></span> <span class='ocrx_word' id='word_1_170' title='bbox 1182 2748 1385 2817; x_wconf 57' lang='lat' dir='ltr'><strong>remendare</strong></span> 
     </span>
     <span class='ocr_line' id='line_1_26' title="bbox 389 2849 1386 2940; baseline 0.005 -25"><span class='ocrx_word' id='word_1_171' title='bbox 389 2850 529 2916; x_wconf 89' lang='lat' dir='ltr'><strong>iectandi</strong></span> <span class='ocrx_word' id='word_1_172' title='bbox 550 2849 682 2917; x_wconf 90' lang='lat' dir='ltr'><strong>libidine</strong></span> <span class='ocrx_word' id='word_1_173' title='bbox 705 2863 754 2917; x_wconf 90' lang='lat' dir='ltr'><strong>tot</strong></span> <span class='ocrx_word' id='word_1_174' title='bbox 775 2874 813 2917; x_wconf 84' lang='lat' dir='ltr'><strong>ac</strong></span> <span class='ocrx_word' id='word_1_175' title='bbox 837 2852 933 2917; x_wconf 87' lang='lat' dir='ltr'><strong>tantis</strong></span> <span class='ocrx_word' id='word_1_176' title='bbox 954 2851 1129 2940; x_wconf 89' lang='lat' dir='ltr'><strong>implicitus</strong></span> <span class='ocrx_word' id='word_1_177' title='bbox 1151 2868 1208 2920; x_wconf 85' lang='lat' dir='ltr'><strong>est</strong></span> <span class='ocrx_word' id='word_1_178' title='bbox 1228 2851 1386 2920; x_wconf 49' lang='lat' dir='ltr'><strong>erroribusa</strong></span> 
     </span>
     <span class='ocr_line' id='line_1_27' title="bbox 389 2943 1385 3041; baseline 0.004 -23"><span class='ocrx_word' id='word_1_179' title='bbox 389 2954 644 3032; x_wconf 87' lang='lat' dir='ltr'><strong>commentarius,</strong></span> <span class='ocrx_word' id='word_1_180' title='bbox 661 2975 757 3041; x_wconf 91' lang='lat' dir='ltr'><strong>quern</strong></span> <span class='ocrx_word' id='word_1_181' title='bbox 778 2976 819 3019; x_wconf 88' lang='lat' dir='ltr'><strong>ex</strong></span> <span class='ocrx_word' id='word_1_182' title='bbox 834 2953 1090 3021; x_wconf 81' lang='lat' dir='ltr'><strong>Drakenborcbii</strong></span> <span class='ocrx_word' id='word_1_183' title='bbox 1109 2968 1146 3021; x_wconf 89' lang='lat' dir='ltr'><strong>et</strong></span> <span class='ocrx_word' id='word_1_184' title='bbox 1162 2970 1329 3023; x_wconf 83' lang='lat' dir='ltr'><strong>ceterorum</strong></span> <span class='ocrx_word' id='word_1_185' title='bbox 1339 2943 1385 3014; x_wconf 65' lang='lat' dir='ltr'><strong>nr·</strong></span> 
     </span>
     <span class='ocr_line' id='line_1_28' title="bbox 390 3049 1385 3144; baseline -0.001 -24"><span class='ocrx_word' id='word_1_186' title='bbox 390 3056 601 3144; x_wconf 89' lang='lat' dir='ltr'><strong>interpretum</strong></span> <span class='ocrx_word' id='word_1_187' title='bbox 627 3056 885 3123; x_wconf 81' lang='lat' dir='ltr'><strong>annotationibus</strong></span> <span class='ocrx_word' id='word_1_188' title='bbox 909 3057 1149 3137; x_wconf 84' lang='lat' dir='ltr'><strong>consarcinavit,</strong></span> <span class='ocrx_word' id='word_1_189' title='bbox 1174 3060 1236 3124; x_wconf 84' lang='lat' dir='ltr'><strong>vix</strong></span> <span class='ocrx_word' id='word_1_190' title='bbox 1260 3082 1294 3126; x_wconf 88' lang='lat' dir='ltr'><strong>ac</strong></span> <span class='ocrx_word' id='word_1_191' title='bbox 1315 3049 1385 3119; x_wconf 60' lang='lat' dir='ltr'><strong>neu</strong></span> 
     </span>
     <span class='ocr_line' id='line_1_29' title="bbox 392 3158 1384 3249; baseline 0.003 -24"><span class='ocrx_word' id='word_1_192' title='bbox 392 3158 523 3247; x_wconf 89' lang='lat' dir='ltr'><strong>quidem</strong></span> <span class='ocrx_word' id='word_1_193' title='bbox 550 3158 667 3247; x_wconf 84' lang='lat' dir='ltr'><strong>dignus</strong></span> <span class='ocrx_word' id='word_1_194' title='bbox 692 3172 785 3237; x_wconf 83' lang='lat' dir='ltr'><strong>esset,</strong></span> <span class='ocrx_word' id='word_1_195' title='bbox 811 3160 868 3249; x_wconf 92' lang='lat' dir='ltr'><strong>qui</strong></span> <span class='ocrx_word' id='word_1_196' title='bbox 893 3161 1044 3227; x_wconf 78' lang='lat' dir='ltr'><strong>Lutetiae</strong></span> <span class='ocrx_word' id='word_1_197' title='bbox 1068 3161 1270 3228; x_wconf 88' lang='lat' dir='ltr'><strong>Parisiorum</strong></span> <span class='ocrx_word' id='word_1_198' title='bbox 1291 3172 1384 3241; x_wconf 51' lang='lat' dir='ltr'><strong>fenoque</strong></span> 
     </span>
     <span class='ocr_line' id='line_1_30' title="bbox 390 3262 1386 3353; baseline -0.002 -25"><span class='ocrx_word' id='word_1_199' title='bbox 390 3276 487 3328; x_wconf 88' lang='lat' dir='ltr'><strong>retur.</strong></span> <span class='ocrx_word' id='word_1_200' title='bbox 530 3262 698 3329; x_wconf 87' lang='lat' dir='ltr'><strong>Lemarius</strong></span> <span class='ocrx_word' id='word_1_201' title='bbox 713 3263 810 3342; x_wconf 89' lang='lat' dir='ltr'><strong>enirn,</strong></span> <span class='ocrx_word' id='word_1_202' title='bbox 826 3263 1096 3353; x_wconf 87' lang='lat' dir='ltr'><strong>quemadmodum</strong></span> <span class='ocrx_word' id='word_1_203' title='bbox 1110 3264 1146 3328; x_wconf 91' lang='lat' dir='ltr'><strong>in</strong></span> <span class='ocrx_word' id='word_1_204' title='bbox 1161 3264 1297 3330; x_wconf 84' lang='lat' dir='ltr'><strong>edend&#39;s</strong></span> <span class='ocrx_word' id='word_1_205' title='bbox 1306 3262 1386 3326; x_wconf 59' lang='lat' dir='ltr'><strong>dicut</strong></span> 
     </span>
     <span class='ocr_line' id='line_1_31' title="bbox 390 3364 1385 3451; baseline 0.002 -22"><span class='ocrx_word' id='word_1_206' title='bbox 390 3364 579 3451; x_wconf 90' lang='lat' dir='ltr'><strong>scriptorum</strong></span> <span class='ocrx_word' id='word_1_207' title='bbox 616 3364 836 3432; x_wconf 88' lang='lat' dir='ltr'><strong>Romanorum</strong></span> <span class='ocrx_word' id='word_1_208' title='bbox 878 3368 967 3433; x_wconf 87' lang='lat' dir='ltr'><strong>libris</strong></span> <span class='ocrx_word' id='word_1_209' title='bbox 1009 3368 1170 3434; x_wconf 87' lang='lat' dir='ltr'><strong>editorum</strong></span> <span class='ocrx_word' id='word_1_210' title='bbox 1209 3371 1385 3437; x_wconf 49' lang='lat' dir='ltr'><strong>Germa&amp;</strong></span> 
     </span>
     <span class='ocr_line' id='line_1_32' title="bbox 390 3463 1386 3559; baseline 0.006 -27"><span class='ocrx_word' id='word_1_211' title='bbox 390 3465 507 3532; x_wconf 84' lang='lat' dir='ltr'><strong>scrinia</strong></span> <span class='ocrx_word' id='word_1_212' title='bbox 529 3466 721 3555; x_wconf 86' lang='lat' dir='ltr'><strong>compilavit,</strong></span> <span class='ocrx_word' id='word_1_213' title='bbox 740 3469 786 3533; x_wconf 90' lang='lat' dir='ltr'><strong>ita</strong></span> <span class='ocrx_word' id='word_1_214' title='bbox 809 3470 905 3535; x_wconf 87' lang='lat' dir='ltr'><strong>etiam</strong></span> <span class='ocrx_word' id='word_1_215' title='bbox 927 3470 1122 3558; x_wconf 78' lang='lat' dir='ltr'><strong>splendidae,</strong></span> <span class='ocrx_word' id='word_1_216' title='bbox 1138 3493 1243 3559; x_wconf 81' lang='lat' dir='ltr'><strong>quern</strong></span> <span class='ocrx_word' id='word_1_217' title='bbox 1265 3463 1386 3557; x_wconf 51' lang='lat' dir='ltr'><strong>nuptui&amp;</strong></span> 
     </span>
     <span class='ocr_line' id='line_1_33' title="bbox 390 3565 1386 3662; baseline 0.002 -29"><span class='ocrx_word' id='word_1_218' title='bbox 390 3568 523 3657; x_wconf 84' lang='lat' dir='ltr'><strong>pararit,</strong></span> <span class='ocrx_word' id='word_1_219' title='bbox 548 3568 635 3635; x_wconf 89' lang='lat' dir='ltr'><strong>Livii</strong></span> <span class='ocrx_word' id='word_1_220' title='bbox 660 3570 796 3637; x_wconf 90' lang='lat' dir='ltr'><strong>editioni</strong></span> <span class='ocrx_word' id='word_1_221' title='bbox 820 3572 981 3662; x_wconf 80' lang='lat' dir='ltr'><strong>integrum</strong></span> <span class='ocrx_word' id='word_1_222' title='bbox 1005 3573 1155 3661; x_wconf 89' lang='lat' dir='ltr'><strong>Rupertii</strong></span> <span class='ocrx_word' id='word_1_223' title='bbox 1180 3565 1386 3641; x_wconf 68' lang='lat' dir='ltr'><strong>commentarit!</strong></span> 
     </span>
     <span class='ocr_line' id='line_1_34' title="bbox 390 3665 1388 3763; baseline 0.006 -27"><span class='ocrx_word' id='word_1_224' title='bbox 390 3694 465 3737; x_wconf 88' lang='lat' dir='ltr'><strong>curn</strong></span> <span class='ocrx_word' id='word_1_225' title='bbox 485 3670 609 3738; x_wconf 86' lang='lat' dir='ltr'><strong>selectis</strong></span> <span class='ocrx_word' id='word_1_226' title='bbox 628 3674 764 3739; x_wconf 83' lang='lat' dir='ltr'><strong>aliorum</strong></span> <span class='ocrx_word' id='word_1_227' title='bbox 783 3673 993 3763; x_wconf 84' lang='lat' dir='ltr'><strong>interpretum</strong></span> <span class='ocrx_word' id='word_1_228' title='bbox 1010 3677 1278 3745; x_wconf 79' lang='lat' dir='ltr'><strong>annotationibus</strong></span> <span class='ocrx_word' id='word_1_229' title='bbox 1292 3665 1388 3742; x_wconf 41' lang='lat' dir='ltr'><strong>inerti</strong></span> 
     </span>
     <span class='ocr_line' id='line_1_35' title="bbox 391 3762 1387 3857; baseline 0.01 -20"><span class='ocrx_word' id='word_1_230' title='bbox 391 3772 505 3839; x_wconf 89' lang='lat' dir='ltr'><strong>melius</strong></span> <span class='ocrx_word' id='word_1_231' title='bbox 533 3773 620 3841; x_wconf 90' lang='lat' dir='ltr'><strong>haud</strong></span> <span class='ocrx_word' id='word_1_232' title='bbox 649 3774 748 3842; x_wconf 88' lang='lat' dir='ltr'><strong>dubie</strong></span> <span class='ocrx_word' id='word_1_233' title='bbox 777 3776 819 3842; x_wconf 90' lang='lat' dir='ltr'><strong>de</strong></span> <span class='ocrx_word' id='word_1_234' title='bbox 849 3778 945 3845; x_wconf 84' lang='lat' dir='ltr'><strong>Livio</strong></span> <span class='ocrx_word' id='word_1_235' title='bbox 974 3779 1155 3857; x_wconf 86' lang='lat' dir='ltr'><strong>meriturus,</strong></span> <span class='ocrx_word' id='word_1_236' title='bbox 1184 3781 1215 3845; x_wconf 88' lang='lat' dir='ltr'><strong>si</strong></span> <span class='ocrx_word' id='word_1_237' title='bbox 1251 3762 1387 3847; x_wconf 67' lang='lat' dir='ltr'><strong>textum·i</strong></span> 
     </span>
     <span class='ocr_line' id='line_1_36' title="bbox 391 3840 1415 3971; baseline 0.006 -31"><span class='ocrx_word' id='word_1_238' title='bbox 391 3875 518 3941; x_wconf 87' lang='lat' dir='ltr'><strong>codices</strong></span> <span class='ocrx_word' id='word_1_239' title='bbox 537 3875 708 3958; x_wconf 88' lang='lat' dir='ltr'><strong>Parisinos,</strong></span> <span class='ocrx_word' id='word_1_240' title='bbox 728 3880 845 3967; x_wconf 89' lang='lat' dir='ltr'><strong>quibus</strong></span> <span class='ocrx_word' id='word_1_241' title='bbox 863 3881 899 3945; x_wconf 95' lang='lat' dir='ltr'><strong>in</strong></span> <span class='ocrx_word' id='word_1_242' title='bbox 918 3881 1059 3970; x_wconf 88' lang='lat' dir='ltr'><strong>speciem</strong></span> <span class='ocrx_word' id='word_1_243' title='bbox 1076 3881 1179 3969; x_wconf 79' lang='lat' dir='ltr'><strong>magis</strong></span> <span class='ocrx_word' id='word_1_244' title='bbox 1198 3906 1300 3971; x_wconf 86' lang='lat' dir='ltr'><strong>quam</strong></span> <span class='ocrx_word' id='word_1_245' title='bbox 1314 3902 1339 3946; x_wconf 83' lang='lat' dir='ltr'><strong>re</strong></span> <span class='ocrx_word' id='word_1_246' title='bbox 1350 3888 1389 3939; x_wconf 53' lang='grc' dir='ltr'><strong>νῦ</strong></span> <span class='ocrx_word' id='word_1_247' title='bbox 1412 3840 1415 3932; x_wconf 79' lang='lat' dir='ltr'><strong>l</strong></span> 
     </span>
     <span class='ocr_line' id='line_1_37' title="bbox 391 3978 1415 4072; baseline 0.004 -29"><span class='ocrx_word' id='word_1_248' title='bbox 391 4000 467 4044; x_wconf 88' lang='lat' dir='ltr'><strong>usus</strong></span> <span class='ocrx_word' id='word_1_249' title='bbox 481 3989 539 4057; x_wconf 87' lang='lat' dir='ltr'><strong>est,</strong></span> <span class='ocrx_word' id='word_1_250' title='bbox 555 3978 739 4068; x_wconf 85' lang='lat' dir='ltr'><strong>diligentius</strong></span> <span class='ocrx_word' id='word_1_251' title='bbox 753 3983 918 4072; x_wconf 78' lang='lat' dir='ltr'><strong>exegisset</strong></span> <span class='ocrx_word' id='word_1_252' title='bbox 1411 3989 1415 4031; x_wconf 79' lang='lat'><strong>¹</strong></span> 
     </span>
     <span class='ocr_line' id='line_1_38' title="bbox 438 4074 1387 4175; baseline 0.009 -28"><span class='ocrx_word' id='word_1_253' title='bbox 438 4080 547 4149; x_wconf 91' lang='lat' dir='ltr'><strong>Multo</strong></span> <span class='ocrx_word' id='word_1_254' title='bbox 569 4082 705 4149; x_wconf 85' lang='lat' dir='ltr'><strong>maiores</strong></span> <span class='ocrx_word' id='word_1_255' title='bbox 727 4084 825 4173; x_wconf 80' lang='lat' dir='ltr'><strong>igitur</strong></span> <span class='ocrx_word' id='word_1_256' title='bbox 846 4085 957 4153; x_wconf 84' lang='lat' dir='ltr'><strong>laudes</strong></span> <span class='ocrx_word' id='word_1_257' title='bbox 979 4100 1013 4152; x_wconf 92' lang='lat' dir='ltr'><strong>et</strong></span> <span class='ocrx_word' id='word_1_258' title='bbox 1034 4084 1153 4175; x_wconf 83' lang='lat' dir='ltr'><strong>gratiae</strong></span> <span class='ocrx_word' id='word_1_259' title='bbox 1177 4102 1260 4155; x_wconf 86' lang='lat' dir='ltr'><strong>snut</strong></span> <span class='ocrx_word' id='word_1_260' title='bbox 1283 4074 1387 4155; x_wconf 61' lang='lat' dir='ltr'><strong>mab</strong></span> 
     </span>
    </p>
   </div>
   <div class='ocr_carea' id='block_1_3' title="bbox 540 4306 1306 4378">
    <p class='ocr_par' dir='ltr' id='par_1_3' title="bbox 540 4306 1306 4378">
     <span class='ocr_line' id='line_1_39' title="bbox 540 4306 1306 4378; baseline 0.016 -24"><span class='ocrx_word' id='word_1_261' title='bbox 540 4306 1306 4378; x_wconf 64' lang='lat' dir='ltr'><strong>31nProoemiodeLlriivitaatHistoriaRommmo.</strong></span> 
     </span>
    </p>
   </div>
   <div class='ocr_carea' id='block_1_4' title="bbox 0 0 1483 4800">
    <p class='ocr_par' dir='ltr' id='par_1_4' title="bbox 0 0 1483 4800">
     <span class='ocr_line' id='line_1_40' title="bbox 0 0 1483 4800; baseline 0 0"><span class='ocrx_word' id='word_1_262' title='bbox 0 0 1483 4800; x_wconf 95' lang='lat' dir='ltr'><strong> </strong></span> 
     </span>
    </p>
   </div>
  </div>
 </body>
</html>
