2934 4800
346 251 406 312 142
734 241 847 308 ΤΙΤΙ
877 241 1016 308 LIVIl

190 400 225 450 U.
237 399 267 450 ο.
283 380 488 466 ssa‘legstos
507 379 675 456 misissent,
690 380 748 467 qui
771 379 1008 458 denuntiarent,
1028 401 1094 443 non
1114 378 1249 467 placere
1272 379 1391 454 senatui.

189 465 220 514 A.
237 466 267 516 0·
285 463 461 531 ¹⁶⁸·‘sociis
539 466 609 530 'bus
630 464 749 530 bellum
771 465 850 542 fieri,
866 465 1027 554 extemplo
1047 466 1258 531 abscessurus
1281 489 1302 529 a
1323 487 1393 529 moe-

347 552 463 617 ‘nibus
481 488 708 630 Allelxandriae,
731 551 989 639 abducturusque
1011 554 1188 617 exercitum
1213 553 1255 616 in
1283 551 1392 639 Syriam

347 647 460 704 ‘esset
507 637 605 714 Quod
626 639 654 702 si
675 651 867 704 cunctentur
887 637 999 716 faeere,
1021 638 1110 703 brevi
1130 651 1289 704 extorres
1311 661 1395 723 regne

347 732 358 763 ‘
369 724 588 791 Ptolemaeum
600 737 634 788 et
646 723 850 813 Cleopatram
863 725 1000 790 Romam
1010 737 1169 803 ventums,
1181 747 1268 790 cum
1285 724 1395 812 pudore

347 811 508 961 ‘paudum
534 809 645 961 populi
669 810 819 890 Romani,
845 811 933 900 quod
956 809 1076 876 nullam
1101 834 1121 875 o
1163 833 1197 874 m
1226 813 1267 876 in
1296 811 1397 874 ultimo

189 907 359 962 admeo‘
392 897 550 962 iscrimine
585 910 772 962 ortunarum
795 898 960 963 tulissent?
1004 897 1089 961 Moti
1140 911 1228 962 atres
1254 897 1397 985 precibus
1444 892 1445 917 ¹

189 977 301 1088 {iffi
347 983 649 1060 Alexandrinomm,
670 997 777 1048 extem
801 983 832 1049 lo
854 983 893 1049 C.
905 983 1078 1071 Popillium
1098 983 1299 1060 Laenatem,
1318 995 1352 1048 et
1366 981 1396 1045 C.

187 1053 541 1152 malitis-Decimium,
567 1083 602 1135 et
627 1068 667 1135 C.
684 1005 859 1135 Hostilium
884 1070 1014 1158 legatos,
1041 1069 1082 1134 ad
1106 1069 1299 1134 finiendum
1326 1071 1399 1132 inter

188 1167 322 1231 tuimet
347 1179 438 1244 reges
465 1156 595 1234 bellum,
621 1156 784 1221 misemnt
830 1157 923 1221 Prius
949 1155 1157 1232 Antiochum,
1182 1155 1268 1221 dein
1299 1153 1398 1220 Ptole-

347 1265 473 1308 maeum
498 1243 587 1308 adire
612 1243 697 1320 iumi,
723 1255 759 1307 et
782 1243 939 1321 nuntiare,
964 1243 998 1306 ni
1025 1243 1191 1307 absistatur
1220 1241 1324 1319 bello,
1350 1263 1399 1390 Ε

347 1344 455 1395 utrum
473 1330 621 1408 stetisset,
643 1351 719 1394 eum
743 1351 809 1393 uon
832 1352 890 1417 pro
919 1329 1031 1407 amico,
1057 1351 1118 1393 nec
1140 1351 1200 1417 pro
1225 1329 1323 1394 socio

345 1416 467 1481 bituros
481 1438 557 1482 esse.

281 1555 289 1574 .
391 1502 455 1567 His
473 1503 558 1568 intra
577 1501 718 1567 triduum
738 1501 832 1566 simul
851 1523 925 1566 cum
945 1501 1056 1589 legatis
1070 1500 1311 1566 Alexandrinis
1333 1521 1397 1587 pm·

346 1589 446 1667 fectis,
470 1587 567 1675 legati
596 1609 637 1652 ex
667 1587 860 1653 Macedonia
887 1587 1142 1674 Quinquatribus
1167 1587 1298 1652 ultimis
1324 1586 1411 1656 adeor

347 1675 522 1761 exspectati
547 1685 713 1752 venerunt,
741 1688 786 1751 ut,
810 1674 873 1739 nisi
898 1697 936 1740 re
994 1697 1010 1738 r
1038 1685 1129 1750 esset,
1155 1674 1329 1761 extemplo
1354 1693 1395 1736 se-

347 1773 458 1824 natum
472 1761 613 1825 vocaturi
627 1759 772 1825 consules
785 1759 912 1826 fuerint.
988 1773 1091 1825 ostem
1108 1759 1161 1824 die
1179 1773 1316 1824 senatus
1333 1759 1392 1832 tut,

281 1845 507 1932 mmlegatique
536 1845 638 1911 auditi
666 1861 750 1911 sunt.
810 1845 840 1910 Ii
868 1847 1028 1922 nuntiant,
1067 1845 1211 1911 ‘Maiore
1243 1845 1393 1932 perierdo,

187 1949 218 2008 ⁰¹}
315 1941 360 1982 ‘r‘
394 1954 467 1997 uam
481 1931 706 2009 emolumento,
722 1933 898 1998 exercitum
917 1955 975 2021 per
994 1933 1096 1997 invios
1116 1931 1213 1998 saltus
1232 1933 1269 1996 in
1287 1932 1394 1996 Mace

188 2012 231 2045 ¹¹¹⁸
284 2014 312 2046 ¹¹'
349 1955 499 2084 ‘doniam
535 2018 711 2083 inductum.
765 2017 913 2096 Pieriam,
951 2041 1016 2106 quo
1051 2019 1263 2106 processisset,
1289 2038 1393 2104 regem

348 2113 359 2144 ‘
370 2118 498 2170 tenere:
522 2117 624 2169 castra
646 2105 755 2170 castris
777 2127 877 2193 prope
901 2106 946 2170 ita
969 2104 1083 2171 collata
1104 2127 1181 2183 esse,
1203 2117 1239 2168 ut
1262 2105 1392 2169 flumine

347 2190 496 2279 ‘Enipeo
509 2191 677 2256 interiecto
691 2204 876 2256 arceantur:
900 2211 1006 2292 neque
1026 2213 1134 2280 regem
1153 2191 1326 2278 pugnandi
1344 2212 1391 2278 po·

347 2286 514 2342 ‘testatem
549 2277 663 2356 facere,
693 2299 755 2343 nec
791 2278 905 2343 nostris
935 2299 1000 2342 vrm
1031 2279 1072 2343 ad
1103 2277 1283 2366 cogendum
1319 2299 1389 2343 esse

346 2361 520 2430 ‘Hiemem
535 2364 631 2430 etiam
648 2386 690 2429 ex
707 2365 868 2453 insperato
885 2365 978 2430 rebus
997 2365 1145 2453 gerendis
1165 2365 1389 2430 intervenisse:

347 2452 402 2517 ‘in
425 2452 491 2517 otio
514 2451 647 2516 militem
671 2450 723 2529 ali,
746 2474 806 2516 nec
827 2451 901 2553 plus
924 2474 1021 2540 quam
1044 2474 1102 2517 sex-
1123 2451 1141 2487 ¹
1156 2451 1174 2487 ¹
1196 2451 1408 2517 frumentum

347 2539 493 2605 ‘habere
540 2536 758 2603 Macedonum
772 2536 837 2603 dier
852 2538 890 2603 tri
915 2538 981 2603 ints
995 2538 1095 2603 millia
1109 2550 1302 2603 armatorum
1319 2560 1391 2603 esse

346 2625 403 2690 ‘Si
426 2626 490 2713 Ap.
505 2623 644 2690 Claudio
665 2624 749 2689 circa
769 2561 974 2712 Lychnidum
996 2625 1070 2689 satis
1090 2624 1212 2689 validus
1233 2626 1392 2689 exercitus

347 2709 459 2788 ‘ieret
485 2711 625 2798 potuisse
651 2711 784 2798 ancipiti
808 2710 891 2775 bello
915 2710 1066 2776 distinere
1091 2732 1218 2798 regern:
1252 2733 1345 2775 nunc
1365 2724 1408 2779 ett

346 2797 512 2884 ‘Appium
526 2809 561 2861 et
574 2795 662 2883 quod
677 2819 752 2862 cum
769 2819 809 2861 eo
827 2796 975 2885 praesidii
992 2798 1042 2875 sit,
1058 2797 1093 2861 in
1109 2818 1234 2861 summo
1250 2796 1391 2883 periculo

346 2891 357 2922 ‘
366 2905 444 2960 esse,
459 2882 520 2946 nisi
538 2904 672 2969 propere
690 2896 746 2947 aut
764 2884 865 2948 iustus
880 2883 1038 2947 exercitus
1053 2906 1091 2948 eo
1107 2882 1260 2959 mittatur,
1277 2898 1337 2947 aut
1352 2882 1392 2948 illi

345 2968 440 3033 ‘inde
470 2967 677 3033 deducantur.
732 2967 789 3032 Ad
817 2969 949 3034 classem
978 2991 1011 3034 se
1041 2992 1059 3034 e
1089 2969 1198 3034 castris
1227 2970 1391 3056 profectos,

345 3054 523 3119 ‘sociorum
552 3054 712 3119 navalium
737 3068 860 3142 partem
886 3056 997 3121 morbo
1022 3055 1146 3121 audisse
1172 3056 1390 3143 absumptam

345 3149 498 3228 ‘partem
514 3140 652 3205 maxime
667 3141 724 3227 qui
740 3162 781 3205 ex
798 3140 906 3207 Sicilia
920 3142 1046 3219 fuerint,
1062 3141 1173 3206 domos
1190 3164 1262 3206 suas
1281 3143 1391 3219 abisse,

345 3236 400 3291 ‘et
422 3226 569 3291 homiues
591 3228 724 3292 naribus
745 3227 874 3293 deesse:
900 3229 956 3315 qui
980 3228 1053 3306 sint,
1069 3250 1175 3315 neque
1197 3228 1391 3315 stipendium

344 3314 532 3401 ‘accepisse
547 3335 654 3400 neque
668 3314 856 3379 vestimenta
873 3314 999 3379 habere.
1047 3314 1225 3379 Eumenem
1246 3314 1393 3380 classem-

344 3408 428 3487 ‘que
457 3400 535 3477 eius,
563 3412 715 3487 tanquam
744 3412 840 3465 vento
869 3400 978 3465 allatas
1006 3423 1112 3479 nares,
1139 3402 1207 3466 sine
1237 3424 1333 3467 causa
1362 3416 1392 3467 et

341 3496 354 3569 .‘
365 3489 497 3565 venisse,
513 3486 687 3552 etabisse:
712 3508 772 3551 nec
794 3487 936 3552 animum
959 3488 1028 3551 eius
1049 3488 1132 3588 regis
1153 3500 1297 3553 constare
1319 3490 1391 3553 satis

344 3574 487 3639 ‘visum’
537 3572 627 3638 Sicut
650 3573 758 3639 omnis
781 3572 822 3639 de
847 3573 993 3638 Eumene
1017 3573 1124 3653 dubia,
1141 3574 1244 3639 Attali
1266 3575 1406 3663 egregier

343 3673 541 3725 constantem
555 3660 655 3724 fidem
669 3659 869 3724 nuntiabant.

275 3796 284 3812 .
387 3746 518 3834 Legstis
539 3746 665 3823 auditis,
682 3758 759 3811 tunc
777 3745 819 3810 de
842 3745 927 3811 bello
950 3745 1065 3811 referre
1090 3768 1157 3811 sese
1181 3746 1220 3811 1.
1234 3746 1389 3813 Aemilius

343 3830 434 3897 dixit
482 3830 617 3897 Senatus
636 3830 787 3909 decrevit,
811 3842 869 3897 ‘ut
889 3832 924 3897 in
946 3846 1018 3898 octo
1038 3833 1180 3921 legiones
1201 3856 1311 3922 parem
1333 3856 1405 3899 nu·2

189 2075 246 2109 cum
255 2061 339 2111 oratio.

376 4018 390 4069 7
407 4006 604 4071 Quinquatribus
622 4008 727 4069 ultimk]
752 4007 851 4058 Ultimo
916 4010 1172 4074 9Distinerera9em]
1185 4010 1386 4072 Deumque

342 4072 603 4132 dieQuinquatmuur.
636 4070 677 4120 De
692 4072 852 4134 Quinquatri-
886 4070 993 4121 Gronov.
1005 4074 1109 4132 mavult,
1120 4074 1230 4137 reposuit
1241 4074 1348 4123 Beklrer.

342 4135 398 4192 bus,
409 4135 439 4182 ef.
450 4150 516 4195 supr.
527 4134 643 4194 xxviv.
918 4150 928 4183 r
946 4138 1027 4184 Attali
1048 4138 1157 4199 eprepie]
1183 4138 1336 4186 Particulum
1354 4140 1384 4185 ita

375 4198 390 4243 8
405 4199 459 4245 Nec
467 4200 525 4259 piru
535 4213 609 4259 qrrum
624 4213 667 4246 scs
684 4198 699 4224 ‘
710 4200 724 4225 ⁴
733 4200 850 4259 frumu-
882 4204 940 4247 ante
963 4214 1048 4247 vocem
1066 4201 1147 4248 Attali
1168 4200 1289 4249 excidisse
1311 4207 1384 4249 censet

342 4261 408 4319 tum]
421 4259 471 4307 Pro
481 4260 600 4308 mienscis
608 4274 692 4308 vocem
704 4262 801 4325 dierum
810 4277 851 4309 ex·
884 4261 1030 4311 Gronovius

343 4324 429 4370 hibent
450 4321 558 4371 Gronov.
576 4327 602 4370 et
619 4323 727 4372 Cresier.
746 4328 772 4373 et
787 4324 852 4387 prior
917 4336 931 4371 a
948 4328 982 4373 In
998 4334 1049 4375 octo
1064 4326 1181 4387 lepicner]
1201 4328 1251 4376 Sex
1266 4342 1324 4376 vero
1339 4332 1384 4377 tau-

343 4385 442 4446 quidem
453 4384 549 4434 uncinis
558 4399 609 4435 non
619 4386 746 4436 inclusam.
885 4392 939 4436 tum
954 4394 1040 4451 postea
1054 4396 1236 4442 enumerantur.
1269 4391 1336 4441 Fieri
1348 4407 1383 4454 po
