2934 4800
355 199 422 260 460
511 187 795 259 SYLLABUS
824 187 1297 255 PRAECIPUARUM

461 339 600 396 ‘annum
637 324 878 394 bexxve
907 328 1056 414 praefert.
1121 325 1301 391 Continet
1337 345 1406 388 mur

461 414 571 481 eadem
608 415 717 491 ferme,
755 437 838 502 quae
874 413 1071 500 praecedens
1112 412 1335 477 Froheniam
1363 435 1405 474 ε

462 503 674 566 MDXXXl.
692 502 753 564 nisi
768 500 857 586 qnod
871 501 906 563 in
926 499 986 563 hac
1001 500 1067 563 ianr
1090 500 1249 586 primunr
1268 521 1405 584 appara:

462 587 612 652 Rhenani
632 601 665 651 et
682 586 810 652 Gelenii
833 586 865 649 in
886 585 1015 650 Livium
1037 601 1163 661 notae3
1189 597 1232 648 et
1255 584 1347 670 qnod
1362 585 1409 646 Gr·

460 674 547 738 reani
565 672 782 759 Chronologiu
799 674 840 736 ab
854 672 923 759 ipoo
940 672 1122 758 recognita,
1139 672 1282 735 auctior
1300 670 1404 756 punire

460 782 480 824 a
494 759 593 824 Troia
607 773 699 845 capta
714 781 813 846 usque
828 758 869 822 ed
884 757 1102 822 Iustinianum
1123 757 1324 821 Caesarem
1359 757 1406 818 Te·

461 859 547 909 tatur
569 845 698 931 insuper
720 843 830 908 titulus
851 844 947 908 huiue
968 843 1053 920 libri,
1071 844 1258 908 historiam
1275 843 1402 907 Liviam.

462 931 567 1017 longe,
598 953 692 1017 qnam
723 953 836 1017 nuper,
867 929 1135 993 emaculatiorem
1171 929 1324 1016 prodire,
1350 952 1399 1013 qm

461 1039 548 1082 nunc
563 1016 692 1081 demum
708 1015 750 1079 ad
765 1029 874 1080 vetera
886 1015 1084 1103 exemplaria
1098 1015 1230 1079 collata
1244 1016 1301 1079 sit.

367 1109 461 1170 1537.
485 1103 638 1189 Lugduni
653 1115 806 1188 quattuor
820 1101 1042 1177 voluminibus,
1060 1104 1097 1165 in
1113 1103 1229 1166 forma
1244 1125 1288 1165 oc
1352 1102 1360 1112 '
1383 1151 1388 1159 ,

507 1189 666 1253 Receneet
689 1189 773 1252 hano
796 1188 970 1252 editionem
991 1187 1168 1252 Maittaire
1194 1204 1283 1251 tom
1335 1190 1399 1248 ‚3:-

461 1274 525 1339 nal.
551 1273 693 1362 Typogr.
720 1288 801 1360 port.
829 1273 874 1338 II.
900 1297 932 1359 p.
956 1279 1009 1338 22.
1034 1296 1074 1337 ec
1101 1287 1264 1349 testatur,
1288 1295 1413 1339 affl,

462 1383 529 1424 esse
568 1360 743 1448 ‘Lugduni
772 1359 858 1446 apud
886 1359 1041 1424 haerede·
1073 1359 1228 1424 Simonis
1260 1342 1413 1441 Vincenti

463 1446 787 1512 ‘M.D.XXXVH.'
822 1446 986 1510 continere
1026 1459 1141 1509 autem
1192 1447 1297 1509 etiarn
1330 1443 1413 1526 ij

464 1532 625 1597 Glareani.
674 1531 773 1606 Quod
809 1532 835 1596 si
867 1553 977 1595 verum
1014 1545 1075 1608 est,
1109 1531 1200 1596 haec
1234 1533 1335 1618 prima
1361 1530 1413 1607 εῑξ

465 1618 621 1682 Notarum
636 1617 787 1682 Glareani
802 1617 910 1681 editio.
957 1615 1023 1681 Alii
1039 1631 1156 1682 tamen
1173 1631 1340 1693 tentantur,
1351 1640 1394 1702 pr.-
1411 1618 1413 1703 J

463 1705 558 1768 diisse
574 1725 646 1768 cum
663 1703 934 1768 Annotationibue
949 1703 1104 1767 Rhenani
1120 1719 1158 1768 et
1178 1704 1322 1778 Gelenii
1333 1706 1395 1766 em
1411 1706 1413 1789 i

463 1789 543 1853 sorte
559 1790 619 1853 erit
634 1789 756 1866 eadem,
773 1804 868 1875 atque
883 1789 947 1865 illa,
962 1812 1047 1875 quae
1063 1812 1146 1854 mox
1161 1791 1321 1877 sequinrr.
1411 1794 1413 1871 Ι

370 1877 463 1941 1537.
489 1874 653 1961 Lugduni,
670 1876 702 1938 in
718 1875 819 1940 forma
831 1875 998 1962 octupiioe.
1411 1877 1413 1919 ¹

508 1960 602 2026 Hanc
618 1962 792 2026 editionem
812 1961 914 2025 refem
929 1960 992 2024 fide
1008 1960 1154 2026 Fabricii
1176 1963 1215 2026 in
1232 1962 1392 2026 Bibhothen
1411 1970 1413 2038 ᾗ

464 2047 599 2123 Latina3
621 2048 673 2110 ubi
690 2059 832 2123 testatur,
847 2069 918 2111 eam
931 2047 1088 2133 prodiisse
1103 2071 1149 2112 ex
1167 2047 1391 2112 'lbeclrseliomu

463 2133 598 2210 officina,
614 2145 648 2197 et
662 2135 826 2198 continere
842 2133 991 2198 Rhenani
1006 2155 1043 2196 ao
1061 2132 1203 2199 Gelenii
1222 2135 1330 2200 Notat
1411 2134 1412 2177 ἶ

369 2225 462 2285 1537.
488 2217 696 2296 Franoofurti,
712 2220 747 2284 in
761 2219 862 2284 forme
875 2219 1042 2319 octupiice.
1411 2180 1413 2293 i

508 2304 600 2370 Haec
619 2305 718 2369 editio
738 2319 931 2370 memoratur
951 2329 985 2368 rn
1007 2305 1235 2372 bibliotheoae
1250 2307 1388 2372 Cronium
1411 2324 1413 2383 t

467 2389 622 2478 Catalogo
636 2415 668 2478 p.
687 2396 740 2457 68.
1411 2447 1412 2458 2

370 2484 463 2543 1538.
487 2478 615 2542 Parisiis
630 2478 715 2564 apud
731 2477 957 2555 Vaeooeanum,
973 2478 1126 2543 informa
1168 2480 1351 2567 nadmplioe.

508 2563 548 2628 In
571 2586 635 2627 una
657 2564 849 2628 bibliotheca
870 2502 1387 2631 Hulsianatom.i'1.num.nt3.

463 2651 545 2714 hanc
572 2650 746 2714 editionem
776 2663 980 2714 memoratam
1009 2650 1157 2727 invenio,
1187 2654 1246 2716 ubi
1274 2653 1385 2741 prodi'ffi

463 2736 580 2800 dicitur
608 2758 648 2799 ex
679 2736 891 2823 typographia
915 2735 1100 2812 Vmcosani,
1128 2754 1166 2803 et
1199 2752 1265 2804 tres
1290 2738 1386 2803 decadi

464 2822 637 2886 continere.

373 2914 462 2974 1539.
488 2907 630 2972 Basileae
646 2929 686 2971 ex
702 2907 828 2972 officina
843 2907 1054 2995 Hervagiana,
1070 2908 1104 2970 in
1122 2908 1232 2975 forma
1245 2912 1348 2975 maiori

508 2993 618 3057 Editio
636 2993 714 3057 haec
734 2994 846 3057 eadem
866 2995 1020 3071 continet,
1036 3018 1121 3081 quae
1137 2994 1324 3063 Basileenah
1336 2996 1383 3060 fn

464 3080 600 3144 beniana
614 3080 690 3143 anni
707 3080 937 3145 MDXXXV.

369 3172 461 3232 1540.
486 3164 538 3230 Lu
553 3242 557 3249 Ι
585 3166 649 3242 uni,
667 3166 701 3229 in
715 3166 819 3229 forma
834 3166 961 3230 maiore.

547 3266 707 3317 emoratur
723 3250 803 3316 haee
820 3251 920 3317 editio
937 3253 971 3315 in
985 3250 1099 3317 Iudice
1113 3253 1294 3321 editionum
1306 3256 1380 3320 Liri*

462 3359 573 3402 nerum
591 3337 725 3401 Heamii
740 3351 775 3401 et
790 3338 918 3403 Clerici.

368 3429 461 3489 1540.
487 3422 638 3500 Basileae‚
655 3424 806 3488 informa
819 3424 949 3489 maiore.
1411 3469 1412 3476 κ

507 3509 601 3574 Hanc
626 3510 800 3575 editionem
824 3532 897 3574 curn
919 3508 1015 3575 Notis
1032 3508 1187 3574 Glareani
1210 3528 1377 3578 memoratu
1411 3513 1412 3578 i

463 3596 528 3661 vidi
551 3597 586 3659 in
607 3596 799 3661 bibliotheca
821 3595 1108 3661 Maltinekmtiana
1154 3595 1309 3663 Febridus
1325 3620 1376 3663 rem

461 3682 496 3746 in
523 3680 675 3747 Biblioth.
701 3682 808 3747 Latin.
834 3695 977 3760 testatur,
1002 3680 1105 3748 Henr.
1130 3682 1234 3748 Loriti
1256 3684 1374 3750 durani

463 3767 567 3833 Notas
587 3770 621 3832 iu
637 3769 766 3832 Livium
783 3767 900 3835 Carolo
915 3769 1029 3856 quinto
1044 3767 1232 3856 Imperatori
1246 3772 1374 3859 inscripta
1411 3797 1412 3816 ³

461 3876 538 3931 esse,
560 3876 633 3919 cum
651 3854 869 3941 Chronologia
888 3855 1037 3921 historiae
1053 3854 1219 3921 Romame
1238 3859 1371 3945 reouguiu,
1411 3821 1412 3904 i

461 3962 545 4005 anno
566 3939 716 4004 MDXL.
734 3941 769 4003 in
789 3941 890 4006 forma
912 3942 1039 4006 maiore.
1086 3940 1205 4005 Utrum
1217 3966 1284 4009 vero
1302 3944 1370 4017 eolre

462 4048 501 4090 an
525 4025 619 4090 simul
641 4048 715 4119 oum
736 4026 830 4092 Livio
852 4027 1037 4114 prodierint,
1061 4048 1123 4091 nec
1145 4028 1211 4104 ubi,
1231 4029 1274 4094 rel
1293 4052 1369 4117 aquo
1411 3973 1413 4128 ι

539 4110 661 4197 grapho
689 4134 826 4177 excusae
854 4114 927 4190 rint,
957 4113 1076 4179 retulit.
1131 4112 1244 4201 Neque
1266 4117 1367 4181 oertion
1411 4131 1412 4194 j

461 4126 577 4293 ieerre
606 4218 744 4281 poenum,
797 4220 874 4262 num
904 4200 1087 4300 editionem·
1109 4198 1205 4265 huius
1232 4203 1297 4267 mni
1322 4224 1365 4267 nm
1411 4281 1412 4284 Ἴ

461 4277 603 4342 viderim.
650 4280 689 4343 Id
714 4304 754 4345 ex
811 4283 931 4349 lareeni
951 4286 1151 4352 Praetauone
1175 4286 1364 4356 1¹de
