2934 4800
379 213 474 280 ΜΒ.
498 213 607 280 xnn
638 214 819 298 canai.
1075 224 1113 282 n

44 361 167 438 ‘agro
197 373 315 439 egeret
337 351 394 416 sed
416 351 477 418 hoc
500 351 589 428 seire,
614 373 713 438 quum
737 352 844 417 omnia
859 351 1019 433 humana,
1043 365 1197 420 tumuc.
1213 372 1268 434 581.

42 447 57 475 ‘
78 459 402 611 mnmljffle·
416 452 449 502 et
464 460 563 538 regna
582 451 616 502 et
633 437 767 588 iprtperia
784 439 843 504 sub
862 438 984 591 cutibus
1004 436 1151 592 mulitia*-
1167 435 1198 487 ⁰·
1215 448 1268 496 ¹⁷¹·

8 532 62 598 5‘
78 547 171 591 esse.
371 547 528 624 niensium
541 547 625 624 'opes
674 547 780 624 egtase·
791 547 868 602 sese,
889 548 907 625 e
938 547 1052 592 cervlct
1066 549 1113 628 'us

46 634 202 764 {tt
216 611 1112 797 ffliffildlldulialgilglmpdll‘zmllllss

48 794 63 823 ‘
82 785 207 850 Unum
222 807 288 850 erse
304 783 513 850 Macedoniae
533 806 676 872 regnum,
692 796 724 850 et
742 785 870 872 regione
906 786 1110 874 ropinquum,

51 880 123 938 ‘et
137 871 237 959 quod,
246 871 347 936 sicubi
361 869 479 970 populo
495 869 642 938 Romano
652 893 708 936 sua
722 870 847 938 fortuna
859 871 891 936 la
932 874 1111 960 tantiquos

11 976 36 1026 6
49 967 64 996 ‘
77 959 214 1024 animos
226 958 353 1045 regibus
367 979 431 1022 stus
445 956 588 1024 videatur
601 979 692 1057 posse
706 957 818 1024 lacere.
863 958 952 1024 Dum
969 960 1110 1047 integrae
1198 1010 1201 1013 .

50 1054 139 1111 ‘res
168 1043 256 1132 [sint
278 1042 430 1130 statuere]
450 1066 475 1126 ,a
499 1044 544 1108 ud
566 1066 708 1110 nmmum
732 1067 826 1113 sunm
847 1045 964 1112 Persea
984 1046 1110 1124 debere,

51 1140 66 1170 ‘
77 1145 208 1208 utrum,
223 1129 347 1218 singola
365 1066 580 1208 conceddudo,
594 1130 732 1198 nudatus
746 1131 788 1197 ad
806 1144 983 1200 extremum
998 1133 1110 1220 opibus

51 1225 165 1284 ‘exto
199 1218 207 1232 '
247 1240 287 1284 ue
308 1239 418 1304 regno,
440 1216 686 1282 Samothraciam
707 1217 838 1284 aliamve
858 1239 955 1306 qnam
975 1219 1111 1284 insulam

54 1313 68 1342 ‘
80 1317 199 1393 petere
283 1303 446 1380 Romanis,
466 1303 520 1370 ubi
540 1303 680 1390 privatus
701 1317 857 1391 superstes
878 1327 977 1391 regno
997 1328 1055 1370 suo
1075 1305 1111 1369 in

55 1389 1112 1577 dannatur,

59 1573 74 1603 ‘
85 1587 171 1630 num
189 1563 239 1642 ait,
253 1564 400 1650 patiatur,
415 1562 629 1650 quodcunque
646 1584 737 1628 casua
755 1561 830 1628 belli
850 1561 974 1640 tulerit3
997 1576 1053 1628 aut
1066 1585 1113 1628 vt·

62 1660 163 1716 ‘ctor
181 1650 294 1718 liberet
315 1651 423 1716 orbem
444 1662 598 1716 terrarum
619 1648 659 1714 ab
680 1648 814 1736 imperio
835 1648 989 1716 Romano.
1035 1649 1112 1716 Non

63 1747 78 1776 ‘
87 1759 162 1802 eme
176 1736 387 1803 admirabilius
407 1736 569 1802 Romanos
586 1734 722 1802 Graecia
735 1735 820 1822 pelli,
836 1759 932 1838 qnam
947 1735 1113 1802 Hanniba·

62 1834 76 1864 ‘
84 1825 156 1890 lem
175 1822 268 1888 ltalia
285 1823 411 1911 pulsum
429 1846 514 1890 esse:
538 1845 653 1909 neque,
673 1821 811 1901 hercule,
831 1822 949 1909 videre,
963 1825 1020 1910 qui
1036 1846 1112 1888 eon·

61 1910 209 1987 ‘veniat
230 1910 327 1987 lintri,
347 1911 507 1976 affectanti
528 1931 585 1996 per
605 1909 753 1976 iniuriam
773 1932 917 1997 regnum,
938 1932 1061 1976 summa
1080 1909 1113 1974 vi

32 2008 75 2072 7‘
85 1997 259 2074 restitisse3
282 1996 467 2083 alienigenis
477 1997 559 2062 bene
574 2008 664 2083 parto
678 2019 718 2064 eo
728 1996 850 2064 cedere.
894 1996 1060 2062 Postremo
1067 1997 1113 2062 ita

62 2083 179 2150 ‘bello
192 2095 225 2150 et
237 2105 314 2170 pace
325 2083 444 2170 quaeri,
455 2095 493 2148 ut
505 2083 589 2148 inter
603 2105 712 2148 omnes
725 2083 902 2161 conveniat,
917 2106 977 2150 nee
990 2083 1113 2170 turpius

63 2169 151 2259 ‘qui
192 2193 265 2236 uam
285 2192 361 2247 esse,
377 2192 474 2257 quarn
492 2170 560 2236 sine
581 2168 753 2236 certamine
772 2170 899 2236 oeaiae
913 2192 1028 2257 regno:
1053 2191 1113 2235 nec

63 2267 188 2346 ‘praec
235 2255 282 2321 ‘aa
304 2255 485 2344 quicquam,
507 2277 605 2343 quam
629 2277 687 2342 pro
708 2255 863 2342 dignitate
888 2279 925 2322 ac
949 2256 1112 2322 maiestate

65 2354 76 2384 ‘
90 2365 225 2411 omnem
238 2341 397 2411 fortunam
411 2354 578 2431 expertum
592 2343 679 2409 esse!

117 2429 237 2507 Pellae,
252 2430 288 2495 in
301 2444 408 2498 vetere
425 2430 512 2516 regia
529 2428 756 2507 Macedonum,
771 2430 832 2497 hoe
849 2429 1014 2497 consilium
1035 2442 1111 2495 erat
1168 2436 1219 2497 51.

65 2516 253 2583 ‘Geramus
272 2516 367 2604 ergo‚’
385 2516 499 2617 inquit,
521 2515 600 2581 ‘diis
617 2516 699 2583 bene
718 2516 909 2594 iuvantibus,
924 2516 1053 2603 quando
1069 2515 1115 2580 ita

67 2602 230 2679 ‘videtua
244 2602 398 2669 bellumz’
418 2602 579 2690 literisque
599 2602 682 2669 eirca
702 2603 876 2690 praefectos
895 2602 1040 2679 dimisis,
1058 2600 1114 2667 Ci-

66 2692 158 2757 tium
179 2688 404 2767 (Macedoniae
428 2688 581 2777 oppidum
603 2686 665 2775 est)
686 2689 793 2776 copiae
817 2711 927 2755 omnes
947 2688 1113 2755 contrahit

67 2777 150 2865 Ipse
165 2788 294 2843 centum
308 2776 418 2841 hostiis
434 2775 585 2841 sacrificio
598 2774 745 2863 regaliter
759 2774 933 2853 Minervae,
950 2798 1044 2863 quam
1059 2798 1115 2840 vo-

42 2935 59 2984 9

41 2856 152 2929 ⁸cant
176 2862 379 2939 Alcidemon,
401 2860 494 2939 lacto,
516 2882 590 2927 cum
618 2876 861 3014 prprpuratorum
890 2876 923 2929 et
944 2862 1113 2929 satellitum

69 2972 176 3015 manu
195 2948 354 3037 profectus
373 2946 495 3017 Citium
517 2961 573 3015 est
688 2971 752 3015 tam
769 2972 878 3015 omnes
900 2948 1114 3017 Macedonum
1123 2969 1216 3032 copiae

69 3051 344 3123 externommque
373 3035 562 3103 auxiliorum
590 3040 803 3103 couvenerant
831 3036 948 3123 copiae.
1003 3035 1116 3103 Castra
1124 3034 1215 3084 Persai.

47 3137 152 3191 rante
176 3124 286 3187 urbem
309 3122 410 3221 ponit,
434 3143 606 3207 omnesque
629 3136 765 3189 mutatos
793 3122 828 3187 in
856 3146 967 3211 campo
990 3122 1113 3190 struxit
1179 3118 1184 3131 ’

74 3210 212 3276 Summa
240 3231 384 3275 nmmum
413 3208 622 3295 quadraginta
650 3210 709 3275 tria
737 3208 837 3275 millia
864 3223 982 3277 armata
1007 3209 1114 3275 luere:

99 3316 215 3362 uorum
240 3316 312 3383 pars
336 3294 434 3362 ferme
457 3294 591 3361 dimidia
614 3294 815 3383 phalangitae
837 3309 935 3363 erant.
982 3295 1117 3383 Hippias

73 3322 260 3449 heuneus
276 3394 427 3470 praeerat
473 3380 609 3446 Delecta
629 3381 746 3447 deinde
768 3396 801 3447 et
817 3384 935 3447 viribus
954 3395 987 3448 et
1005 3383 1116 3449 robore

73 3468 201 3547 aetatis,
224 3491 266 3534 ex
288 3467 375 3533 omni
400 3480 608 3534 caetratorum
632 3490 775 3545 numero,
800 3472 866 3533 duo
887 3466 986 3532 millia
1007 3480 1114 3532 erant:

115 3665 259 3727 silwim
277 3665 339 3723 m]
365 3663 464 3739 'Vocem
481 3679 531 3715 rm
549 3678 584 3711 re
617 3668 758 3725 comptum
773 3678 826 3737 erse
838 3660 975 3736 Gratianus
989 3661 1119 3713 existimat.

78 3857 154 3907 modo
165 3854 586 3919 pandemsnllomauossaimese
649 3855 664 3903 8
680 3856 833 3915 Alcidemon]
850 3854 892 3903 Ita
901 3854 1030 3907 Tumebtu
1038 3871 1120 3907 emea-

79 3918 585 3983 opasCarlhaginiendumhaglmemonet
617 3920 685 3969 davit
694 3920 932 3983 promulsidem.
958 3920 1121 3997 VoxGraeca

81 4114 159 4187 plata,
170 4112 253 4189 scribit
264 4112 400 4163 Bakkeroa
433 4112 588 4161 Drakenbor-
652 4113 1121 4192 9Porpurstoramluelfluprarmpa.

84 4304 364 4433 tantun,
373 4370 472 4433 ,tn
496 4367 590 4418 nr
622 4305 917 4368 ’r‘
977 4304 1124 4367 ut

128 4451 204 4495 vot.
221 4451 265 4495 IV.
932 4451 955 4491 G
