2934 4800
461 211 681 274 INDEX

62 329 102 374 :ts
115 327 244 390 allapsi,
252 328 318 378 iecur
324 329 410 387 edunt,
417 325 550 390 conspecti·

62 406 90 459 ιο
112 397 245 453 repente
263 409 295 442 ex
311 393 390 442 oculis
405 393 497 442 abeunt
512 402 551 451 25,

62 471 78 502 t.
104 455 138 501 in
157 456 238 504 mari
251 457 397 506 Tarracinae
410 456 486 504 mirae
500 469 550 504 ruer

62 518 209 568 titudinis
242 521 420 570 lascivientium
447 519 549 582 piscium

65 584 126 630 odo
141 585 287 633 multant
296 595 366 646 27,4.
383 586 433 634 duo
443 582 550 646 prolapsi

65 647 152 696 ribus
184 647 220 696 in
241 650 329 698 aedem
354 649 421 698 Iovis
446 649 485 706 28,
514 661 550 695 ιι.

67 712 156 772 pollo
175 713 272 762 Gumis
288 713 313 762 in
326 729 381 762 aree
397 712 505 761 triduum
521 727 551 758 ac

62 791 97 822 *es
109 781 220 825 noctes
227 778 363 826 lacrimavit
370 791 409 838 43,
419 788 455 838 15.
467 777 550 838 Apum

62 853 172 888 semen
194 841 294 890 Romae
310 841 336 890 in
350 841 402 890 loro
419 841 496 889 visum
512 854 550 898 24,

62 917 89 952 0.
111 904 219 954 Oasitai
233 905 259 953 in
269 907 321 954 loro
336 905 445 954 consedit
461 915 500 966 27,
512 917 550 963 23.

62 973 72 1014 t
95 966 128 1016 in
153 970 252 1018 arbore
271 970 414 1018 imminente
431 969 551 1031 praetorio

66 1045 92 1090 1,
102 1031 154 1091 46.
176 1035 257 1095 Aqua
267 1035 365 1083 Albana
372 1033 443 1082 fluxit
451 1037 551 1082 cruenta

67 1106 94 1156 7,
111 1111 158 1147 ιι.
179 1103 211 1146 et
220 1111 299 1160 equae
310 1099 425 1148 Caeretes
435 1096 551 1158 sanguine

62 1160 160 1210 nixtne
182 1175 227 1220 οι,
243 1177 263 1212 ι.
280 1177 358 1224 aquae
373 1162 451 1211 multo
467 1175 551 1210 cruore

83 1225 169 1274 fonte
193 1225 291 1275 calidae
308 1232 438 1275 manarunt
456 1239 495 1284 22,
511 1223 551 1286 36.

62 1289 110 1336 ira
126 1289 158 1338 in
180 1291 254 1340 coelo
266 1291 407 1352 speciesque
423 1289 550 1338 hominum

62 1351 126 1402 :ires
139 1369 207 1404 eam
222 1369 280 1402 eum
295 1355 399 1404 candida
410 1361 476 1404 reste
486 1353 551 1404 visae

62 1431 97 1476 14,
115 1433 160 1468 10.
181 1433 228 1468 ure
242 1418 355 1482 Neptuni
369 1419 457 1468 sudore
467 1433 550 1467 mane·

62 1482 93 1530 rit
114 1483 163 1542 28,
186 1497 225 1532 ιι.
254 1484 332 1532 Arbor
348 1485 379 1532 de
397 1483 466 1532 cocio
484 1487 551 1532 tacta

62 1557 100 1607 17,
117 1561 161 1598 11.
182 1549 264 1598 Areus
278 1549 354 1596 solem
369 1548 498 1610 amplexus
509 1559 550 1607 3ο,

62 1623 81 1658 ι.
94 1611 132 1660 cf.
147 1617 178 1660 et
191 1626 233 1671 41,
245 1610 282 1661 26.
300 1613 352 1660 Arx
363 1613 394 1661 de
405 1612 473 1660 coelo
484 1616 551 1660 tecta

62 1688 104 1733 24,
121 1689 163 1725 ιο.
184 1675 276 1724 Asiam
289 1676 379 1739 triceps
393 1681 465 1724 ιιοιοι
477 1675 549 1726 Cala-

62 1739 114 1786 tiae
135 1755 185 1799 42,
207 1754 245 1790 ιο.
265 1741 362 1788 Αιιίιιιιι
380 1739 507 1802 publicum
524 1738 549 1787 in

62 1802 203 1864 Capitolio
216 1804 248 1854 de
263 1805 332 1853 coelo
346 1810 441 1854 tactum
458 1817 497 1863 24,
513 1816 549 1852 ιο.

62 1867 136 1916 Aves
152 1869 189 1916 ad
205 1869 339 1931 compitum
353 1867 509 1931 Anagninum
524 1867 552 1914 in

63 1931 126 1980 luco
156 1931 259 1982 Dianae
284 1933 354 1982 nidos
378 1931 403 1982 in
428 1931 552 1980 arboribus

63 1995 220 2058 relinquunt
238 2006 277 2058 27,
294 2013 317 2056 4.
341 1997 392 2046 Βοι
409 1995 551 2044 seminale

66 2071 231 2124 euta3,1o.
249 2061 280 2110 ef.
296 2065 323 2110 et
339 2075 379 2120 24,
397 2075 434 2110 ιο.
457 2075 470 2107 2
487 2094 497 2118 ,
515 2073 551 2108 11.

68 2123 111 2184 28,
130 2139 171 2175 ιι.
194 2136 234 2187 33,
249 2139 287 2174 21.
310 2139 351 2185 41,
367 2137 396 2186 17
410 2129 436 2172 et
451 2071 489 2173 ai.
511 2136 552 2183 43,

70 2199 109 2248 15.
131 2190 180 2238 bos
197 2189 293 2252 peperit
308 2189 440 2252 equuleum
459 2201 498 2250 ι3,
512 2201 550 2249 3ι.

69 2252 117 2301 bos
128 2253 156 2301 in
166 2254 220 2302 sore
232 2253 314 2302 boario
329 2253 354 2300 in
366 2252 464 2302 tertiam
476 2249 551 2300 eonti-

70 2317 219 2378 gnetionem
231 2332 275 2366 sua
286 2322 374 2380 sponte
388 2316 505 2374 escendit,
516 2321 551 2363 at

71 2395 123 2442 que
143 2381 244 2432 territus
262 2381 427 2431 habitatorum
443 2380 550 2430 tumultu

74 2460 129 2495 sese
146 2446 237 2497 deiecit
254 2460 293 2506 21,
308 2444 347 2495 62.
374 2448 448 2495 boves
465 2444 551 2494 domiti

75 2510 127 2559 duo
141 2511 169 2559 in
185 2510 280 2561 cerinis
294 2526 339 2573 per
352 2511 430 2559 scalas
442 2508 551 2571 perveni-

76 2580 123 2623 unt
145 2576 179 2625 sd
202 2576 297 2639 tegulas
319 2573 424 2623 eedillcii
449 2571 489 2634 36.
513 2583 551 2633 37.

78 2638 159 2689 Caere
181 2645 256 2689 sortes
278 2643 424 2688 extenuatae
451 2652 489 2695 21,
512 2634 551 2686 62.

79 2702 195 2765 Capillus
216 2708 303 2753 enatus
323 2702 348 2751 in
370 2703 431 2751 sede
457 2702 551 2751 Hercu·

79 2766 110 2815 lis
130 2782 171 2828 32,
190 2782 210 2816 1.
232 2768 315 2831 Capra
332 2782 375 2815 sex
392 2766 484 2815 hoedos
502 2780 552 2813 uno

80 2831 149 2880 foetu
163 2830 240 2881 edidit
251 2842 291 2893 35,
302 2846 340 2881 οι.
357 2846 445 2893 caprae
455 2830 552 2879 lanatae

81 2895 162 2946 laetae
175 2910 243 2956 22,1.
260 2900 336 2957 caput
345 2894 481 2943 humanum
491 2894 552 2942 inte-

81 2974 125 3021 gra
139 2960 201 3011 facie
215 2958 380 3023 aperierrtsstus
393 2959 553 3007 firmamenta

85 3024 172 3087 templi
198 3023 312 3087 appamit
345 3037 367 3083 1,
397 3033 435 3084 55.
472 3022 552 3071 Carne

86 3088 151 3149 pluit
169 3102 191 3149 3,
210 3101 245 3139 ιο.
267 3086 358 3138 Classis
374 3100 476 3149 magnae
499 3099 552 3146 spe·

86 3150 135 3202 cies
153 3154 177 3201 ln
194 3154 262 3202 coelo
281 3152 347 3201 visse
363 3165 404 3211 4ι,
423 3165 445 3199 2.
467 3149 553 3200 Goele-

88 3217 134 3266 stia
154 3216 255 3281 inegris
276 3221 301 3265 et
323 3218 382 3265 urbe
401 3214 452 3263 visa
474 3229 498 3273 2,
514 3228 553 3272 42.

88 3281 189 3331 Ocelum
204 3280 281 3330 risum
297 3281 382 3329 ardere
398 3292 422 3341 3,
439 3289 452 3339 5
472 3284 498 3327 et
518 3291 553 3326 ιο.

90 3356 129 3405 3ι,
147 3359 179 3395 ιι.
200 3360 276 3410 32,9.
296 3357 336 3406 43,
354 3356 389 3406 ¹⁵·
413 3342 472 3391 findi
488 3342 554 3391 velut

91 3423 175 3471 magne
184 3408 252 3457 hiatu
264 3408 349 3467 visum,
359 3422 456 3470 quaque
466 3404 555 3469 patuit,

92 3472 172 3535 ingens
188 3474 270 3523 lumea
289 3472 380 3521 effulsit
399 3486 438 3529 22,
460 3486 479 3519 1.
507 3470 555 3520 Oo-

93 3537 173 3587 lamna
182 3542 282 3586 rostrata
291 3536 317 3585 ia
328 3536 451 3598 Capitolio
460 3540 514 3585 tota
523 3534 556 3583 ad

95 3600 166 3650 imum
190 3600 291 3649 tulmine
317 3601 425 3649 discussa
452 3614 492 3661 42,
516 3612 555 3648 20.

96 3666 182 3715 Corvus
196 3670 253 3714 ante
270 3664 405 3739 Pspirium,
422 3662 555 3721 consulem,

98 3728 179 3779 occinit
196 3745 232 3789 ιο,
249 3744 287 3789 4ο.
310 3744 335 3777 m
351 3728 437 3779 aedem
455 3726 557 3777 Iunonis

100 3793 218 3853 devolavit,
226 3800 251 3841 et
262 3792 348 3855 inipso
356 3792 492 3855 pulvinario
501 3806 556 3841 con·

100 3858 156 3906 sedit
171 3872 206 3917 21,
221 3855 260 3907 62,
282 3857 348 3907 corvi
364 3857 448 3907 nidum
464 3855 558 3905 iaciunt

102 3922 125 3970 in
140 3923 193 3971 sede
210 3922 321 3983 Sospitae
339 3920 441 3969 Iunonis
461 3934 500 3980 24,
521 3934 558 3968 ιο.

102 3986 210 4035 surumin
221 3984 346 4047 Capitolio
356 4000 406 4033 non
417 3988 513 4031 tantum
524 3983 558 4031 la

104 4064 184 4099 terasso
202 4048 283 4099 rostris
304 4048 398 4108 credili,
419 4048 463 4095 sed
484 4046 559 4097 etiam

104 4114 171 4163 edisse
186 4128 222 4175 3ο,
242 4128 264 4162 2.
289 4114 364 4164 Creta
381 4112 445 4175 pluit
464 4126 504 4171 24,
525 4125 560 4161 ιο.

106 4179 197 4227 Gulmen
205 4178 274 4227 sedis
286 4176 353 4227 Iovis
363 4176 466 4226 lulmine
476 4174 561 4234 ictum,

107 4256 132 4290 sc
159 4258 210 4305 rope
222 4242 290 4291 omni
307 4247 374 4292 tecto
386 4241 506 4291 nudatum
522 4250 562 4301 27,

109 4323 127 4365 4.
176 4308 258 4356 auleas
269 4322 325 4357 oum
340 4305 448 4369 quinque
459 4303 563 4368 pedibus

616 333 686 376 natus
700 341 740 388 3ο,
757 341 778 376 2.
796 342 836 391 3ι,
849 343 886 378 12.
906 328 1012 392 Festigia
1025 336 1085 380 tem-

615 391 711 454 plorum
722 407 739 440 s
748 393 896 442 culminibus
902 395 1003 457 abrepta
1013 407 1054 454 4ο,
1061 409 1084 446 2.

615 455 669 504 Fax
686 458 718 504 ab
734 463 789 506 ortu
807 458 865 506 solis
882 458 915 506 ad
933 458 1084 508 occidentem

615 520 765 634 W
777 535 816 587 ‘⁹’
828 537 864 581 ¹⁴*
876 523 907 572 ⁰¹·
919 527 1028 636 iili·
1044 538 1085 582 ⁴¹‘

614 600 740 698 Amiterni
752 598 969 699 iitiisslirt
988 601 1086 712 effi

615 712 681 762 Fene
691 713 717 762 in
730 714 782 763 vico
795 715 886 764 lnsteio
894 716 1086 766 subterratante

614 776 638 824 vi
653 793 772 839 aquarum
786 778 867 840 fluxit,
881 785 909 827 ut
922 779 997 828 serias
1009 779 1085 830 ‹lolia-

614 856 662 902 que
680 843 750 890 velut
765 840 860 904 impetu
876 844 988 892 torrentis
1001 845 1086 894 tulerit

615 919 700 967 24‚1o.
716 905 771 955 lons
783 907 899 956 Herculis
906 907 1085 970 cruentisspsr-
1129 947 1134 960 .

613 970 773 1018 numansvit
786 970 889 1020 maculis
903 985 944 1030 οι,
956 986 976 1020 1.
993 972 1085 1021 Forum

614 1032 710 1082 Ariciae
720 1035 753 1082 de
762 1036 832 1084 coelo
845 1040 939 1084 tectum
952 1050 994 1098 3ο,
1004 1036 1043 1097 38.
1059 1037 1085 1084 in

614 1098 666 1146 loro
691 1099 793 1160 Caprae
817 1099 897 1148 multa
920 1099 1034 1148 aedificia
1053 1101 1086 1149 de

615 1161 683 1212 coelo
697 1167 863 1224 teeta41,13.
880 1163 982 1212 Gallina
995 1163 1084 1214 inme-

614 1241 675 1286 rem,
692 1227 772 1289 gallus
789 1226 816 1274 in
833 1227 950 1276 feminam
968 1243 995 1276 se
1013 1228 1084 1277 vertit

616 1304 694 1350 22,1.
723 1291 804 1340 Hasta
824 1289 913 1340 martis
934 1306 978 1340 sua
997 1297 1086 1354 sponte

614 1360 725 1417 promota
741 1369 781 1414 24,
797 1369 833 1404 ιο.
843 1355 880 1429 ef.
896 1360 921 1404 et
937 1369 976 1415 21,
988 1354 1028 1405 62.
1045 1371 1086 1416 40,

615 1433 654 1532 ιι.
672 1419 1036 1546 Qunam
1046 1434 1085 1533 ιι

614 1549 684 1596 coelo
702 1549 771 1607 teeti,
789 1547 970 1610 exanimatique
989 1563 1029 1608 22,
1045 1547 1085 1609 36.

615 1611 683 1674 Ignis
690 1611 716 1660 in
726 1613 788 1662 aede
799 1613 890 1662 Vestes
901 1612 1034 1662 exstinctus
1045 1613 1085 1672 28,

617 1690 654 1726 ιι.
670 1689 745 1735 41,a.
760 1676 828 1739 ignes
837 1677 913 1750 sparsi
927 1676 954 1724 is
964 1677 1033 1726 coelo
1044 1689 1085 1738 3ο,

615 1753 637 1788 2.
654 1740 771 1790 coelestes
785 1740 942 1789 multifarium
956 1739 1012 1799 orti,
1025 1741 1084 1790 adu-

613 1808 669 1852 runt
695 1803 858 1867 complurium
882 1803 1027 1854 vestimenta
1046 1817 1087 1869 39,

615 1881 654 1917 22.
671 1867 756 1918 Imber
765 1868 877 1931 lapidem
887 1881 928 1928 30,
939 1869 977 1929 3&
994 1883 1034 1931 43,
1047 1881 1084 1930 15.

616 1931 702 1980 infans
727 1931 753 1980 in
780 1938 850 1982 utero
875 1933 960 1982 metris
985 1933 1086 1992 clamet,

616 1997 646 2044 Ιο
662 1997 787 2057 triumphe
804 2011 843 2056 24,
860 2010 896 2045 10.
915 1996 995 2044 intans
1009 1996 1085 2046 smbi-

613 2075 663 2122 guo
678 2059 742 2108 inter
751 2075 844 2109 marem
859 2065 884 2108 et
894 2059 1010 2108 feminam
1025 2076 1085 2110 sexu

614 2130 686 2174 natus
701 2135 741 2185 27,
756 2138 782 2172 ιι
801 2129 827 2172 et
842 2130 880 2184 37.
898 2136 938 2185 3ι,
953 2138 989 2174 12.
1006 2123 1086 2174 infans

614 2186 733 2250 ingenuus
748 2187 869 2237 semestris
880 2186 907 2236 iu
922 2188 974 2237 iore
990 2188 1086 2238 olitorio

614 2251 767 2314 triumphum
788 2252 888 2311 clamet,
905 2267 956 2314 quo
976 2258 1087 2314 tempore

615 2316 699 2379 Scipio
712 2313 739 2364 in
754 2314 877 2378 Hispanis
889 2321 974 2365 eontra
990 2317 1087 2366 Poenos

615 2379 719 2431 feliciter
746 2379 940 2443 ugnarit21‚62.
956 2380 1087 2431 Lacllmit

615 2457 736 2569 {illelius
742 2444 1088 2571 miiiffiissinffi

616 2589 719 2625 causare
729 2588 779 2634 qus
788 2573 846 2631 alia
852 2571 879 2620 in
886 2572 1042 2623 altitudinem
1050 2572 1086 2621 in-

615 2636 712 2687 solitam
719 2637 795 2685 crevit
805 2651 829 2699 3,
840 2648 877 2697 15.
892 2638 961 2686 lsws
971 2637 1087 2700 snguine

615 2700 724 2751 manarit
737 2712 775 2763 27,
782 2714 821 2761 23.
838 2700 908 2749 Iane
918 2702 1012 2763 pullae
1023 2707 1087 2751 terra

616 2771 689 2815 enata
701 2779 742 2825 42,
754 2780 776 2815 2.
793 2764 869 2827 Lapis
878 2764 903 2813 in
919 2780 976 2827 agro
986 2765 1087 2815 Orustu·

616 2830 683 2881 mino
692 2829 719 2879 in
729 2830 814 2879 lucum
825 2829 914 2877 Martis
924 2830 956 2878 de
966 2830 1035 2879 coelo
1045 2828 1086 2879 de-

616 2893 676 2945 cidit
691 2908 731 2956 41,
745 2908 781 2957 ι3.
797 2893 921 2956 lapidrbus
935 2893 1000 2955 pluit
1016 2909 1038 2953 1,
1048 2907 1087 2955 31.

619 2970 641 3023 7,
658 2958 696 3008 28.
722 2971 762 3017 21,
779 2955 819 3011 62.
837 2958 932 3019 lapides
949 2958 1088 3020 frequentes

615 3021 740 3084 grandinis
757 3021 834 3071 instar
854 3022 971 3071 decidunt
991 3037 1032 3081 22,
1048 3021 1087 3083 36.

618 3083 1088 3149 noeaoeane

619 3149 1089 3213 wemmmmmmo

617 3210 1088 3287 mmmmmomam

621 3278 657 3327 18.
674 3276 772 3326 laurea
786 3290 811 3325 m
826 3291 905 3352 puppi
919 3290 988 3325 nans
1002 3277 1090 3339 longae

619 3345 692 3390 emta
708 3354 748 3404 32,
764 3355 784 3390 1.
806 3341 926 3404 Lenones
939 3346 1048 3390 armatae
1063 3340 1089 3389 in

620 3404 732 3455 Ianiculo
747 3404 811 3454 risse
823 3419 863 3464 24,
876 3419 912 3455 ιο
929 3402 1089 3454 Locustamm

620 3470 656 3521 vis
664 3470 758 3533 ingens,
767 3469 803 3518 ita
813 3475 850 3529 ut,
856 3470 922 3518 unde
928 3468 1092 3528 advenissent,

620 3548 706 3599 purum
732 3539 862 3592 conderet,
883 3547 981 3581 omnem
1005 3548 1090 3595 agrum

620 3598 685 3649 circe
694 3600 807 3660 Capuam
820 3598 954 3659 complevit
968 3610 1008 3658 3ο,
1019 3612 1042 3646 2.
1058 3596 1090 3645 ct

620 3667 646 3713 et
660 3676 700 3723 42,
714 3677 727 3710 a
743 3667 769 3710 et
786 3676 823 3712 ιο.
839 3662 922 3711 Lucus
936 3660 1046 3711 Maricae
1060 3661 1092 3709 ds

621 3727 689 3775 coelo
702 3731 782 3775 taetus
798 3737 837 3788 27,
847 3737 885 3787 37.
903 3724 1020 3774 Ludrbris
1035 3740 1092 3773 oeu-

621 3792 699 3839 lorum
716 3789 842 3839 auriumve
858 3789 952 3838 credita
969 3804 1013 3851 pro
1032 3788 1093 3837 reris

623 3868 662 3915 24,
673 3870 712 3914 44.
730 3854 816 3903 Lunae
830 3854 893 3902 duae
906 3852 1013 3903 interdiu
1027 3858 1094 3901 ortae

624 3932 663 3979 22,
676 3932 697 3968 1.
714 3918 801 3981 Lupus
809 3916 871 3979 ugit
881 3918 914 3965 ad
928 3918 1055 3967 Βοιιιοιιοι
1068 3916 1094 3965 in

622 3982 776 4032 edomantes
786 3996 824 4040 ιο,
833 3992 871 4044 27.
887 3982 990 4045 Capuae
998 3987 1094 4043 portam

624 4052 696 4096 nocte
712 4047 839 4121 lugiens,
850 4045 926 4093 leniat
940 4045 1039 4107 vigilem
1056 4054 1096 4106 ιγ,

625 4108 1117 4185 mssfflmmwwwffl-

625 4179 784 4235 quentrsums
793 4180 864 4235 parte
873 4174 940 4222 urbrs
947 4188 991 4235 per
1001 4179 1095 4236 portam

625 4240 753 4301 Capenam
764 4252 840 4301 prope
852 4235 958 4287 intactus
971 4238 1048 4287 evasit
1058 4251 1099 4299 33,

628 4300 665 4354 26.
678 4302 708 4353 cl.
720 4307 745 4351 et
760 4316 799 4363 21,
810 4300 853 4401 4όὰ
865 4315 905 4362 41,
907 4316 955 4431 2ι3.
972 4302 1038 4369 vigili
1048 4303 1098 4365 gle
