2934 4800
257 241 643 309 FRAGMENTUM
674 240 769 309 LIB.
801 240 895 310 XCI.
1036 246 1099 313 297

47 378 148 455 fallor,
182 376 388 443 adducuntur
415 377 606 443 Celtiberiae
679 378 758 467 puli,
783 377 911 465 oppida,
937 378 1018 445 nulli
1047 382 1101 447 alii

48 466 172 529 auctori
200 476 453 530 commemorata.
500 464 610 565 Atque
658 466 687 530 ic
712 465 793 529 forte
819 464 940 531 utiliter
964 468 1100 533 conferri

139 562 180 615 ut
194 550 381 638 Geographi
397 550 575 639 Hispanicr,
588 550 743 638 imprimis
758 549 918 617 Heuricus
932 551 1099 621 Ploresius.

62 638 71 653 ’
91 637 114 702 d
129 650 239 702 totum
254 637 342 701 hunc
355 636 460 702 locum
476 636 545 701 aliis
559 637 780 702 exornandum
794 636 949 725 relinquo.

65 808 72 823 1
91 722 150 787 Me
167 738 279 823 autem
295 723 384 823 quod
396 724 521 824 attinet,
536 723 659 789 etiamsi
676 722 804 810 gloriari
822 746 956 823 possem,
971 725 1101 827 nobilis-

51 809 1100 995 murmuratur

52 980 181 1045 bomine
210 980 402 1059 Lubeceusi,
429 981 505 1059 sive,
531 993 568 1045 ut
596 992 773 1046 accuratrus
796 980 911 1059 dicam,
935 982 1100 1049 Pretreusi

53 1066 237 1143 didicisset;
270 1067 311 1132 de
337 1089 376 1169 eo
400 1080 508 1131 tamen
531 1089 598 1131 nou
620 1067 719 1153 magis
742 1064 822 1130 mihi
844 1068 978 1169 gaudeo,
995 1092 1100 1169 ‘quam

53 1153 425 1326 ltluffltlfft
440 1174 593 1327 ml
605 1152 1099 1319 ,illldllulfflllffslff

56 1324 151 1389 doctis
165 1325 245 1390 viris
260 1324 556 1391 commendaverim.
606 1324 704 1401 Quod
719 1325 806 1389 enim
821 1325 931 1389 multis
944 1347 1037 1391 exem
1060 1327 1100 1392 lis

58 1408 231 1488 declarasti,
250 1410 463 1499 probastique,
482 1423 515 1476 et
536 1410 670 1475 infinitis
693 1409 762 1476 aliis
785 1433 861 1476 mox
882 1411 918 1475 in
962 1434 1035 1477 racc

59 1494 126 1561 Tuo
150 1518 252 1585 opere
275 1496 525 1575 demonstratum
548 1496 618 1574 ibis,
641 1494 676 1561 iu
698 1494 817 1583 pluteis
838 1496 950 1561 bibliot
973 1520 1100 1563 ecarum

58 1583 167 1667 passim
188 1596 400 1650 monumenta
420 1583 491 1649 luce
513 1581 641 1670 publica
654 1580 840 1669 dignimima
853 1582 1047 1663 delitescere,
1065 1584 1101 1649 id

61 1690 135 1733 noro
207 1692 249 1735 ue
264 1668 324 1733 iusi
371 1668 534 1771 'quodam
549 1691 635 1733 nuuc
650 1691 670 1733 a
683 1689 734 1732 me
749 1667 940 1734 illustratum
954 1682 1010 1735 est
1056 1669 1101 1735 Et

63 1776 154 1839 quum
247 1754 297 1820 Te
344 1755 393 1820 uis
412 1778 455 1819 rm
499 1754 563 1819 usis
578 1754 715 1819 Romam
734 1754 846 1819 missus
860 1754 985 1834 fuerim,
999 1780 1101 1843 quum

64 1840 112 1903 abs
125 1840 173 1905 Te
188 1842 224 1906 in
239 1840 398 1907 mandetis
412 1778 587 1917 hadierim,
603 1839 737 1906 Latinos
755 1840 881 1905 codices
899 1842 1099 1929 inspiciendi,

65 1947 155 2011 quum
169 1927 252 1992 mihi
266 1926 307 1992 de
322 1928 452 1992 invento
466 1926 528 1993 boc
540 1927 718 2014 fragmento
732 1926 907 2014 gratulatus
920 1928 972 2006 sis,
988 1952 1099 2016 quum,

67 2024 98 2075 ut
109 2013 265 2091 ederetur,
280 2012 501 2079 admonueris:
525 2034 620 2090 meas,
633 2012 659 2077 si
674 2034 757 2099 quae
770 2025 855 2089 sunt,
870 2012 980 2079 laudes
994 2014 1035 2081 ad
1050 2014 1100 2081 Te

67 2095 273 2165 lubentissime
298 2100 460 2177 transfero,
482 2098 671 2186 gratiasque,
695 2098 722 2163 si
745 2099 992 2249 qmugffndoe
1015 2113 1099 2179 sunt,

69 2180 133 2249 libi
152 2184 263 2251 deberi
286 2186 447 2251 confiteor.
493 2183 642 2250 Alterum
665 2196 832 2335 autemst}

914 2185 991 2251 inde
1014 2209 1102 2253 com-

72 2270 145 2335 modi
159 2272 311 2359 consequi
325 2290 427 2359 potes,
442 2270 504 2337 hoc
521 2284 579 2347 est,
619 2270 683 2335 uod
702 2270 803 2358 magis
831 2283 906 2337 eute
925 2284 1021 2373 atque
1039 2274 1102 2338 cir·

72 2371 247 2460 cumspecte·
258 2357 407 2460 nonnulli
422 2356 567 2424 Tuomm
586 2380 607 2422 ο
629 2368 832 2460 tractatomm
849 2356 891 2422 de
905 2358 1068 2460 codicibus
1081 2381 1102 2427 a

72 2445 426 2619 uremur
440 2443 1103 2617 murmur,

75 2635 177 2696 vereor,
191 2618 286 2696 ne,si
324 2617 431 2682 uaudo
445 2617 485 2682 ab
499 2615 681 2681 homiuibus
698 2616 733 2680 in
750 2615 813 2681 hoc
826 2613 924 2680 studir
936 2637 1054 2703 genere
1069 2629 1103 2683 et

74 2695 219 2768 literamm
243 2640 331 2769 baud
352 2702 524 2790 vrdgan'ter
547 2701 677 2768 versatis
701 2701 970 2780 examinarentur,
994 2702 1103 2768 multis

76 2782 145 2873 frugi
167 2789 355 2856 lectionibus
380 2788 487 2854 referti
513 2810 578 2853 nou
603 2787 927 2875 deprehenderentur.
972 2787 1013 2854 Iu
1060 2811 1104 2856 ua

77 2871 190 2954 quidem
208 2898 242 2942 re
257 2874 298 2942 de
313 2874 504 2940 Blanchinio
517 2873 613 2940 velim
633 2873 848 2940 coniecturam
864 2873 990 2941 faciant
1037 2813 1103 2942 ifle

79 2957 148 3022 enim
169 2961 215 3026 vir
239 2961 472 3049 xptrtxdruror
496 2962 626 3026 subacto
645 2959 774 3039 iudicio,
792 2982 909 3048 magna
926 2960 1102 3050 diligentia,

79 3043 292 3135 multammque
325 3070 432 3113 rerum
460 3047 651 3134 cognitione,
681 3047 708 3110 si
738 3059 862 3112 tautum
890 3047 1103 3135 fragmentum

80 3126 186 3198 silentio
209 3134 379 3222 praeterire
403 3133 527 3221 potuit:
554 3145 643 3221 quot,
666 3131 724 3197 Dii
748 3133 951 3212 immortales,
972 3149 1104 3222 peccata

81 3211 136 3279 illus
152 3219 336 3287 admimuros
356 3243 423 3286 eme
438 3219 590 3299 dicemus,
605 3218 662 3307 qui
681 3218 862 3284 criticorum
880 3241 987 3285 rernm
1007 3220 1102 3308 plane

80 3300 167 3382 mdes,
191 3308 359 3373 oscitanter
386 3318 420 3372 et
448 3306 554 3370 minus
582 3305 704 3370 curiose
730 3303 857 3370 codices
882 3306 1044 3388 evolvunt,
1070 3319 1105 3372 et

81 3405 157 3453 suum
179 3392 293 3458 deiude
323 3393 477 3458 iudicium
506 3391 638 3456 eruditis
667 3391 852 3457 obtrudunt
899 3391 965 3456 Sed
993 3391 1104 3456 essedo

82 3487 155 3558 rapto
174 3479 213 3543 ad
231 3478 281 3544 Te
303 3479 425 3545 advolo.
471 3477 552 3543 Vale
575 3500 701 3564 meque,
724 3489 762 3542 ut
783 3477 869 3555 farm,
893 3499 972 3542 ama.
1002 3476 1105 3542 Ham·

84 3554 165 3647 burgo
178 3565 254 3652 prid
272 3565 345 3632 Kal.
362 3565 459 3631 Mart.
477 3561 838 3630 CIOIDCCLXXIII.
