2934 4800
406 154 470 218 268
792 144 1075 212 EPITOMAE

857 622 1001 688 CXXX.

1440 708 1441 739 l

407 787 456 856 Μ.
473 787 731 866 ANTONIUS,
758 786 836 853 dum
861 810 935 853 oum
959 788 1131 876 Cleopatra
1155 787 1335 864 luxuriatur,
1354 788 1415 850 md
1440 800 1441 815 ¹

407 875 553 944 Mediam
578 876 747 962 ingressus,
770 873 890 940 bellum
916 895 990 940 oum
1014 875 1193 974 legionibus
1216 873 1375 939 octodecim
1395 890 1416 934 e

406 960 569 1028 sexdecim
605 960 744 1025 millibus
776 960 921 1046 equitum
952 961 1079 1025 Parthis
1111 960 1236 1024 intulit:
1274 973 1306 1024 et
1334 981 1416 1044 quun

406 1047 529 1112 duabus
543 1046 722 1133 legionibus
736 1047 866 1123 amissis,
882 1045 970 1111 nulla
989 1069 1022 1111 re
1042 1069 1191 1134 prospere
1208 1045 1346 1121 cedente,
1357 1057 1416 1108 retra

406 1132 534 1211 rediret,
552 1132 703 1198 insecutis
723 1131 859 1197 subinde
876 1133 1011 1210 Parthis,
1032 1147 1066 1197 et
1087 1133 1210 1219 ingenti
1230 1131 1415 1218 trepidarint.
1440 1186 1441 1217 ,

407 1233 441 1285 et
458 1242 574 1305 magno
594 1219 692 1283 totius
711 1219 869 1282 exercitus
889 1218 1039 1304 periculo,
1055 1218 1090 1282 in
1107 1218 1291 1282 Armeniam
1307 1237 1415 1281 reversa

405 1305 600 1457 &Milli
624 1302 1414 1455 i11i¹l⁰alilliml⁰iilmsil¹lisfl3nil⁶il

463 1489 545 1542 tates
565 1499 695 1563 quoque
716 1476 855 1554 infestas,
874 1497 970 1563 super
993 1412 1057 1541 uini
1081 1474 1248 1541 infeliciter
1270 1491 1414 1560 suseeprm

405 1497 593 1630 i’iirthicum
612 1561 732 1627 bellum
752 1561 847 1650 eulpa
865 1584 922 1626 sua
942 1583 1050 1650 passm
1072 1575 1140 1639 est;
1164 1562 1240 1648 quia
1254 1559 1413 1628 hiemare'n
1439 1565 1441 1634 l

405 1647 562 1713 Armenia
575 1647 714 1726 nolebat,
728 1647 807 1714 dum
821 1647 863 1714 ad
878 1646 1079 1735 Cleopatram
1093 1648 1230 1714 festinat.

846 2069 1009 2136 CXXXI.

406 2251 504 2320 SEX.
520 2251 771 2331 POMPEIUS‚
794 2277 895 2354 quum
919 2255 954 2320 in
975 2253 1073 2352 fidem
1096 2252 1145 2317 M.
1160 2251 1292 2317 Antonii
1313 2249 1410 2346 reniret

404 2340 523 2408 bellum
542 2339 691 2406 adversm
712 2361 787 2406 eum
807 2363 843 2406 rn
857 2341 937 2407 Asia
955 2339 1101 2417 moliens,
1116 2359 1281 2426 oppressus
1297 2360 1316 2403 a
1333 2337 1410 2424 legun·
1439 2333 1441 2390 l

402 2429 481 2506 eiua,
508 2426 629 2493 ooeisus
653 2441 711 2493 est.
758 2426 874 2492 Caesar
901 2426 1092 2491 seditionem
1118 2438 1341 2501 veteranorum,
1363 2442 1409 2486 rm

402 2537 519 2665 pagna
532 2513 673 2615 pernicie
690 2512 993 2664 motamssnhibuit:
1017 2510 1175 2662 llapyddid
1181 2524 1215 2575 et
1229 2510 1408 2662 Dalffam

401 2622 600 2770 rezbiiilnlidee
620 2601 1118 2771 diltbdgpiterduotdnlillibsvinoiilal
1129 2620 1244 2747 coriiilci
1265 2614 1408 2765 iusld'llmregle
1440 2720 1441 2753 r

401 2791 545 2857 numque
572 2771 745 2835 Armeniae
774 2770 840 2834 filio
869 2793 936 2849 suo,
964 2793 1005 2835 ex
1031 2768 1201 2855 Cleopatra
1229 2781 1309 2845 nato,
1331 2767 1407 2831 dedit:

402 2856 630 3028 pouppprptroris
649 2854 729 2935 loco,
748 2857 810 2921 iarn
833 2856 957 2943 pridem
979 2868 1091 2943 eaptus
1112 2876 1219 2920 amore
1241 2855 1313 2933 eius,
1326 2854 1407 2919 baben

834 3372 1016 3438 CXXXII.

401 3546 590 3613 CAESAR
613 3546 647 3609 in
670 3545 799 3633 Illyrico
819 3545 982 3613 Dalmatas
1002 3547 1134 3613 domuit
1183 3548 1287 3624 Quum
1307 3552 1346 3616 Μ.
1358 3551 1402 3615 An·

400 3634 506 3698 tonius
525 3633 567 3697 ob
581 3654 721 3698 amorem
742 3632 939 3720 Cleopatrae,
955 3656 996 3699 ex
1016 3657 1081 3722 qua
1099 3634 1180 3699 duos
1198 3634 1276 3701 filios
1292 3636 1400 3710 habebat,

400 3717 648 3806 Philadelphum
677 3730 711 3784 et
736 3717 967 3797 Alexandrum,
998 3742 1104 3807 neque
1134 3721 1169 3785 in
1198 3720 1302 3787 urbem
1324 3724 1400 3787 venire

397 3803 503 3880 vellet,
528 3825 569 3868 ne
593 3826 644 3882 oe,
667 3805 759 3870 finito
783 3804 997 3871 triumviratus
1020 3820 1172 3893 tempore,
1196 3807 1346 3908 imperium
1364 3808 1400 3873 de

397 3912 527 3992 ponere,
543 3890 583 3954 be
608 3913 725 3977 umque
741 3890 913 3969 moliretur,
929 3891 1017 3980 quod
1036 3892 1108 3957 urbi
1128 3904 1162 3957 et
1176 3892 1281 3959 Italiae
1293 3896 1397 3969 inferret,

397 3977 581 4063 ingentibus
603 3987 666 4040 tam
689 3976 852 4043 navalibus
870 4000 967 4065 quam
991 3979 1188 4044 terrestribus
1207 3980 1296 4067 copiis
1312 3981 1398 4047 obbot

396 4063 576 4141 connectis,
599 4064 794 4151 remissoque
818 4062 980 4143 Octaviae,
1002 4065 1100 4129 sorori
1124 4065 1269 4144 Caesaris,
1289 4090 1318 4133 re
1338 4067 1395 4139 odia

398 4148 515 4212 Caesar
531 4149 566 4212 in
584 4148 717 4235 Epirum
738 4170 811 4213 cum
832 4151 974 4216 exercitu
995 4151 1126 4217 traiecit
1172 4152 1294 4239 Pugnae
1311 4091 1395 4219 ‹liindc

396 4232 524 4299 navales
536 4246 569 4315 et
583 4232 703 4317 proelia
716 4235 876 4320 equestria
890 4236 1031 4303 secunda
1046 4238 1187 4304 Caesaris
1202 4238 1360 4305 resemntur.
