2934 4800
353 247 395 310 54
730 241 844 309 ΤΙΤΙ
872 241 1008 308 LIVII

199 393 275 446 uc.
290 379 501 456 580.‘dentur.
548 380 590 446 Se
611 381 770 461 daturum,
794 382 882 469 quod
904 405 964 447 nec
988 381 1024 446 in
1047 379 1165 459 dando,
1190 401 1253 446 neo
1274 379 1400 457 datam

198 460 229 510 A*
246 459 276 510 ⁰·
294 467 443 532 ¹⁷²·‘ullo
461 467 552 554 signo
566 468 721 557 deprendi
742 469 867 557 posset’
912 467 1087 545 Rammius,
1101 468 1219 533 verinis
1233 489 1286 545 ne,
1300 468 1327 532 si
1341 469 1402 533 ab·

356 555 485 632 nuisset,
499 554 620 641 primus
641 555 708 644 ipse
723 556 838 620 veneni
859 556 1112 643 experimentum
1131 568 1224 632 esset,
1238 553 1401 619 fncmm

356 640 515 728 pollicitus
530 642 759 793 proficiscitur:
784 665 844 708 nec
859 641 1066 707 andisium
1080 653 1155 706 ante
1167 640 1284 719 redire,
1299 662 1402 792 ffl

357 742 513 793 convento
561 727 711 794 ‚Valerio
724 728 840 817 legato,
855 730 912 816 qui
926 729 1010 795 circa
1024 727 1212 793 Chalcidem
1226 749 1296 794 esse
1335 729 1344 742 ’

357 815 459 892 batur,
474 814 583 880 voluit
628 815 777 882 Adsum
799 817 938 905 primum
958 815 1078 880 indicio
1097 813 1212 893 delato,
1226 815 1316 880 itsssu
1329 815 1402 880 eius

358 899 495 966 Romam
520 901 613 966 simul
637 903 732 969 venit
778 902 982 968 Introductus
1007 902 1042 965 in
1066 902 1195 980 curiam,
1218 924 1303 989 quae
1329 917 1402 966 acta

292 1123 300 1139 .
357 1001 626 1153 emllls'edxffislss
646 1099 727 1163 quae
750 1078 791 1142 ab
811 1075 957 1141 Eumene
976 1074 1082 1140 delata
1103 1087 1204 1152 erant,
1227 1096 1400 1153 acoemere,

357 1183 421 1248 quo
436 1163 588 1226 maturius
603 1163 701 1227 hostis
712 1162 846 1228 Perseus
860 1162 1069 1228 iudicaretur:
1088 1162 1207 1252 quippe
1218 1183 1319 1249 quem
1332 1183 1402 1226 non

356 1247 473 1312 iustum
494 1248 589 1314 modo
608 1271 758 1337 apparare
776 1248 894 1314 bellum
911 1250 999 1336 regio
1018 1249 1134 1326 animo,
1148 1248 1206 1313 sed
1218 1271 1278 1336 per
1292 1248 1403 1314 omnia

355 1333 551 1400 clandestina
693 1336 700 1350 ⁸
722 1336 842 1402 scelera
859 1336 1095 1401 latrociniorum
1115 1358 1154 1400 ac
1171 1335 1401 1400 veneficiorum

356 1423 535 1514 cernebant
611 1423 664 1488 elli
684 1422 913 1488 administratio
934 1421 976 1488 ad
996 1444 1095 1487 novos
1115 1420 1261 1486 consules
1280 1422 1402 1522 reiecta

356 1508 1400 1683 ttettllsstmlattilclttllltttlffldtttlt

356 1681 440 1757 cuit3
464 1683 529 1768 qui,
542 1619 749 1748 Brurddilium
763 1683 862 1761 ducti,
876 1683 979 1771 primo
993 1705 1122 1770 quoque
1136 1695 1279 1770 tempore
1295 1682 1400 1769 Apol·

356 1765 474 1832 loniam
492 1768 526 1832 in
545 1768 679 1856 Epimm
702 1770 921 1835 traiicerentur
941 1769 983 1834 ad
1004 1791 1083 1835 occu
1124 1769 1203 1833 udas
1224 1769 1399 1834 maritimas

356 1854 459 1932 urbes,
485 1855 541 1919 ubi
570 1854 690 1933 consul,
719 1857 772 1921 cui
801 1855 963 1944 provincia
1105 1856 1180 1919 onis
1206 1855 1397 1932 obvenisset,

356 1939 519 2006 classema
541 1940 658 2028 pellere
673 1955 753 2020 tuto,
768 1955 802 2007 ct
814 1943 921 2043 copias
941 1965 1000 2030 per
1018 1941 1221 2007 commodum
1234 1963 1419 2042 exponeres

355 2041 469 2114 posset.
509 1963 680 2107 demones,
694 2028 891 2116 aliquamdiu
907 2030 1051 2116 Aeginae
1065 2042 1206 2094 retentus
1219 2029 1399 2116 penculosa

356 2126 389 2177 et
406 2113 528 2178 difficili
544 2115 716 2193 curatione,
732 2139 833 2218 quqm
852 2115 991 2217 primum
1010 2129 1081 2180 tuto
1099 2115 1214 2216 pqtuit
1236 2115 1398 2203 prosecuta

297 2205 305 2220 '
355 2197 556 2298 Pergamum,
571 2213 696 2352 qraeter
708 2216 877 2290 pristmum
891 2202 1000 2268 odlum
1021 2215 1143 2268 recenti
1161 2215 1258 2268 cuam
1277 2201 1398 2266 scelere

355 2284 464 2352 Persei
485 2301 581 2356 sumu
593 2303 678 2367 ante,
701 2311 824 2356 summa
841 2290 874 2354 vi
896 2289 1026 2377 parabat
1047 2287 1175 2354 bellum.
1220 2287 1337 2376 Legati
1356 2309 1397 2354 eo

354 2373 395 2439 ab
411 2374 524 2453 Roma,
538 2373 731 2465 gratulantes
745 2375 834 2465 quod
854 2398 873 2442 e
895 2389 984 2443 tanto
1005 2373 1146 2465 periculo
1166 2376 1326 2455 ermimet,
1343 2398 1399 2441 re·

354 2475 479 2527 nerunt.

400 2546 509 2624 Quum
534 2548 780 2617 Macedonicum
803 2550 922 2616 bellum
944 2550 979 2615 in
1003 2572 1122 2615 annum
1146 2549 1280 2614 dilatum
1302 2563 1396 2628 esset,

354 2635 465 2700 ceteris
479 2638 674 2724 praetoribus
688 2638 751 2702 iarn
764 2638 799 2702 in
814 2637 991 2737 provincias
1004 2636 1163 2723 profectis,
1175 2636 1222 2701 M
1233 2635 1349 2701 Iunius
1361 2652 1397 2701 ct

356 2719 409 2808 Sp.
428 2720 605 2801 Lucretius,
631 2724 748 2811 quibus
777 2723 951 2812 Hispaniae
979 2723 1160 2811 provinciae
1188 2723 1395 2799 obvenerant,

353 2806 519 2895 fatigantes
541 2832 633 2898 saepe
655 2810 742 2875 idem
763 2810 902 2897 petendo
925 2823 1079 2889 senatum,
1099 2810 1229 2873 tandem
1252 2811 1396 2897 pervice-

353 2908 437 2971 runt,
453 2907 490 2960 nt
503 2895 758 2983 supplementum
777 2897 837 2962 sibi
857 2896 899 2961 ad
918 2898 1091 2963 exercitum
1105 2896 1235 2961 daretur
1249 2897 1310 2961 tria
1323 2896 1396 2961 mil·

352 2978 396 3044 lia
416 2980 570 3069 peditum,
586 2996 713 3048 centnm
734 2998 768 3049 et
785 2984 1016 3072 quinquaginta
1033 2984 1156 3071 equites
1175 2984 1210 3048 in
1232 2983 1395 3049 Romnae

352 3065 509 3155 legiones:
533 3068 567 3133 in
582 3069 728 3134 socialem
740 3070 914 3135 exercitum
926 3072 1068 3158 quinque
1083 3068 1182 3133 millia
1195 3070 1353 3157 peditum,
1362 3085 1396 3135 et

353 3167 511 3219 trecentos
525 3156 657 3242 equites,
673 3157 828 3244 imperare
847 3157 939 3222 sociis
958 3156 1043 3223 iussi.
1089 3154 1163 3221 Hoc
1176 3158 1340 3243 copiarum
1360 3159 1395 3221 in

354 3238 415 3303 His
438 3242 524 3306 anias
538 3263 610 3306 cum
626 3243 820 3330 praetoribus
835 3244 924 3307 novis
937 3256 1095 3344 portatum
1110 3256 1166 3307 est.

469 3350 521 3392 em
541 3350 634 3407 anno,
650 3329 725 3415 quia
745 3353 804 3417 per
821 3329 1069 3415 reoognttionem
1084 3330 1240 3395 Postumii
1255 3329 1395 3404 consulis

352 3436 467 3501 magna
490 3437 562 3503 pars
584 3416 650 3503 agri
675 3414 841 3505 Campani,
864 3439 960 3503 quem
983 3417 1097 3504 privati
1121 3417 1189 3482 sine
1211 3416 1394 3482 discrimine

351 3502 466 3591 passim
479 3502 692 3589 possederant,
704 3517 888 3593 recuperata
901 3504 935 3567 in
950 3504 1112 3590 publicum
1123 3516 1199 3581 erat,
1212 3502 1260 3567 M
1272 3503 1395 3569 Lucre-

352 3588 418 3652 titis
425 3588 569 3653 tribunus
584 3590 684 3677 plebis
698 3590 918 3678 promulgavit,
931 3604 968 3655 ut
978 3613 1089 3677 agrum
1103 3589 1303 3678 Campanum
1316 3614 1394 3655 cen·

350 3695 435 3739 sores
451 3676 622 3741 fruendum
641 3676 799 3745 locarent:
823 3677 911 3765 quod
931 3679 1050 3742 factum
1069 3691 1118 3742 tot
1135 3678 1227 3742 annis
1245 3690 1318 3765 post
1340 3700 1413 3753 etr-5
1457 3727 1458 3730 ,

350 3773 438 3860 ptam
454 3761 597 3849 Capuam
619 3786 685 3827 non
706 3764 818 3843 firerat,
834 3780 871 3829 ut
890 3765 924 3828 in
938 3788 1038 3829 vacuo
1052 3778 1218 3854 vagaretur
1234 3764 1413 3851 cupiditast

349 3861 552 3934 putatorum.

193 3939 327 4056 mulctris
395 3931 506 4009 Quum
518 3935 559 3997 in
577 3937 810 4023 exspectatione
826 3951 953 4004 senaurs
967 3952 1059 4015 esset,
1074 3936 1158 4003 bello
1171 3937 1231 4003 etsi
1252 3960 1320 4003 non
1340 3937 1392 4002 in·

192 4082 255 4119 me·
379 4164 395 4206 4
411 4148 463 4194 Per
479 4144 635 4208 mnodum]
662 4156 695 4197 sc.
707 4148 850 4197 Commode.
915 4148 930 4197 6
950 4151 983 4199 Ut
997 4151 1027 4197 in
1041 4151 1130 4208 metro]
1160 4149 1202 4197 Ita
1221 4154 1250 4196 ut
1268 4148 1392 4211 cupiditas

347 4210 378 4259 cf.
389 4224 454 4271 supr.
465 4224 524 4257 xxx.
537 4223 575 4273 ²9·
609 4266 610 4271 ¹
883 4213 1041 4273 privatorum,
1051 4214 1121 4261 nullo
1132 4214 1255 4261 madata
1266 4213 1390 4268 haurain-

383 4287 396 4335 5
416 4274 559 4323 usuardum
585 4274 705 4336 locarent]
738 4291 772 4325 sc.
790 4276 850 4324 Fru-
883 4278 981 4325 vaderet
994 4292 1065 4339 agros
1078 4292 1167 4325 vacuos
1182 4286 1209 4325 ct
1223 4274 1288 4325 nulli
1302 4278 1390 4326 oolono

347 4342 412 4385 otum
424 4337 474 4399 agri
485 4336 600 4387 locarent.
621 4339 652 4389 cs.
663 4354 729 4402 supr.
740 4339 816 4391 xxxii.
829 4352 850 4403 7.
882 4340 1018 4391 attributos.
1034 4342 1118 4391 Casu.

348 4401 450 4451 Niebhr.
461 4400 485 4451 ii.
497 4416 521 4450 n.
534 4415 588 4465 ²9¹·
