2934 4800
266 201 656 272 FRAGMENTUM
685 205 785 275 LIB.
816 205 913 274 XCI.
1050 213 1115 276 803

58 337 206 402 tenebris
234 338 462 406 vindicandum
490 341 561 419 fuit,
611 340 676 407 uod
703 341 739 406 in
768 341 907 408 duorum
935 341 1114 422 bominum,

56 421 192 488 alterius
218 425 384 506 Germani,
406 427 575 493 alteriusI
622 429 629 444 '
657 449 772 494 manus
795 429 954 508 inciderit,
976 451 1115 517 quorum

56 523 210 596 uterque,
225 534 322 599 quam
337 513 465 580 laudem
480 515 540 580 sibi
555 515 719 602 utriusque
736 515 826 581 natio
840 515 938 580 veluti
952 517 1114 604 propriam

56 617 92 660 ac
106 597 309 682 peculiarem
323 599 474 679 vindicat,
489 601 524 666 in
546 623 584 666 ea
605 601 780 667 maximum
799 602 835 666 in
854 601 986 667 modum
1005 624 1114 690 praes·

56 682 155 759 tabat,
182 685 340 770 patientia
362 699 396 751 et
419 687 534 752 laboris
598 689 758 774 merione
781 687 971 765 Germanus,
993 688 1113 754 iudicio

57 779 156 853 atque
171 769 377 871 intelligendi
392 771 530 838 sollertia
544 709 680 839 Iptdlusffl.
719 773 806 839 Nam
820 773 945 875 singula
958 797 1024 840 non
1038 775 1113 840 dico

57 855 163 932 rerba,
186 857 247 922 sed
270 857 430 922 literarum
453 859 586 946 vestigia
607 859 725 937 rimari,
748 873 846 948 atque
868 874 915 926 sta
935 861 1053 939 rimari,
1075 871 1113 928 ut

57 939 154 1006 modo
169 942 276 1029 plura,
288 944 384 1010 modo
399 944 549 1031 pauciora
562 968 629 1012 esse
645 957 751 1012 tecum
764 960 893 1026 metuas,
904 969 991 1012 nunc
1005 947 1111 1026 unius,

59 1048 144 1091 nunc
169 1027 301 1094 alterius
323 1029 474 1096 elementi
493 1032 583 1118 signa
602 1043 705 1119 putes,
720 1055 808 1096 nunc
827 1047 915 1100 recto
936 1032 1058 1113 ordine,
1074 1045 1111 1099 ut

58 1133 115 1176 nos
138 1113 255 1208 Latini
278 1115 425 1195 solemus,
445 1140 542 1194 nunc,
562 1131 598 1184 ut
619 1118 680 1205 ipsi
701 1141 760 1205 per
781 1117 888 1184 iocum
910 1119 1110 1198 dictitabant,

61 1195 220 1284 ἑβραϊστὶ
248 1201 289 1268 ad
319 1203 425 1269 literas
453 1203 715 1282 annumerandas,
739 1227 912 1292 earumque
983 1217 1111 1272 testates

60 1287 276 1373 assequendas
297 1311 405 1354 verens
426 1313 620 1377 percurrere,
645 1291 768 1377 quanti,
788 1313 916 1378 quaeso,
1008 1291 1051 1358 ris
1072 1314 1110 1357 ac

61 1373 234 1455 patientiae
256 1373 343 1440 fuit?
388 1375 511 1442 Contra
532 1399 606 1442 vero
626 1375 733 1442 literas
754 1377 848 1464 ipsas,
864 1390 1035 1477 postquam
1056 1399 1111 1442 eas

62 1461 235 1546 exceperis,
250 1460 381 1526 alteram
395 1485 435 1528 ex
456 1461 555 1528 altera
568 1463 764 1550 dignoscere,
779 1476 850 1528 tum
863 1485 899 1528 ιιι
912 1485 985 1528 suas
998 1485 1111 1550 quam·

63 1565 124 1628 quc
146 1546 283 1634 syllabas
302 1569 424 1634 cogere,
442 1547 577 1637 syllabas
593 1549 707 1627 verbis,
722 1549 820 1615 verba
837 1548 988 1627 versibus,
1002 1571 1112 1616 versus

64 1632 238 1699 sententiae
258 1633 403 1712 reddere,
418 1636 531 1722 quenti
550 1635 705 1702 acuminis
722 1657 760 1700 ac
778 1635 1016 1723 perspicaciae?
1059 1636 1112 1702 Ac

65 1717 150 1799 quod
172 1741 248 1784 sane
263 1721 405 1786 dicturus
426 1743 507 1799 sum,
522 1721 577 1787 vix
594 1721 763 1786 affirmanti
783 1721 838 1786 alii
859 1720 1033 1797 crederem,
1048 1721 1111 1786 nisi

67 1799 198 1886 ipsemet
211 1805 370 1884 vidissem,
385 1807 416 1874 ei
477 1829 517 1872 ue
537 1807 584 1872 rei
603 1807 757 1885 oeulstus,
773 1820 809 1873 nt
822 1819 872 1872 est
885 1807 921 1871 in
934 1807 1110 1895 proverbio,

68 1891 497 2056 ἵζεῖἴιιῃῖιῗιίῗεέιιιὶυε,
506 1893 1112 2066 epilmfflininsislididdiltidliiibed'sirpffi

73 2074 190 2128 notatas
208 2063 259 2129 his
277 2065 403 2152 illisque
422 2063 530 2142 literis,
546 2087 627 2150 quae
647 2065 767 2130 nullam
786 2065 880 2153 plane
900 2079 1019 2131 certam
1039 2089 1113 2131 sen·

71 2149 206 2228 numm,
222 2150 280 2216 sed
300 2174 341 2216 ne
356 2173 468 2216 vocem
482 2151 612 2239 quidem
632 2151 814 2229 redderent,
833 2151 902 2216 aliis
919 2172 1015 2240 snper
1035 2152 1111 2218 alias

72 2231 188 2314 additis,
207 2236 331 2314 deletis,
351 2237 573 2312 commutatis3
597 2259 678 2324 quae
701 2237 833 2337 quidem
854 2237 992 2316 chartae,
1008 2260 1109 2326 quum

73 2329 166 2386 totum
189 2345 290 2410 paene
313 2324 527 2411 fragmentum
550 2321 693 2388 mandari
716 2324 792 2413 ipsis
815 2323 978 2413 potuisset,
999 2336 1108 2391 tamen

73 2404 119 2469 rix
138 2410 194 2474 nni
211 2409 376 2561 alteritplre,
392 2432 463 2475 raro
484 2408 627 2498 pluribus
642 2410 804 2477 versiculis
824 2410 989 2477 eliciendis
1010 2423 1107 2498 atque

74 2496 210 2561 eruendis
224 2496 297 2561 usui
345 2500 474 2561 erant³³.

113 2578 172 2647 Sed
185 2583 265 2670 quid
278 2583 423 2670 pluribus
436 2604 504 2647 rem
518 2584 715 2683 persequor?
761 2582 844 2649 Sane
858 2606 901 2648 ne
915 2582 1108 2671 sicquidem

75 2668 214 2747 proficere
242 2692 276 2734 se
306 2669 396 2735 valde
426 2668 656 2757 intelhgebant,
682 2669 740 2735 sed
770 2682 825 2734 aut
853 2669 984 2747 diutius,
1010 2692 1107 2755 quam

76 2752 226 2843 utriusque
251 2769 395 2843 tempora
419 2755 630 2843 patiebantur,
652 2756 686 2820 in
708 2778 790 2843 opus
810 2756 871 2822 sibi
892 2776 960 2821 esse
983 2755 1108 2821 incum-

76 2832 212 2920 bendum,
236 2855 293 2907 aut
315 2842 446 2907 omnino
471 2841 513 2906 de
538 2841 607 2905 eius
632 2841 828 2907 absolutione
854 2854 888 2907 et
910 2842 1106 2929 perfectione

77 2919 302 3012 desperandum.
363 2928 453 2993 Dum
482 2927 568 2993 enim
597 2928 717 2993 centies
746 2928 860 2994 eodem
888 2928 1040 3009 redirent,
1068 2952 1106 2995 ac

79 3004 191 3099 Sisyphi
205 3013 363 3101 exemplo,
379 3015 495 3079 iterum
510 3013 689 3115 iterumque
707 3014 795 3081 idem
808 3037 920 3081 saxum
934 3028 1105 3095 versarent,

78 3090 142 3161 dum
172 3101 312 3189 alternis·
333 3102 531 3165 membranas
563 3100 767 3187 insprccrent,
795 3101 925 3167 alternis
952 3102 1105 3189 legerent,

79 3178 189 3251 alternis
211 3186 294 3253 lecta
316 3187 387 3252 exci
429 3200 510 3265 rent,
531 3186 619 3265 dum,
638 3198 674 3251 ut
696 3188 731 3251 in
754 3210 789 3252 re
812 3200 976 3275 praeterea
998 3188 1105 3266 taedii,

78 3262 185 3351 laboris,
215 3296 252 3339 ac
281 3208 474 3338 difficnllestis
508 3272 701 3360 plenissima,
730 3273 873 3338 animum
901 3272 1037 3339 subinde
1065 3274 1107 3338 ab

79 3373 157 3439 opere
175 3372 364 3437 averterent,
379 3372 475 3445 atque
498 3358 581 3425 uiuo
602 3359 666 3424 huc
688 3359 764 3425 illuc
783 3360 974 3436 aberrarent,
989 3359 1107 3424 mirum

79 3456 216 3523 quntum
238 3446 389 3546 temporis
410 3444 567 3510 effluebat
615 3445 723 3522 Quam
746 3445 788 3511 ob
807 3468 875 3511 rem
894 3444 956 3511 hoc
975 3443 1107 3509 tandem

79 3522 146 3594 inter
168 3554 202 3597 se
225 3530 394 3597 consilium
419 3530 569 3608 inierunt,
592 3544 629 3595 ut
653 3530 917 3619 quandoquidem
939 3528 1107 3596 Iurenatio

79 3630 131 3679 non
153 3618 197 3685 ita
220 3618 405 3706 frequenter
433 3616 474 3683 ad
502 3616 727 3685 bibliothecam
753 3616 904 3683 accedere
929 3638 988 3704 per
1012 3636 1108 3681 occu·

104 3839 129 3885 32
145 3828 192 3877 Hic
202 3830 271 3878 lacus
286 3828 338 3877 rire
348 3828 421 3877 docto
440 3828 465 3877 in
483 3826 566 3889 Ephe·
598 3832 682 3877 tantm
696 3828 809 3887 schedae,
820 3827 909 3890 qulbus
920 3825 1048 3885 ansius,
1058 3827 1106 3889 pri·

82 3891 149 3941 mend
169 3893 258 3943 literar.
277 3892 432 3955 Gottingens.
453 3908 476 3941 a
496 3904 565 3953 1774.
598 3906 700 3954 usquam
710 3892 880 3954 apographum
890 3890 1035 3951 absolveret,
1044 3891 1106 3955 frag·

83 3948 157 4005 loll.
171 3956 218 4006 No.
233 3971 255 4006 a.
272 3972 296 4019 p.
311 3971 347 4006 ιι.
364 3972 399 4018 sq.
410 3956 487 4005 bilem
501 3970 565 4004 com·
599 3956 675 4005 menti
697 3956 831 4019 particulas
853 3970 886 4004 ex
909 3954 994 4003 codice
1017 3955 1108 4016 petitas

82 4018 156 4067 norit:
173 4036 217 4069 aec
226 4020 323 4069 iniuria.
599 4018 727 4081 inscripsit.
757 4017 1107 4080 Harnmsnimpassinaesin·

106 4093 131 4141 33
142 4082 566 4146 ffimamhuiustngmentiinvesti-
599 4084 671 4145 gulae
687 4082 799 4131 binarum
818 4086 964 4146 plerumque
982 4082 1107 4131 columna·

83 4144 183 4201 monem
194 4164 245 4197 rem
256 4147 339 4211 magni
354 4155 380 4197 et
394 4148 464 4197 ardui
479 4147 569 4197 laboris
599 4162 653 4195 rum
666 4160 748 4195 versus
757 4147 834 4197 denes
843 4148 955 4208 adeoque
965 4145 1071 4204 desnos,
1081 4152 1108 4195 et

83 4204 147 4269 miae,
156 4226 196 4259 cnr
212 4228 308 4275 negem,
318 4228 367 4261 non
384 4211 485 4275 reperio.
518 4212 568 4261 Sed
600 4212 666 4275 quod
681 4210 795 4269 excurrit,
805 4227 856 4261 non
873 4211 925 4260 aine
939 4208 1019 4260 lituris
1032 4216 1059 4259 et
1072 4212 1107 4260 la·

28 4326 29 4332 ¹
83 4265 133 4319 banc
147 4274 220 4335 ipsam
238 4276 272 4324 rei
288 4276 458 4325 difficultatem
473 4290 489 4323 a
503 4276 567 4325 Can·
600 4275 836 4327 etmisadumbmtcs
845 4274 979 4327 mutirent.

85 4334 164 4385 celleio
183 4338 208 4387 in
229 4340 310 4389 mains
327 4345 426 4389 auctam
445 4354 504 4397 ease,
521 4344 567 4387 tca-
