2934 4800
434 255 711 323 EPILOGUs
1027 262 1088 323 621

58 453 154 494 sos
179 443 396 508 asservantur,
419 430 527 508 liniue,
548 431 583 494 id
605 429 692 516 quod
713 429 785 507 feei,
807 412 1089 494 commemorarint.

58 573 102 614 er
128 550 202 614 hos
219 549 360 637 primum
375 548 479 614 locum
495 548 586 613 facile
598 548 658 611 sibi
668 547 810 614 vindicet
821 545 1090 625 Meermanienus,

58 717 67 744 ‚
109 669 153 733 si
183 669 271 733 ratio
295 667 448 733 formulae
474 666 621 731 habende
645 666 695 743 sit,
722 688 804 752 quae
830 665 871 731 ed
895 666 994 730 finem
1020 665 1092 731 libri

58 787 134 850 nti
168 785 301 873 legitur,
328 809 368 851 ex
395 785 489 850 simili
514 785 626 850 saltem
649 784 833 872 exemplari,
855 805 897 849 ne
920 783 1025 850 dicem
1050 808 1091 850 er

58 913 160 983 lem,
179 928 226 970 ex
242 928 306 992 quo
324 904 527 971 Florentinus
546 917 580 969 et
599 903 767 969 Leidensis
785 904 915 991 primus,
937 904 989 990 [cl
1005 927 1090 993 supr.

79 1025 184 1090 417.
209 1036 244 1088 et
258 1024 348 1107 tle]
373 1023 551 1110 descriptus
569 1021 704 1087 videtur.
750 1019 795 1086 Iis
818 1035 936 1100 eutem,
955 1045 1092 1109 quorum

58 1142 243 1206 manitete
269 1141 373 1207 editus
393 1141 472 1205 mihi
495 1140 537 1206 sd
559 1139 618 1204 bos
638 1138 765 1204 codices
783 1139 997 1226 inspiciendos
1016 1161 1093 1204 con-

58 1283 140 1325 isus
184 1273 245 1338 est,
275 1283 402 1347 nequeo
438 1282 504 1324 non
536 1258 598 1324 hoo
629 1257 699 1324 loeo
727 1257 844 1344 gratiss
873 1278 965 1343 egere
996 1279 1092 1344 quem

58 1379 208 1456 tximss,
239 1391 335 1466 etque
372 1400 425 1443 ees
457 1377 655 1464 potissimum
685 1374 753 1439 viro
785 1372 1093 1451 benevolentissimo,

58 1497 192 1562 enrico
225 1495 359 1561 Octavio
390 1496 492 1573 Coxe,
524 1495 629 1572 M.A.,
659 1493 869 1560 bibliothecae
900 1491 1093 1557 Bodleienee

58 1613 387 1704 pobibliotbecerio,
412 1613 502 1679 cuius
527 1637 624 1702 opere
649 1614 684 1676 in
707 1611 909 1677 recensendis
933 1611 1095 1678 codicibus

58 1731 232 1799 odleinnis
246 1731 419 1817 plurimum
439 1731 567 1797 adiutus
584 1753 663 1796 sum.
711 1729 809 1805 Quod
826 1742 978 1817 superest,
993 1752 1096 1818 quen·

58 1875 101 1916 m
130 1862 170 1914 et
185 1849 356 1936 voluptatis
377 1861 409 1913 et
430 1848 551 1912 fructus
574 1870 616 1913 ex
638 1846 778 1912 historiis
801 1845 943 1912 Livianis
962 1847 1096 1912 edendis

58 1969 187 2056 trcepi,
208 1979 332 2032 tentum
351 1989 393 2031 ex
412 1965 474 2030 illis
496 1965 697 2054 perlegendis
719 1964 787 2052 ipse
807 1965 922 2052 capies,
941 1965 1095 2030 benevole

58 2098 175 2160 ector,
209 2093 242 2146 et
278 2081 304 2145 si
337 2102 419 2168 quse
455 2079 561 2167 potius
596 2077 782 2143 festinanter
817 2098 914 2164 quem
950 2089 1095 2142 eoourete

58 2201 265 2269 iministrate
283 2197 460 2277 videantur,
481 2197 508 2262 si
527 2219 606 2285 ques
626 2195 766 2261 macules
784 2207 840 2260 eut
861 2194 984 2260 incuria
1003 2208 1097 2284 typo-

57 2321 162 2409 taphi
183 2330 238 2382 eut
257 2316 388 2382 editoris
413 2315 614 2404 indiligentia
635 2315 724 2403 operi
743 2314 926 2392 effoderint,
950 2314 985 2378 in
1006 2336 1097 2379 men·

58 2464 109 2506 sm
144 2438 205 2505 tibi
233 2434 408 2502 identidem
436 2445 587 2511 recurret,
616 2432 692 2498 dere
721 2434 840 2520 periter
865 2445 962 2519 etque
987 2444 1096 2518 petere

58 2560 178 2625 ‘eniam
192 2556 366 2621 humanum
381 2576 457 2620 esse.

93 2787 279 2855 Scribebsni
295 2785 417 2851 Oxonii
431 2808 458 2850 a.
475 2783 506 2849 d.
525 2780 664 2847 Kalend
681 2780 716 2845 N
717 2780 855 2846 ovembr.

256 2906 354 2971 Anno
370 2902 486 2971 Salutis
500 2922 674 2969 uncocxnr.
