2934 4800
229 151 274 241 ·'
340 202 400 263 106
724 193 838 261 mm
864 192 1002 260 mvn

61 393 64 404 .
183 352 217 403 U.
228 352 258 403 c.
274 341 349 415 582}
359 354 475 420 neque,
489 332 517 396 si
531 332 595 396 sint
607 332 699 409 facta,
714 332 857 432 probare.
904 329 969 396 Sed
983 327 1103 394 indicta
1121 349 1217 394 causa
1240 327 1399 394 damnari

182 419 213 468 A.
229 417 259 468 0·
276 427 329 478 170·
339 428 349 459 ‘
359 421 523 485 absentem
545 417 741 483 consularem
755 439 868 495 virum,
884 417 1036 482 iniurium
1055 437 1132 494 esse,
1148 438 1255 516 quum
1282 415 1317 478 is
1340 415 1400 479 rei·

215 549 219 557 1
340 505 505 596 ‘publicae
520 528 615 570 causa
628 505 717 570 absit
757 505 823 570 Ubi
838 527 879 569 ex
895 502 1087 569 Macedonia
1100 502 1234 568 redisset
1253 504 1303 568 C.
1320 501 1400 566 Ces·

341 594 435 670 ‘sius,
448 606 529 670 tum,
544 593 572 656 si
586 615 692 657 coram
706 613 781 657 eum
796 613 927 679 arguere
941 590 1069 668 vellent,
1085 589 1213 677 cognita
1233 612 1277 654 re
1305 609 1400 652 sens·

341 689 431 744 ‘tum
445 678 591 744 daturum
607 701 745 767 operam,
761 679 809 743 uti
823 677 973 744 satisfiat’
1016 675 1088 741 Nec
1109 674 1309 763 responderi
1330 687 1401 739 tan·

340 780 410 831 tum
431 765 470 830 iis
490 766 647 852 gentibus,
663 766 720 830 sed
734 764 854 852 legatos
868 765 961 841 mitti,
978 763 1058 828 duos
1072 762 1113 827 ad
1127 761 1281 850 regulum
1309 773 1400 825 trans

342 851 452 939 Alpes,
467 865 531 916 tres
545 852 628 916 circa
641 875 696 918 eos
716 851 851 939 populos
872 851 1000 939 placuit,
1017 851 1073 938 qui
1095 849 1293 926 indicarent,
1312 870 1399 934 qnae

340 939 474 1004 Petrum
498 938 656 1004 sententia
680 952 770 1004 esset
824 937 962 1003 Munera
987 937 1070 1001 mitti
1095 935 1206 1023 legatis
1232 957 1282 1000 ex
1314 935 1418 1004 binisr

341 1024 480 1106 nullibus
497 1025 578 1090 aeris
594 1038 794 1091 censuerunt
839 1024 975 1090 Duobus
996 1022 1143 1088 fratribus
1163 1021 1290 1123 regulis
1317 1021 1399 1085 haec

341 1112 520 1200 praecipua,
543 1124 673 1199 torques
694 1112 759 1177 duo
782 1133 823 1176 ex
845 1111 988 1199 quinque
1013 1109 1121 1260 pondo
1144 1131 1213 1173 aun
1237 1109 1340 1186 facti,
1368 1123 1400 1171 et

342 1220 416 1263 vasa
436 1209 584 1286 argentea
598 1193 744 1286 quinque'
756 1221 797 1262 ex
814 1199 927 1286 viginti
948 1219 1012 1285 pon
1036 1221 1065 1274 o,
1080 1209 1113 1261 et
1127 1195 1191 1262 duo
1206 1195 1293 1282 equi
1316 1194 1399 1282 pha·

341 1284 432 1349 lereti
447 1307 521 1350 cum
542 1286 739 1372 agasonibus,
755 1299 789 1349 et
802 1285 960 1384 equestria
974 1305 1060 1349 arma
1076 1305 1113 1348 ac
1132 1281 1260 1432 saffila3
1289 1297 1329 1346 et
1344 1304 1398 1345 co·

341 1371 472 1436 mitibus
485 1393 597 1436 eorum
611 1372 807 1448 vestimenta,
822 1370 929 1436 liberis
948 1370 1116 1457 servisque.
1216 1391 1254 1432 ec
1272 1369 1396 1434 missa:

342 1457 397 1521 illa
410 1457 591 1546 petentibus
604 1459 687 1536 data,
703 1470 741 1522 ut
755 1458 909 1522 denorum
924 1478 1078 1544 equorum
1098 1456 1138 1520 iis
1156 1456 1396 1520 commercium

342 1558 435 1621 esset,
451 1543 673 1632 educendique
695 1567 736 1609 ex
758 1543 850 1610 Italia
870 1554 1007 1630 potestas
1027 1543 1126 1607 fieret
1172 1541 1220 1605 Le
1263 1543 1294 1605 ti
1318 1563 1395 1606 cum

346 1629 448 1694 Gallis
462 1630 547 1694 missi
564 1643 648 1694 trans
664 1631 773 1717 Alpes,
788 1628 827 1694 C.
839 1629 976 1708 Laelius,
993 1627 1041 1693 M.
1053 1628 1208 1693 Aemilius
1299 1627 1393 1692 idus:

344 1715 516 1816 adesteros
526 1715 660 1803 p'opulos
670 1718 707 1783 C.
721 1715 867 1793 Sicinius,
878 1716 915 1780 P.
925 1715 1093 1781 Cornelius
1102 1714 1217 1792 Blasio,
1228 1713 1269 1779 T.
1327 1736 1396 1778 em·

344 1823 435 1865 rmus
764 1851 767 1856 .

267 1936 276 1953 .
389 1886 565 1951 Multarum
581 1887 674 1952 simul
685 1887 838 1952 Graeciae
850 1887 1008 1976 Asiaeque
1019 1887 1192 1952 civitatium
1207 1887 1311 1974 legati
1326 1887 1395 1951 Ro-

345 1995 430 2038 mam
458 1987 684 2040 convenenmt
740 1973 840 2039 Primi
866 1973 1079 2040 Athenienses
1107 1973 1294 2038 introducti.
1356 1973 1393 2049 fr,

346 2059 419 2136 ‘Se‚
434 2059 523 2147 quod
543 2061 671 2125 narium
693 2060 860 2126 habuerint
880 2061 1091 2148 militumque,
1111 2060 1148 2124 P.
1160 2059 1289 2125 licinio
1315 2083 1394 2125 con·

263 2169 292 2187 ··
347 2146 425 2211 ‘suli
439 2160 472 2211 et
489 2146 528 2210 0.
539 2145 689 2212 Lucretio
703 2148 840 2234 praetori
863 2147 995 2212 misisse’
1009 2159 1232 2234 exposuerunt,
1250 2148 1394 2234 ‘quibus
1453 2217 1454 2224 χ

347 2242 357 2272 ‘
365 2255 419 2297 eos
433 2254 500 2297 non
510 2255 583 2297 usos
592 2233 743 2298 frumenti
755 2235 814 2300 sibi
825 2247 953 2299 centum
968 2233 1067 2298 millia
1079 2234 1266 2321 imperasset
1286 2233 1412 2320 quod,8

347 2328 547 2408 ‘quanquam
562 2319 701 2385 sterilem
720 2333 836 2385 terram
854 2333 953 2398 arent,
968 2321 1114 2409 ipsosque
1130 2321 1225 2384 etiam
1248 2333 1394 2408 agrestes

347 2406 533 2495 ‘peregribo
554 2407 713 2473 frumento
738 2408 868 2487 alerent,
892 2421 1008 2485 tamen,
1032 2430 1074 2473 ne
1099 2407 1245 2473 deessent
1270 2407 1392 2483 officio,

347 2494 553 2570 ‘confecisse3
577 2508 611 2559 et
628 2493 698 2572 alia,
716 2516 798 2581 quae
821 2495 1060 2595 imperarentur,
1082 2508 1238 2582 praestare
1261 2507 1393 2581 paratos
1453 2512 1454 2519 ¹

347 2582 452 2645 ‘esse’
496 2580 625 2658 Milesii,
641 2581 721 2646 nihil
743 2582 931 2669 praestiusse
954 2594 1173 2658 memorantes,
1188 2581 1214 2645 si
1228 2580 1312 2667 quid
1332 2581 1393 2644 im-
1453 2612 1454 2643 t

345 2689 455 2755 perure
477 2667 517 2731 ad
532 2667 651 2732 bellum
665 2682 793 2733 senatus
807 2667 911 2747 vellet,
926 2680 1083 2755 praestare
1105 2689 1138 2732 se
1184 2680 1286 2731 aratos
1310 2689 1391 2744 eme,

190 2770 327 2886 {epiplpq
346 2753 479 2854 polliciti
492 2767 575 2818 suut
618 2752 867 2905 Alabandenqeq1
871 2753 1025 2842 templum
1041 2753 1138 2855 Urbis
1171 2840 1177 2853 .
1206 2774 1276 2853 mse
1290 2774 1334 2904 piei
1345 2755 1392 2818 fe·

219 2852 230 2883 ¹
346 2862 425 2904 crsse
450 2860 761 2905 commemoraverim
824 2860 845 2905 u
926 2862 966 2905 ue
989 2862 1216 2906 eumversarros
1240 2862 1271 2903 er
1335 2862 1392 2904 vae

190 2915 252 2949 Μ’
346 2926 535 2989 instituisse:
559 2938 593 2990 et
607 2852 1141 3015 comnmimeaiiiuinquaginu
1199 2925 1275 3003 ndo,
1290 2949 1392 3013 quam

315 3079 317 3082 ,
347 3012 383 3075 in
399 3009 558 3097 Capitolio
580 3026 745 3099 ponerent,
760 3012 881 3079 donum
896 3013 965 3078 Iovi
981 3014 1113 3101 Optimo
1168 3013 1283 3091 animo,
1302 3025 1393 3078 attu-

347 3097 430 3174 lisse,
450 3110 483 3161 et
503 3111 593 3163 scuta
613 3100 771 3186 equestria
792 3112 948 3177 trecenta;
974 3122 1021 3177 ea,
1037 3101 1089 3165 cui
1103 3100 1273 3177 iussissent,
1290 3099 1391 3164 tradi·

348 3197 444 3249 turos.
489 3183 620 3251 Donum
635 3198 673 3250 ut
686 3186 721 3250 in
738 3185 898 3276 Capitolio
920 3208 1046 3274 ponere,
1062 3200 1096 3251 et
1116 3186 1290 3251 sacrificare
1311 3185 1391 3251 lice·

228 3314 233 3329 .
348 3283 407 3347 ret,
423 3272 581 3358 petebant.
627 3271 700 3337 Hoc
714 3286 748 3337 et
763 3273 981 3361 Lampsaceni,
996 3274 1157 3361 octoginta
1174 3272 1285 3374 pondo
1299 3294 1390 3338 coro·
1453 3334 1454 3337 ,

349 3380 424 3421 num
445 3358 620 3435 afferentes,
639 3360 798 3445 petebant,
814 3374 1105 3437 commemorantes,
1122 3359 1333 3425 ‘Drsoessisse
1356 3382 1389 3424 se
1453 3438 1454 3443 γ

350 3453 389 3509 ‘a
403 3442 529 3521 Perseo,
551 3457 718 3532 postquam
742 3446 905 3512 Romanus
927 3447 1084 3511 exercitus
1105 3447 1140 3510 iu
1163 3444 1388 3511 Macedoniam
1453 3448 1454 3451 ’

350 3531 515 3609 ‘venisset
532 3554 632 3618 quum
652 3532 711 3597 sub
733 3532 854 3598 ditione
870 3532 989 3609 Persei,
1005 3546 1038 3598 et
1059 3545 1133 3597 ante
1148 3532 1291 3619 Philippi
1312 3532 1389 3597 fuis-

350 3626 446 3681 ‘sent
497 3619 561 3684 Pro
586 3641 635 3697 eo,
658 3632 691 3683 et
713 3620 800 3705 quod
829 3620 1068 3707 imperatoribus
1098 3618 1254 3685 Romanis
1283 3618 1388 3683 omnia

350 3714 360 3741 ‘
392 3705 607 3782 raestitissent,
623 3704 658 3768 id
671 3727 705 3770 se
720 3719 844 3770 tautum
860 3728 958 3783 orare,
975 3719 1011 3771 ut
1030 3706 1064 3770 in
1086 3704 1256 3770 amicitiam
1277 3705 1387 3793 populi
1454 3756 1455 3783 ,

352 3797 361 3827 ‘
370 3727 511 3855 ilomani
529 3792 762 3879 reciperentur:
788 3806 830 3870 et,
845 3792 871 3856 si
889 3815 952 3879 pax
966 3814 1038 3857 cum
1055 3792 1171 3857 Perseo
1185 3790 1287 3869 fieret,
1304 3792 1387 3856 exci-

351 3884 529 3962 ‘perentua
552 3900 593 3942 ne
614 3879 650 3942 in
670 3879 788 3966 regiam
810 3892 997 3966 potestatem
1020 3878 1218 3944 reciderent!
1265 3878 1386 3943 Ceteris

349 3962 459 4049 legatis
479 3963 611 4027 comiter
631 3987 833 4051 responsum3
858 3965 1090 4053 Lampsacenos
1106 3965 1141 4029 in
1155 3965 1314 4030 sociorum
1327 3964 1386 4029 for·

384 4159 397 4207 7
413 4150 456 4196 Es
471 4149 535 4196 osso
550 4147 655 4195 millibus
670 4148 748 4210 ueris]
771 4150 853 4208 Aeser,
885 4164 951 4213 mpr.
964 4149 1016 4198 xlii.
1030 4164 1066 4213 ¹9·
1081 4149 1124 4198 ubi
1139 4164 1204 4199 anes
1220 4150 1385 4214 intelligendos

304 4260 308 4265 ,
350 4210 391 4271 qui
406 4210 456 4258 ism
471 4212 503 4259 ad
520 4210 668 4259 semunciam
684 4213 747 4260 aeris
762 4213 853 4263 redacti
885 4228 937 4261 osse
946 4214 1030 4262 addita
1041 4228 1088 4263 vox
1098 4230 1191 4262 namma
1206 4214 1316 4264 indicere
1326 4214 1384 4264 ride

350 4280 428 4331 erant,
448 4289 499 4322 non
517 4277 595 4323 millio
614 4277 695 4336 pondo
719 4280 792 4335 aeris,
813 4276 853 4325 hic
885 4284 931 4327 tur.

349 4337 455 4401 intelligi
476 4345 557 4388 censet
576 4339 797 4391 Drakenborchius.
822 4342 852 4393 cl.
917 4340 1052 4391 scamus
1062 4343 1152 4403 millite]
1170 4344 1360 4399 sabiodiorurn.
