2934 4800
343 243 386 305 50
725 237 840 304 ΤΙΤΙ
869 237 1004 304 LIVII

187 393 221 445 U.
233 395 263 446 c.
280 395 334 458 580.
344 355 557 442 ‘Macedonia
576 375 712 452 deliciet,
728 373 817 440 velut
836 397 877 439 er
897 372 1032 462 perenni
1045 373 1137 452 fonte
1148 372 1236 438 unde
1254 363 1403 448 hamiatss

184 460 217 510 Ᾰ·
233 460 264 509 ⁰·
282 470 355 522 ¹⁷²³
364 463 533 528 'lbraciam
547 463 720 528 subiectam
732 462 821 526 esee?
865 460 1040 548 Reliquum
1051 460 1203 525 orationis
1212 459 1394 525 adhortatio

236 527 285 587 13·
345 550 432 615 ‘fuit
471 548 579 615 None
632 548 730 626 haee,’
744 548 860 635 inquit,
877 547 1023 613 ‘incertis
1032 547 1149 612 iactata
1157 545 1346 623 rumoribus,
1358 559 1394 610 et

184 609 321 724 ffffi,
344 637 510 724 ‘cupidius
522 659 574 701 cre
599 631 650 712 ta,
661 636 737 724 quia
745 657 896 700 veraesse
904 635 946 700 de
955 635 1086 699 inimico
1094 633 1227 698 crimina
1235 631 1392 708 volebam,

184 741 334 789 mnemPes
344 731 354 762 ‘
362 724 459 789 affero
474 724 515 789 ad
525 745 590 800 voa,
603 723 714 788 Patres
724 723 912 809 conseripti3
935 721 993 787 eed
1002 735 1165 808 comperta
1172 733 1206 786 et
1216 719 1392 807 explorata,

185 817 237 854 ⁵⁶⁸·
344 809 450 876 ‘haud
479 833 569 875 secus
592 832 689 896 quam
713 809 740 874 si
762 809 941 897 speculator
963 808 1077 873 missus
1097 831 1117 872 a
1138 807 1227 872 vobis
1248 806 1394 871 subiecta

344 905 355 936 ‘
362 895 462 962 oeulis
476 897 635 962 referrem.
681 895 810 996 Neque,
821 893 931 960 relicto
945 917 1045 982 regno
1055 917 1138 972 meo,
1150 893 1238 982 quod
1248 893 1393 980 amplum

344 993 355 1023 ‘
363 998 397 1049 et
411 984 574 1071 egregium
589 1006 645 1048 vos
658 982 785 1059 fecistis,
801 1005 887 1048 mare
904 995 1027 1047 tantum
1042 982 1243 1057 traiecimem,
1259 994 1297 1044 ut
1310 1002 1395 1044 vana

345 1071 404 1135 ‘ad
418 1075 477 1134 vos'
485 1070 646 1136 afferendo
661 1069 758 1134 fidem
773 1065 958 1157 abrogarem
968 1069 1056 1133 mihi.
1104 1067 1285 1133 Cernebam
1299 1066 1395 1131 nobi·

344 1157 494 1222 ‘lissimas
518 1156 612 1221 Asiae
633 1169 665 1221 et
688 1155 842 1220 Graeciae
862 1155 1014 1232 civitates,
1029 1155 1065 1220 in
1083 1155 1152 1220 dies
1171 1153 1272 1242 magis
1288 1151 1395 1218 denu-

344 1244 478 1310 ‘dantes
498 1243 617 1308 iudicia
634 1265 700 1320 sua,
716 1266 802 1321 mox,
817 1243 844 1306 si
862 1243 1110 1329 permitteretur,
1124 1264 1164 1308 eo
1182 1263 1393 1328 processuras,

344 1340 354 1368 ⁶
363 1330 449 1396 uude
459 1343 622 1417 receptum
632 1330 674 1394 ad
684 1329 915 1417 poenitendum
926 1351 992 1393 non
1002 1328 1163 1393 haberent.
1209 1325 1393 1392 Cemebam

344 1417 490 1496 ‘Persea
506 1439 572 1482 uon
587 1417 807 1482 continentem
821 1438 855 1481 se
871 1414 1082 1480 Macedoniae
1096 1437 1207 1502 regno,
1221 1413 1284 1478 alia
1296 1414 1395 1478 armis

344 1511 355 1543 ‘
362 1517 581 1592 occupantem,
605 1503 675 1580 alia,
718 1526 776 1568 uae
798 1503 920 1592 vi'sub‘
946 1503 953 1517 '
977 1524 1044 1566 non
1064 1515 1206 1588 possunt,
1225 1500 1333 1566 favore
1354 1523 1393 1564 ac

344 1590 585 1656 ‘benevolentia
604 1613 674 1656 com
694 1527 879 1654 lectentem.
957 1588 1094 1666 idebam,
1109 1611 1205 1676 quam
1225 1587 1331 1674 impar
1343 1607 1412 1652 es-¹

344 1685 413 1742 ‘aet
432 1699 507 1754 sors,
526 1699 626 1764 quum
648 1613 702 1742 iili
722 1676 811 1742 vobis
829 1675 950 1740 bellum
966 1691 1100 1776 pararet,
1117 1697 1174 1740 vos
1195 1675 1226 1740 ei
1247 1693 1413 1739 securam²

344 1771 473 1852 ‘pacem
490 1763 707 1850 praestaretis3
754 1785 915 1849 uunquam
934 1762 1014 1826 mihi
1033 1761 1164 1849 quidem
1183 1784 1249 1826 non
1268 1783 1392 1848 parare,

343 1849 419 1914 ‘sed
439 1871 548 1936 gerere
569 1871 670 1936 paene
690 1787 810 1914 bellum
830 1848 1005 1914 videbatur.
1052 1847 1254 1935 Abmpolim,
1269 1848 1413 1912 socium3

344 1943 459 2023 ‘atque
479 1935 616 2001 amicum
635 1949 786 2014 vestrum,
800 1957 899 2023 regno
916 1935 1049 2023 expulit
1097 1934 1328 2000 Arthetaurum
1348 1932 1394 1998 11-

343 2021 490 2111 ‘lyrium,
502 2023 579 2109 quia
591 2022 707 2109 scripta
722 2023 762 2088 ab
773 2045 812 2087 eo
827 2023 984 2109 quaedam
994 2021 1083 2088 vobis
1093 2021 1257 2110 comperit,
1269 2021 1393 2087 socium
1455 2084 1456 2087 ,

344 2109 440 2174 ‘item
455 2123 550 2197 atque
565 2108 702 2174 amicum
716 2124 867 2187 vestrum,
882 2109 1049 2174 interfecit.
1094 2107 1249 2174 Euersam
1262 2122 1298 2173 et
1315 2107 1414 2173 Cal-4
1455 2092 1456 2151 i

344 2202 355 2234 ‘
362 2194 502 2261 licritum
517 2195 697 2272 Thebanos,
713 2197 874 2284 principes
888 2197 1033 2274 civitatis,
1046 2196 1122 2283 quia
1136 2195 1266 2261 liberius
1279 2195 1394 2260 adrer-

345 2290 416 2346 ‘sus
435 2305 510 2347 eum
529 2282 564 2347 in
581 2282 716 2348 coneilio
738 2282 931 2348 Boeotorum
946 2283 1046 2348 locuti
1064 2282 1200 2360 fuerant,
1216 2281 1393 2347 delaturos·

345 2378 427 2470 eque
442 2367 483 2436 ad
498 2392 561 2447 voe,
578 2391 660 2457 quae
676 2370 998 2523 agemntupprofessi
1012 2382 1113 2448 erant,
1129 2367 1286 2437 tollendos
1301 2391 1394 2436 cura·
1455 2366 1456 2371 ’

344 2467 416 2521 ‘nt
462 2456 632 2522 Auxilium
650 2456 814 2546 Byzantiis
874 2480 982 2523 versus
999 2457 1113 2523 foedus
1133 2456 1217 2535 tulit,
1232 2456 1413 2545 Dolopiaes

344 2542 481 2609 ‘bellum
496 2543 614 2621 intulit,
629 2544 827 2609 Thessaliam
845 2561 879 2609 et
898 2543 1054 2610 Doridem
1074 2567 1148 2609 eum
1161 2544 1307 2609 exercitu
1319 2566 1394 2631 per·
1454 2593 1455 2608 .

270 2714 273 2721 Ι
344 2631 451 2709 ‘vasit,
463 2641 500 2695 ut
513 2631 549 2695 in
560 2630 644 2695 bello
655 2632 806 2695 intestino
815 2630 980 2697 deterioris
990 2632 1088 2718 partis
1096 2630 1215 2709 aurilio
1226 2630 1393 2696 meliorem
1454 2619 1455 2702 l

269 2796 271 2799 Ι
344 2718 427 2781 ‘affli
450 2731 526 2783 eret.
574 2716 731 2783 Consedit
751 2731 784 2782 et
803 2718 931 2783 miscuit
948 2718 1107 2783 omnia‘in
1129 2718 1295 2783 Thessalia
1312 2718 1393 2782 Per-
1454 2709 1455 2740 ¹

344 2740 554 2892 ‘rhaehiaque
575 2826 630 2891 spe
651 2825 804 2868 novarum
826 2804 1015 2884 tabularum,
1037 2818 1074 2869 ut
1093 2828 1188 2869 manu
1209 2802 1413 2871 debitorume

344 2890 500 2956 ‘obnoxia
524 2890 584 2955 sibi
611 2890 780 2977 optimates
807 2913 850 2978 op
872 2891 1008 2957 rimeret
1055 2890 1146 2956 Haec
1172 2914 1274 2978 quum
1303 2892 1393 2957 vobis

343 2977 599 3064 ‘quiescentibus
608 2991 641 3041 et
649 2912 970 3077 patientibusiecerit,
981 2990 1015 3043 et
1025 3000 1207 3044 concessam
1217 2978 1277 3043 sibi
1289 2977 1394 3043 Grae·

343 3064 444 3129 ‘ciam
463 3086 531 3129 esse
549 3087 569 3128 a
585 3064 674 3129 vobis
695 3063 818 3141 videat3
841 3086 900 3151 pro
913 3078 1002 3130 certo
1020 3065 1128 3143 habet,
1142 3066 1307 3130 neminem
1320 3066 1391 3143 sibi,

343 3247 474 3297 'l'hraeiam
490 3248 595 3297 vicinam
613 3248 637 3297 ei
656 3253 682 3297 et
699 3248 731 3296 ad
749 3262 851 3297 manum
884 3248 909 3296 in
929 3248 960 3297 iia
974 3264 1038 3311 quae
1056 3250 1199 3299 excidenmt
1215 3250 1248 3299 de
1266 3248 1329 3298 libro
1348 3249 1392 3300 xli.

343 3314 608 3375 emeuade,tanuam
620 3328 652 3361 ex
663 3312 764 3375 perenni
776 3312 852 3371 fonte,
885 3312 935 3361 Illo
952 3314 1018 3361 enim
1036 3314 1099 3363 libro
1117 3313 1188 3361 initia
1203 3313 1394 3363 continebantur

343 3376 440 3425 hauriat
450 3376 581 3426 militarem
592 3377 754 3425 iuventutem.
771 3377 819 3426 Cn.
883 3376 943 3425 belli
954 3376 1118 3438 Macedonici,
1125 3384 1154 3426 ut
1165 3385 1260 3426 constat
1270 3393 1303 3426 ex
1313 3379 1392 3440 epita

381 3456 391 3489 r
419 3442 540 3501 Videbam,
556 3443 643 3505 ptam]
672 3441 702 3491 os.
719 3440 851 3491 Demoath.
882 3456 931 3490 me.
971 3442 1118 3505 Abrupolim
1139 3442 1287 3504 Sapensium
1309 3458 1392 3504 regem

344 3504 453 3569 Philipp.
466 3504 499 3555 iii.
511 3521 536 3568 p.
551 3520 602 3554 rra.
896 3505 1001 3567 Sapeiea
1010 3506 1131 3555 Thraciae
1143 3506 1210 3569 regio
1222 3504 1272 3570 eet)
1282 3506 1368 3565 flrime,
1377 3523 1393 3555 e
1452 3523 1453 3534 ¹

376 3584 390 3618 ι
408 3572 489 3629 Quam
501 3572 543 3619 iile
555 3571 620 3619 uobis
631 3571 718 3619 bellum
732 3570 848 3633 peruret]
905 3570 1020 3619 ausaniae
1036 3575 1149 3633 cormpto
1167 3570 1224 3618 licei
1240 3576 1313 3619 textu
1327 3572 1392 3619 erui-
1452 3559 1453 3620 l

344 3634 454 3683 Verbum
479 3641 582 3697 peroret
608 3634 699 3683 adiecit
724 3634 850 3683 Gronorio
882 3637 931 3694 tur,
941 3634 967 3693 in
978 3634 1101 3694 Achaicis,
1111 3635 1162 3683 aire
1173 3634 1234 3683 hbro
1245 3634 1286 3684 rii.
1303 3634 1388 3684 (im.
1452 3629 1453 3654 ³

342 3697 567 3748 auetoreclericus.
589 3698 849 3761 Necdubitubit‚quin
914 3701 1081 3759 413me
1106 3698 1148 3747 Ita
1162 3700 1393 3761 legendrmeemet

344 3762 429 3811 Livius
448 3762 484 3810 ita
502 3762 631 3825 scripserit,
650 3762 692 3824 qui
713 3778 744 3810 ee
766 3762 851 3825 legerit
883 3760 962 3812 Hear.
973 3762 1096 3823 Valerius,
1112 3778 1162 3813 nou
1177 3766 1313 3813 Eoum:
1331 3764 1393 3825 quia

343 3841 407 3888 quae
414 3832 560 3886 sequuntur:
576 3842 717 3889 quenquam
727 3827 787 3875 mibi
797 3828 850 3891 pui-
881 3826 945 3875 illud
961 3826 1085 3876 Graecum
1102 3843 1194 3876 nomeu
1212 3833 1257 3887 eat,
1275 3828 1324 3876 hoo
1339 3844 1391 3877 uon

342 3892 395 3939 dem
411 3906 461 3939 noa
474 3906 576 3952 perora,
586 3890 629 3939 aed
635 3906 721 3952 perere
728 3906 793 3953 pene
803 3892 849 3940 bei·
881 3890 950 3939 item.
966 3891 1048 3941 cuer.

342 3956 394 4003 irem
411 3955 546 4029 uidebatur.
579 3954 625 4003 Est
642 3954 707 4003 enim
724 3955 850 4031 correptip,
915 3967 929 4018 5
945 3956 1066 4018 Dolopiae
1076 3956 1164 4031 lelium
1173 3957 1272 4017 interiit]
1295 3956 1391 4018 Legen-

343 4024 711 4145 &titutum
720 4020 850 4131 mlii
881 4020 1284 4148 &henaim-„⁶322
1300 4023 1391 4147 stt

343 4146 399 4205 isse,
409 4148 475 4207 quod
486 4146 590 4209 corrigit.
607 4148 688 4196 Gnrv.
883 4147 945 4196 Exc.
958 4148 1017 4196 Vct.
1028 4148 1087 4199 xxii.
1101 4163 1121 4197 1.
1138 4148 1246 4211 Appiam
1257 4149 1391 4199 Macedon.

376 4224 390 4271 3
407 4210 560 4273 Abrupolim,
570 4212 672 4271 sechim]
690 4212 765 4267 Quae
774 4211 815 4259 hie
825 4216 851 4259 et
864 4252 868 4259 .
882 4212 915 4261 ix.
928 4229 950 4271 4.

343 4274 398 4323 inir.
415 4288 454 4333 40.
471 4274 609 4324 indicentur
625 4276 656 4324 de
673 4276 801 4337 :thropoli
819 4276 851 4324 de
919 4275 936 4325 6
954 4278 1004 4339 Spe
1026 4292 1146 4327 mmm
1170 4278 1324 4338 ubuum]
1358 4278 1391 4325 ci.

344 4338 851 4399 Arthetauro,eleEuersa,etGallicrito‚iir·
884 4340 955 4403 Supr.
967 4339 1043 4392 xxxii.
1055 4342 1095 4402 ³⁸·

343 4402 393 4451 aius
403 4409 579 4452 memoraverat
590 4404 675 4466 procul
683 4404 760 4453 dubio
768 4403 852 4453 Lirim
