2934 4800
293 219 679 290 FRAGMENTUM
710 223 807 291 LIB.
838 225 933 293 XCI.
1072 234 1134 298 317

80 352 192 418 omnin
222 353 321 422 habet
345 379 429 444 quse
455 359 554 424 tribus
579 357 641 424 illis
665 358 763 439 libris,
789 359 973 450 dequibus
996 385 1137 432 comme-

79 440 215 519 moravi,
343 444 351 458 ’
390 444 398 458 ”
451 467 519 512 eme
552 444 729 512 videantur.
777 445 869 514 Idem
900 449 943 515 de
978 452 1137 541 mbscrip-

79 523 225 592 tionibus
262 551 367 630 egum,
387 553 430 596 ex
452 531 564 614 codice
585 531 810 600 Theodosieno
831 534 867 599 in
892 535 1019 688 ngpos
1038 540 1136 690 Apri-

78 633 270 679 mensorum
297 630 497 696 inser-temm,
525 617 561 684 in
596 618 692 684 buius
723 619 875 708 Corporis
973 624 1021 689 'ce
1057 649 1077 690 o
1089 628 1135 691 im

78 696 242 777 Palatino,
259 715 366 768 testor.
383 701 549 768 Bekkertn
589 728 705 794 noque,
720 707 769 770 vir
787 708 1018 775 eruditissimum
1038 712 1135 778 mibi·

78 805 141 869 que
155 785 434 868 familiarimimus,
450 789 530 854 mihi
547 729 721 869 admavit,
736 792 914 944 imffimente
929 794 1135 865 Geometricc

78 869 298 952 Veronensis,
314 898 405 962 quse,
420 877 486 942 sive
505 899 547 942 ex
566 877 692 966 integro
708 877 776 944 Boe
815 880 889 946 inno
904 880 1051 963 Euclide,
1066 885 1133 950 sive

78 977 118 1020 ex
127 956 284 1058 §crpore
295 961 606 1066 Agrimeusorumoeu
647 965 737 1043 rsint,
748 979 823 1068 onte
833 982 961 1068 sextum
971 971 1133 1072 soeculum

77 1057 284 1230 iiiiii
298 1053 952 1226 tttt'fftittst'tt‘t‘ffltiss'
962 1056 1132 1229 §tiit

80 1236 133 1301 qm
156 1218 289 1308 insigne
312 1220 407 1287 buius
428 1223 600 1310 scriptume
623 1223 785 1312 specimen
809 1243 851 1290 ex
872 1239 984 1292 octavo
1006 1230 1134 1296 soeculo

79 1322 143 1367 non
167 1306 242 1371 sine
267 1307 405 1394 quedam
429 1309 638 1376 admiratione
662 1310 737 1375 vidi.
784 1310 914 1377 Scilicet
937 1326 1079 1379 servetur
1098 1315 1133 1381 in

81 1393 277 1490 mpnssterio
298 1393 406 1460 Sancti
423 1392 554 1474 calixti,
570 1395 658 1482 quod
677 1419 736 1484 pro
797 1397 958 1463 basilicam
973 1397 1132 1488 Deiperee

81 1474 229 1563 Virginis
252 1491 338 1545 trcns
362 1479 506 1546 Tiberim
529 1494 586 1559 est,
610 1419 884 1569 splendidimirnm
906 1484 1052 1573 volgetse
1076 1486 1134 1552 Bi·

80 1558 220 1629 bliornm
242 1567 394 1632 versionis
415 1566 527 1645 codex,
547 1567 623 1634 illuc
644 1591 685 1634 ex
707 1568 837 1636 bmilice
855 1569 964 1635 Sancti
983 1571 1076 1637 Pauli
1097 1574 1133 1638 in

81 1646 132 1711 ria
162 1649 309 1717 Ostiensi
342 1652 519 1730 translatus,
548 1653 648 1732 cuius,
683 1655 793 1742 paucis
826 1656 956 1743 cogniti,
985 1658 1132 1724 notitiam

83 1731 185 1800 debeo
207 1738 312 1804 emico
333 1753 367 1805 et
387 1739 533 1827 populu-i
555 1763 627 1806 meo
644 1739 762 1806 Cerolo
779 1739 941 1808 Friderioo
955 1742 1075 1810 Bnroni
1090 1745 1133 1811 de

86 1817 243 1902 Rumobr,
257 1847 364 1892 rerum
384 1826 527 1892 omnium
545 1849 628 1928 quse
649 1827 691 1892 ed
712 1827 855 1915 picturae
875 1828 1132 1918 sculptumque,

83 1911 269 1991 praesertim
303 1912 339 1976 in
375 1910 477 1990 ltolie,
506 1913 712 2001 entrqiritstcs
747 1915 920 2002 pertinent,
952 1917 1131 2004 indngntori

87 1997 248 2076 acerrimo,
260 2009 358 2086 etque
373 1999 620 2086 prudentissimo
636 1998 763 2066 arbitro.
809 1999 875 2066 Iste
889 2002 1002 2080 codex,
1017 2003 1133 2091 inquo

88 2076 156 2146 libri
178 2084 241 2172 ipsi
262 2085 342 2150 sueri
364 2085 449 2151 circs
470 2084 589 2152 soeculi
612 2085 776 2151 undecimi
792 2087 892 2152 finem
913 2089 1023 2177 scripti
1044 2105 1132 2168 sunt,

88 2167 224 2251 picturas
237 2170 336 2236 bebet
348 2170 466 2238 Carolo
481 2171 614 2259 Magno,
626 2185 799 2260 antequem
813 2173 982 2262 imperium
999 2174 1059 2241 nde
1081 2190 1133 2240 tus

89 2265 142 2331 est,
162 2256 250 2322 dono
271 2255 401 2337 oblutus,
416 2281 499 2346 quse
521 2258 657 2324 ornandi
677 2259 781 2346 gretie
799 2261 865 2324 suis
886 2283 1033 2350 quaeque
1054 2199 1133 2328 ideis

91 2339 299 2429 Qlutinetue
313 2357 397 2411 sunt.
442 2344 500 2411 Ad
513 2343 652 2433 singulus
668 2345 767 2435 igitur
780 2346 919 2435 picturus
932 2370 1042 2415 verm
1054 2371 1134 2415 euro

91 2445 556 2607 um
570 2432 1133 2608 tetenstete

91 2596 187 2669 lixum
206 2626 282 2671 sune
302 2627 430 2671 carmen
449 2618 563 2683 exstet,
578 2605 691 2671 eudem
712 2605 950 2693 magnificentie
967 2607 1132 2757 scripturn,

93 2707 151 2772 quo
164 2689 274 2757 leudes
287 2692 356 2757 eius
370 2690 589 2759 celebreutnr=
613 2702 710 2779 etque
730 2692 766 2757 in
784 2690 847 2756 iliis
863 2692 1013 2757 omnibus
1040 2694 1135 2759 'tero-

94 2792 157 2841 rum
180 2778 281 2843 forms
302 2778 384 2845 nibil
408 2800 535 2867 prorsus
558 2776 715 2867 discrepat
740 2800 761 2843 c
783 2778 962 2866 fingmento
984 2778 1130 2846 Iiviono

94 2855 209 2951 ltaque,
238 2864 378 2930 confirm
406 2876 594 2953 argomento
622 2864 712 2953 quod
747 2862 836 2929 nulls
929 2888 965 2931 re
994 2865 1132 2931 convelli

96 2960 199 3030 potest,
213 2951 277 3017 boc
290 2950 421 3030 affirmo,
437 2950 520 3017 ultre
538 2952 757 3041 septingentos
775 2974 876 3017 annos
958 2975 977 3017 c
996 2952 1133 3105 roffi

95 3036 1024 3125 uminumdoreaeerquodquumitesitnisinlis'
1072 3040 1111 3057 '‘

97 3122 248 3203 tocedsut,
256 3124 373 3212 quibus
384 3124 575 3225 plerumque
589 3146 648 3189 nos
658 3123 789 3189 destitui
802 3124 911 3203 credo,
919 3125 991 3213 quis
1001 3126 1134 3192 tendem

96 3204 155 3274 tine
168 3233 268 3277 venne
283 3212 469 3277 temeritatis
482 3224 560 3277 note
573 3210 615 3276 de
634 3222 737 3275 setste
756 3210 955 3289 schedarum,
970 3234 1053 3299 quae
1070 3212 1133 3277 boc

95 3312 199 3378 genere
214 3298 351 3385 scriptee
365 3298 582 3375 inveniuntur,
598 3297 672 3383 quic
696 3319 770 3361 uem
784 3298 1009 3364 confirmabit?
1042 3296 1133 3364 Con·

97 3382 234 3449 cedemus
263 3406 339 3449 sene
364 3382 419 3449 vix
446 3382 609 3472 probabile
635 3320 746 3462 videri,
772 3397 845 3471 post
869 3397 1021 3451 vestatam
1046 3383 1132 3449 bello

99 3462 226 3537 Gothico
245 3468 382 3548 Italiam,
401 3470 486 3535 inter
506 3481 556 3534 tot
576 3468 681 3535 clades
703 3492 908 3535 eemmnosse
929 3470 1044 3557 gentis,
1058 3470 1132 3535 uni·

97 3570 208 3621 versum
225 3556 378 3622 Livianae
399 3556 549 3622 historiae
571 3578 652 3645 opus
672 3556 896 3642 transcriptum
916 3555 1022 3633 misse,
1040 3578 1133 3644 prse-

97 3643 191 3707 tertim
209 3664 312 3731 quum
335 3664 378 3707 ex
391 3644 491 3709 veteri
514 3642 607 3743 copie
626 3640 699 3707 libri
721 3640 918 3730 emptoribus
936 3641 1046 3707 deesse
1065 3665 1132 3707 non

97 3740 250 3811 poterent:
284 3728 372 3818 quod
397 3728 477 3795 mihi
502 3728 633 3817 qmdem
658 3728 859 3815 potissimum
884 3728 919 3792 in
944 3750 1039 3793 cause
1062 3750 1130 3794 esee

97 3812 219 3895 ridetur,
235 3838 294 3882 cur
312 3830 378 3881 tem
397 3816 460 3881 reri
478 3815 543 3881 sint
561 3814 688 3881 codices
707 3814 764 3879 iilo
778 3836 856 3881 sevo
873 3814 931 3879 sc'
956 3815 1001 3879 ti:
1025 3838 1132 3903 neque

98 3895 146 3966 boe
180 3924 359 3991 urgeamus,
389 3901 684 3980 vindobonensem,
714 3900 791 3967 olim
821 3899 937 3966 inuris
1011 3924 1130 3980 ensem,

98 3988 238 4083 podicem,
253 3990 280 4055 si
295 3988 383 4091 quod
397 4010 438 4055 ex
456 3989 611 4090 scripture
630 3997 853 4077 argumentum
873 3990 941 4137 peti
1004 4000 1075 4066 test,
1090 3988 1132 4053 ud

98 4070 816 4256 ἓῖεῐξῖᾚωὲξῧὲιγῇιέἓοὲῒῐωωῖερῐὲἒ
837 4095 1133 4226 fflbpnpoffi

99 4261 234 4336 ntegros,
257 4260 355 4337 etque
379 4250 419 4315 eb
443 4272 482 4314 eo
505 4249 574 4336 ipso
598 4262 631 4313 et
654 4247 806 4313 Flaviano
830 4244 1039 4326 Nicomacho,
1062 4248 1132 4313 eius

99 4336 197 4414 unico,
210 4336 398 4403 emendatos
416 4336 512 4401 titisse
532 4334 657 4401 codices
678 4334 839 4413 Livisnoe,
857 4348 1055 4423 compertum
1074 4332 1132 4397 he·
