2934 4800
349 225 448 291 ΜΒ.
470 224 596 292 XLIV.
630 225 743 293 cAP.
767 230 820 293 45.
1050 230 1111 293 los

62 361 181 439 servati⁹
201 384 246 426 ex
267 360 390 449 proelio
409 362 532 428 Pellam
554 374 717 441 venerant,
733 384 833 450 quum
856 384 950 451 saepe
972 362 1112 428 arcessiti
1122 374 1198 427 uc.
1214 374 1269 438 58,

62 464 174 527 ament,
189 470 290 513 nemo
312 447 355 513 ad
377 470 453 513 eum
474 448 572 515 venit.
618 449 700 515 'l'res
721 461 812 515 erant
834 461 957 515 tantum
979 470 1053 515 cum
1072 440 1152 515 eol·
1168 440 1199 491 ⁰·
1217 438 1270 489 ¹⁶⁸·

61 538 151 622 fugae
165 536 311 612 comites,
327 533 482 600 Euander
497 534 670 613 Cretensis,
682 534 757 601 Neo
772 534 934 613 Boeotius,
946 546 980 601 et
994 534 1112 601 Archi·

62 623 171 687 damus
188 620 334 687 Aetolus.
382 620 468 687 Cum
488 622 537 700 iis,
553 622 615 687 iam
635 633 792 699 metuens,
808 644 860 700 ne,
876 622 932 708 qui
947 622 1055 687 venire
1070 621 1112 687 sd

62 732 93 773 se
112 709 305 785 abnuerent,
324 708 429 773 maius
448 706 570 795 aliquid
590 732 667 773 mox
688 708 854 786 auderent,
873 720 986 795 quarta
1004 707 1112 795 vigilis

173 795 209 859 't
253 792 364 859 Secuti
378 817 453 859 eum
466 809 543 860 sunt
555 794 729 861 admodum
791 796 798 810 '
865 794 913 860 nti
930 794 1110 861 Cretenses.

63 818 197 947 l'litebst
210 879 454 967 Amphipolimz
475 881 534 946 aed
548 893 641 947 nocte
657 905 677 947 a
690 879 737 946 Pe
794 894 925 959 emerat,
939 903 1112 969 properans

67 980 134 1032 ante
148 967 257 1031 lucem
273 966 395 1031 Axium
415 989 542 1033 amnem
562 968 717 1046 deiicere,
731 990 807 1033 eum
826 966 925 1033 finem
945 966 1110 1057 sequendi,

175 1076 194 1117 r
206 1052 429 1118 difficultatem
442 1054 601 1132 transitus,
616 1054 684 1119 iore
698 1066 784 1119 ratus
801 1052 963 1119 Romanis.

67 1066 294 1217 pnilriirsulem,
307 1162 408 1225 quum
422 1161 456 1204 se
470 1140 505 1204 in
516 1154 618 1205 casua
627 1140 728 1206 victm
742 1139 922 1228 recepisset,
932 1162 975 1205 ne
986 1141 1111 1207 sincero
1166 1142 1220 1203 44.

68 1225 179 1326 gaudio
191 1225 361 1304 frueretur,
372 1248 449 1291 cura
458 1225 500 1291 de
514 1226 638 1292 minore
651 1226 719 1293 filio
732 1226 922 1292 stimulabat.
953 1226 991 1291 P.
1003 1225 1111 1315 Scipio
1119 1224 1253 1301 Antan·

68 1336 94 1377 rs
106 1325 180 1390 erat,
195 1311 371 1377 Africanus
389 1324 424 1376 et
439 1311 452 1375 i
659 1312 767 1378 deleta
781 1311 988 1413 Cartbagine,
1002 1312 1110 1401 appel·
1120 1288 1270 1403 &fif-,⁶¹¹⁰

51 1398 155 1475 ilatua,
173 1397 329 1463 naturalis
353 1326 821 1499 mmffffiadoptione
837 1397 979 1463 Africani
1001 1420 1111 1499 pepos.
1122 1414 1203 1479 piene.

69 1484 110 1563 Is,
131 1499 303 1573 septumum
324 1483 485 1550 demmnm
511 1497 588 1551 tunc
614 1506 735 1551 annum
761 1506 869 1572 agens,
895 1483 983 1572 quod
1008 1506 1112 1571 rpsum

69 1570 424 1724 {uphem-mbas?
438 1570 541 1673 effuse
550 1572 695 1660 sequitur
708 1570 1014 1723 minwed}
1019 1570 1114 1635 aliam

69 1757 195 1895 arpo
231 1680 349 1831 mi
377 1670 469 1822 hi?
482 1680 782 1809 ‘imina
819 1679 971 1831 &unuh
1004 1680 1116 1810 elisii

69 1852 148 1895 aensr

71 1977 75 1979 ,
110 1915 333 2003 Amphipolim
351 1938 453 2004 quum
476 1918 539 1982 iam
558 1917 643 1983 fama
662 1938 789 2005 pugnae
810 1917 1015 2005 pervenisset,
1037 1938 1115 1982 con·

51 2024 239 2089 scursusque
260 2018 476 2069 matronarum
495 2003 531 2067 in
550 2003 706 2091 templum
724 2004 861 2081 Dianae,
899 2025 974 2068 uam
992 2002 1116 2068 Tauro·

69 2090 160 2177 polon
173 2101 302 2166 vocant,
317 2088 360 2155 ad
373 2112 469 2177 opem
484 2090 720 2177 exposcendam
734 2089 846 2167 lieret;
904 2088 1042 2166 iodorus,
1058 2089 1115 2176 qui

69 2188 210 2263 praeerat
228 2174 311 2254 urbi,
325 2186 482 2254 metuens,
496 2198 539 2241 ne
554 2176 705 2253 Thraces,
720 2197 857 2276 quorum
876 2176 942 2240 duo
962 2174 1061 2241 millia
1079 2174 1114 2241 in

70 2262 224 2349 praesidio
237 2274 340 2339 erant,
356 2263 468 2329 urbem
481 2262 518 2326 in
531 2261 673 2328 tumultu
685 2261 870 2349 diriperent,
886 2262 926 2327 ab
943 2262 1115 2327 subornato

69 2350 107 2414 ab
131 2372 165 2415 se
189 2369 250 2436 per
270 2346 426 2414 fallaciam
450 2348 487 2413 in
512 2346 666 2414 tabellarii
690 2348 830 2436 speciem
856 2347 962 2414 literas
986 2346 1021 2413 in
1046 2346 1116 2415 loro

71 2436 173 2502 medio
200 2437 334 2523 accepit
390 2435 552 2522 Scriptum
580 2436 616 2500 in
644 2435 683 2500 iia
710 2448 790 2513 erat,
828 2434 904 2500 ‘Ad
933 2433 1116 2499 Emathiam

72 2523 220 2588 ‘classem
234 2520 416 2588 Romanam
437 2543 458 2586 a
621 2543 699 2600 esse,
714 2543 869 2608 agrosque
889 2521 973 2585 circa
987 2520 1114 2585 vexari:

72 2618 176 2674 ‘orare
189 2607 368 2696 praefectos
381 2605 465 2673 Em'a
502 2608 509 2623 ⁸
575 2622 614 2673 ut
629 2606 823 2759 mimum
844 2605 994 2670 adversus
1014 2627 1117 2693 popu·
1216 2645 1219 2654 ·

653 2717 674 2759 o

73 2695 203 2760 ‘lamroe
232 2695 359 2760 mittat’
411 2692 602 2772 Hisleetia,
721 2705 775 2759 tur
804 2691 955 2769 Tmou,
987 2691 1116 2758 ‘utad

73 2781 243 2848 ‘urendam
273 2780 441 2846 Emathiae
470 2801 558 2846 oram
586 2780 848 2869 proficiscantur:
888 2800 919 2843 m
1062 2799 1119 2844 eos

74 2868 220 2934 ‘medem
242 2866 468 2954 praedemque,
485 2866 599 2955 palatis
620 2867 737 2955 passim
761 2888 819 2954 per
839 2887 931 2952 agros
1005 2865 1117 2942 manis,

75 2955 247 3022 ‘facturos'
291 2952 393 3019 Simul
415 2952 518 3018 elevat
536 2953 653 3018 famam
672 2953 865 3040 adremaep
980 2959 1117 3039 z‘quae

75 3041 118 3104 ‘si
129 3064 206 3106 vera
218 3041 312 3117 foret,
326 3039 425 3104 alium
438 3062 535 3128 snper
547 3038 645 3104 alium
664 3052 808 3105 recentes
822 3062 864 3105 ex
967 3050 1118 3104 venturos

77 3126 204 3193 ‘fu'ase'
247 3126 313 3192 Per
343 3126 428 3192 hanc
459 3148 585 3192 causam
618 3125 796 3192 Thracibus
831 3125 992 3212 ablegatis,
1022 3121 1117 3190 simul

75 3225 277 3366 W
299 3233 354 3278 eos
378 3211 582 3301 Strymonem
600 3211 692 3291 vidit,
711 3225 817 3300 portas
839 3211 959 3278 clausit
1004 3209 1116 3276 Tertio
1172 3209 1226 3272 45.

76 3299 150 3451 m
326 3321 423 3386 m
451 3312 630 3386 vum
1017 3293 1276 3407 orm

175 3399 316 3453 oratores
339 3408 413 3450 cum
438 3385 579 3451 caduceo
601 3385 643 3450 ad
667 3384 817 3450 Paullum
842 3395 936 3450 mrsrt
981 3381 1115 3448 Interim
1124 3419 1244 3470 mim

76 3469 217 3573 Hippias,
240 3485 275 3537 et
300 3471 434 3550 Medon,
460 3484 494 3536 et
517 3470 731 3550 Pantauchus,
757 3471 918 3570 principes
942 3469 1181 3535 amicorumcos

76 3579 162 3645 regis,
182 3558 315 3636 Beroea,
333 3580 399 3645 quo
420 3580 462 3623 ex
483 3557 551 3623 acie
573 3557 790 3646 confligerent,
808 3555 869 3644 ipsr
890 3555 932 3620 ad
953 3552 1116 3618 consulem

77 3645 215 3728 profecti,
240 3644 396 3709 Romanis
416 3667 450 3709 se
471 3643 615 3709 dedunt:
642 3643 704 3709 hoc
726 3642 814 3708 idem
835 3640 944 3707 etalii
966 3639 1118 3728 deinceps

77 3744 161 3796 metu
181 3730 320 3820 perculsi
342 3731 496 3818 parabant
518 3731 630 3796 lacere
678 3729 812 3807 Consul,
830 3726 952 3793 nuntiis
969 3726 1118 3792 victoriae

102 3922 472 3982 7Notwalisoomlia1’oatli]
485 3921 580 3971 Etriex
612 3923 708 3977 volunt.
724 3923 764 3970 rel
781 3921 847 3982 quod
864 3922 932 3985 apud
948 3921 1043 3970 Tauros
1060 3921 1119 3983 Scy-

80 3986 275 4044 prsecedentrhus
280 3985 579 4047 manigitmeumfllium
612 3986 681 4034 thiae
694 3985 816 4048 populum
828 3985 930 4046 colatur,
942 3986 981 4034 vel
992 3985 1058 4046 quod
1068 3999 1120 4046 gre·

81 4047 161 4096 Paulli
175 4049 257 4109 hune,
268 4055 353 4098 tamen
370 4048 431 4096 mrhl
448 4063 496 4097 vox
506 4051 580 4112 filmer
611 4049 682 4112 gibus
692 4048 790 4112 praesit,
799 4049 838 4097 vel
846 4050 912 4111 quod
922 4051 1009 4098 eadem
1020 4047 1052 4095 sit
1062 4062 1119 4097 curn

80 4109 183 4160 bineria
191 4115 275 4162 ahma
285 4127 357 4175 posse
368 4112 471 4162 ridetur.
493 4113 580 4162 Potuit
611 4113 680 4174 luna,
688 4127 762 4175 quam
771 4113 846 4162 tauris
854 4113 911 4163 vehi
919 4113 1016 4174 tingunt
1024 4115 1118 4172 potue

81 4175 193 4224 exsilius
202 4183 257 4239 post
266 4177 364 4235 Paulli,
374 4190 450 4238 quum
461 4177 581 4239 scriptam
612 4177 695 4227 carr.
722 4177 753 4226 cl.
771 4177 846 4240 Soph.
866 4177 906 4226 ai.
931 4187 984 4238 ¹7²·
1006 4171 1022 4231 ἦ
1040 4171 1070 4236 ῥά
1091 4191 1120 4224 σε

80 4238 163 4287 tuba
170 4241 254 4290 Paulli
263 4243 294 4291 F.
305 4241 345 4290 rel
355 4242 405 4289 Fit.
423 4241 529 4290 Dran.
612 4238 751 4303 rmore
759 4241 814 4291 Aba
821 4239 947 4303 Ἄρτεμις.
955 4276 962 4290 .
969 4275 976 4290 .
984 4239 1122 4290 Burmann.

112 4301 246 4360 8Dicaoe.
364 4306 519 4366 Tauropolon
542 4321 581 4355 oo
613 4305 924 4367 adOridexv.5rr.

83 4320 582 4432 mlmoewmmssffim
687 4404 691 4409 ,
