<?xml version="1.0" encoding="UTF-8"?>
<!DOCTYPE html PUBLIC "-//W3C//DTD XHTML 1.0 Transitional//EN"
    "http://www.w3.org/TR/xhtml1/DTD/xhtml1-transitional.dtd">
<html xmlns="http://www.w3.org/1999/xhtml" xml:lang="en" lang="en">
 <head>
  <title>
</title>
<meta http-equiv="Content-Type" content="text/html;charset=utf-8" />
  <meta name='ocr-system' content='tesseract 3.04.00' />
  <meta name='ocr-capabilities' content='ocr_page ocr_carea ocr_par ocr_line ocrx_word'/>
</head>
<body>
  <div class='ocr_page' id='page_1' title='image "./tliviipatavinih01kreygoog/tliviipatavinih01kreygoog_0240.png"; bbox 0 0 2934 4800; ppageno 0'>
   <div class='ocr_carea' id='block_1_1' title="bbox 362 177 1029 253">
    <p class='ocr_par' dir='ltr' id='par_1_1' title="bbox 362 177 1029 253">
     <span class='ocr_line' id='line_1_1' title="bbox 362 177 1029 253; baseline -0.003 -1"><span class='ocrx_word' id='word_1_1' title='bbox 362 193 429 253; x_wconf 71' lang='lat'>230</span> <span class='ocrx_word' id='word_1_2' title='bbox 749 177 1029 250; x_wconf 83' lang='lat' dir='ltr'><strong>EPITOMAE</strong></span> 
     </span>
    </p>
   </div>
   <div class='ocr_carea' id='block_1_2' title="bbox 364 318 1407 1593">
    <p class='ocr_par' dir='ltr' id='par_1_2' title="bbox 364 318 1406 999">
     <span class='ocr_line' id='line_1_2' title="bbox 364 318 1403 420; baseline 0 -33"><span class='ocrx_word' id='word_1_3' title='bbox 364 345 399 387; x_wconf 88' lang='lat' dir='ltr'>se</span> <span class='ocrx_word' id='word_1_4' title='bbox 419 333 453 386; x_wconf 90' lang='lat' dir='ltr'>et</span> <span class='ocrx_word' id='word_1_5' title='bbox 471 321 602 386; x_wconf 86' lang='lat' dir='ltr'>classem</span> <span class='ocrx_word' id='word_1_6' title='bbox 619 318 814 407; x_wconf 77' lang='lat' dir='ltr'>Carthagine</span> <span class='ocrx_word' id='word_1_7' title='bbox 831 319 1091 420; x_wconf 72' lang='lat' dir='ltr'>deprehendime,</span> <span class='ocrx_word' id='word_1_8' title='bbox 1105 323 1274 408; x_wconf 76' lang='lat' dir='ltr'>perrogari</span> <span class='ocrx_word' id='word_1_9' title='bbox 1296 337 1403 388; x_wconf 64' lang='lat' dir='ltr'>murm-</span> 
     </span>
     <span class='ocr_line' id='line_1_3' title="bbox 365 404 1403 494; baseline 0.002 -22"><span class='ocrx_word' id='word_1_10' title='bbox 365 407 425 472; x_wconf 86' lang='lat' dir='ltr'>tiss</span> <span class='ocrx_word' id='word_1_11' title='bbox 442 407 569 494; x_wconf 86' lang='lat' dir='ltr'>placuit.</span> <span class='ocrx_word' id='word_1_12' title='bbox 617 404 743 473; x_wconf 81' lang='lat' dir='ltr'>Catone</span> <span class='ocrx_word' id='word_1_13' title='bbox 767 419 802 471; x_wconf 88' lang='lat' dir='ltr'>et</span> <span class='ocrx_word' id='word_1_14' title='bbox 824 405 894 472; x_wconf 79' lang='lat' dir='ltr'>alin</span> <span class='ocrx_word' id='word_1_15' title='bbox 914 407 1112 494; x_wconf 86' lang='lat' dir='ltr'>principibus</span> <span class='ocrx_word' id='word_1_16' title='bbox 1132 409 1266 473; x_wconf 87' lang='lat' dir='ltr'>senatui</span> <span class='ocrx_word' id='word_1_17' title='bbox 1287 409 1403 474; x_wconf 72' lang='lat' dir='ltr'>unden-</span> 
     </span>
     <span class='ocr_line' id='line_1_4' title="bbox 366 491 1402 580; baseline 0.001 -22"><span class='ocrx_word' id='word_1_18' title='bbox 366 494 459 570; x_wconf 89' lang='lat' dir='ltr'>tibus,</span> <span class='ocrx_word' id='word_1_19' title='bbox 483 506 521 558; x_wconf 90' lang='lat' dir='ltr'>ut</span> <span class='ocrx_word' id='word_1_20' title='bbox 543 493 578 558; x_wconf 93' lang='lat' dir='ltr'>in</span> <span class='ocrx_word' id='word_1_21' title='bbox 601 491 744 558; x_wconf 83' lang='lat' dir='ltr'>Africam</span> <span class='ocrx_word' id='word_1_22' title='bbox 767 492 934 558; x_wconf 86' lang='lat' dir='ltr'>confestim</span> <span class='ocrx_word' id='word_1_23' title='bbox 958 507 1231 580; x_wconf 78' lang='lat' dir='ltr'>transportaretur</span> <span class='ocrx_word' id='word_1_24' title='bbox 1250 497 1402 569; x_wconf 75' lang='lat' dir='ltr'>exertius,</span> 
     </span>
     <span class='ocr_line' id='line_1_5' title="bbox 365 576 1403 666; baseline -0.001 -21"><span class='ocrx_word' id='word_1_25' title='bbox 365 580 454 666; x_wconf 89' lang='lat' dir='ltr'>quod</span> <span class='ocrx_word' id='word_1_26' title='bbox 479 578 515 643; x_wconf 93' lang='lat' dir='ltr'>P.</span> <span class='ocrx_word' id='word_1_27' title='bbox 535 577 704 644; x_wconf 85' lang='lat' dir='ltr'>Cornelius</span> <span class='ocrx_word' id='word_1_28' title='bbox 730 576 849 644; x_wconf 84' lang='lat' dir='ltr'>Nasica</span> <span class='ocrx_word' id='word_1_29' title='bbox 877 578 1012 657; x_wconf 86' lang='lat' dir='ltr'>dicebat,</span> <span class='ocrx_word' id='word_1_30' title='bbox 1038 579 1185 644; x_wconf 88' lang='lat' dir='ltr'>nondum</span> <span class='ocrx_word' id='word_1_31' title='bbox 1212 581 1280 646; x_wconf 88' lang='lat' dir='ltr'>sibi</span> <span class='ocrx_word' id='word_1_32' title='bbox 1312 582 1403 644; x_wconf 69' lang='lat' dir='ltr'>imm</span> 
     </span>
     <span class='ocr_line' id='line_1_6' title="bbox 365 663 1405 751; baseline 0.002 -20"><span class='ocrx_word' id='word_1_33' title='bbox 365 688 492 732; x_wconf 84' lang='lat' dir='ltr'>causam</span> <span class='ocrx_word' id='word_1_34' title='bbox 505 664 582 730; x_wconf 89' lang='lat' dir='ltr'>belli</span> <span class='ocrx_word' id='word_1_35' title='bbox 595 664 706 742; x_wconf 83' lang='lat' dir='ltr'>videri,</span> <span class='ocrx_word' id='word_1_36' title='bbox 721 663 851 751; x_wconf 82' lang='lat' dir='ltr'>placuit,</span> <span class='ocrx_word' id='word_1_37' title='bbox 866 677 902 730; x_wconf 91' lang='lat' dir='ltr'>ut</span> <span class='ocrx_word' id='word_1_38' title='bbox 915 664 1000 732; x_wconf 88' lang='lat' dir='ltr'>bello</span> <span class='ocrx_word' id='word_1_39' title='bbox 1014 666 1224 743; x_wconf 87' lang='lat' dir='ltr'>abstinerent,</span> <span class='ocrx_word' id='word_1_40' title='bbox 1241 667 1272 732; x_wconf 89' lang='lat' dir='ltr'>si</span> <span class='ocrx_word' id='word_1_41' title='bbox 1288 665 1405 732; x_wconf 68' lang='lat' dir='ltr'>carus</span> 
     </span>
     <span class='ocr_line' id='line_1_7' title="bbox 364 749 1406 839; baseline -0.003 -24"><span class='ocrx_word' id='word_1_42' title='bbox 364 753 525 839; x_wconf 75' lang='lat' dir='ltr'>ginienses</span> <span class='ocrx_word' id='word_1_43' title='bbox 552 749 684 816; x_wconf 86' lang='lat' dir='ltr'>classem</span> <span class='ocrx_word' id='word_1_44' title='bbox 711 750 914 824; x_wconf 72' lang='lat' dir='ltr'>exussissent,</span> <span class='ocrx_word' id='word_1_45' title='bbox 937 763 972 818; x_wconf 92' lang='lat' dir='ltr'>et</span> <span class='ocrx_word' id='word_1_46' title='bbox 995 752 1175 816; x_wconf 84' lang='lat' dir='ltr'>exercitum</span> <span class='ocrx_word' id='word_1_47' title='bbox 1200 753 1406 818; x_wconf 67' lang='lat' dir='ltr'>diminuens:</span> 
     </span>
     <span class='ocr_line' id='line_1_8' title="bbox 365 836 1404 999; baseline 0.002 -97"><span class='ocrx_word' id='word_1_48' title='bbox 365 837 724 999; x_wconf 50' lang='lat' dir='ltr'>mummi</span> <span class='ocrx_word' id='word_1_49' title='bbox 752 836 897 988; x_wconf 59' lang='lat' dir='ltr'>constples</span> <span class='ocrx_word' id='word_1_50' title='bbox 919 836 1114 989; x_wconf 46' lang='lat' dir='ltr'>pllpngplplieo</span> <span class='ocrx_word' id='word_1_51' title='bbox 1138 837 1230 903; x_wconf 90' lang='lat' dir='ltr'>bello</span> <span class='ocrx_word' id='word_1_52' title='bbox 1257 839 1404 989; x_wconf 46' lang='lat' dir='ltr'>rfflrrrmp</span> 
     </span>
    </p>

    <p class='ocr_par' dir='ltr' id='par_1_3' title="bbox 364 939 1407 1593">
     <span class='ocr_line' id='line_1_9' title="bbox 667 939 1404 998; baseline -0.003 -10"><span class='ocrx_word' id='word_1_53' title='bbox 667 946 687 988; x_wconf 87' lang='lat' dir='ltr'>a</span> <span class='ocrx_word' id='word_1_54' title='bbox 711 945 835 988; x_wconf 84' lang='lat' dir='ltr'>censen</span> <span class='ocrx_word' id='word_1_55' title='bbox 857 945 893 988; x_wconf 88' lang='lat' dir='ltr'>us</span> <span class='ocrx_word' id='word_1_56' title='bbox 955 946 973 987; x_wconf 91' lang='lat' dir='ltr'>e</span> <span class='ocrx_word' id='word_1_57' title='bbox 1103 939 1352 998; x_wconf 63' lang='lat' dir='ltr'>exstruerem</span> <span class='ocrx_word' id='word_1_58' title='bbox 1399 975 1404 986; x_wconf 96' lang='lat'>.</span> 
     </span>
     <span class='ocr_line' id='line_1_10' title="bbox 366 1008 1404 1096; baseline 0.002 -22"><span class='ocrx_word' id='word_1_59' title='bbox 366 1008 519 1074; x_wconf 90' lang='lat' dir='ltr'>Cornelio</span> <span class='ocrx_word' id='word_1_60' title='bbox 545 1008 665 1074; x_wconf 88' lang='lat' dir='ltr'>Nasica</span> <span class='ocrx_word' id='word_1_61' title='bbox 688 1021 828 1087; x_wconf 85' lang='lat' dir='ltr'>auctore,</span> <span class='ocrx_word' id='word_1_62' title='bbox 854 1023 1006 1096; x_wconf 88' lang='lat' dir='ltr'>tanquam</span> <span class='ocrx_word' id='word_1_63' title='bbox 1032 1009 1145 1074; x_wconf 89' lang='lat' dir='ltr'>inutile</span> <span class='ocrx_word' id='word_1_64' title='bbox 1172 1023 1208 1076; x_wconf 88' lang='lat' dir='ltr'>et</span> <span class='ocrx_word' id='word_1_65' title='bbox 1235 1011 1404 1076; x_wconf 73' lang='lat' dir='ltr'>nucinum</span> 
     </span>
     <span class='ocr_line' id='line_1_11' title="bbox 365 1094 1406 1184; baseline 0 -24"><span class='ocrx_word' id='word_1_66' title='bbox 365 1094 501 1182; x_wconf 84' lang='lat' dir='ltr'>publicis</span> <span class='ocrx_word' id='word_1_67' title='bbox 523 1095 673 1172; x_wconf 79' lang='lat' dir='ltr'>moribm,</span> <span class='ocrx_word' id='word_1_68' title='bbox 694 1117 736 1160; x_wconf 85' lang='lat' dir='ltr'>ex</span> <span class='ocrx_word' id='word_1_69' title='bbox 759 1095 1032 1160; x_wconf 81' lang='lat' dir='ltr'>senatusconsulto</span> <span class='ocrx_word' id='word_1_70' title='bbox 1055 1096 1262 1162; x_wconf 87' lang='lat' dir='ltr'>destructum</span> <span class='ocrx_word' id='word_1_71' title='bbox 1285 1111 1346 1174; x_wconf 64' lang='lat' dir='ltr'>en,</span> <span class='ocrx_word' id='word_1_72' title='bbox 1364 1121 1406 1184; x_wconf 79' lang='lat' dir='ltr'>po</span> 
     </span>
     <span class='ocr_line' id='line_1_12' title="bbox 365 1179 1407 1332; baseline 0.001 -86"><span class='ocrx_word' id='word_1_73' title='bbox 365 1181 523 1269; x_wconf 89' lang='lat' dir='ltr'>pulnsque</span> <span class='ocrx_word' id='word_1_74' title='bbox 547 1179 745 1268; x_wconf 73' lang='lat' dir='ltr'>aliquamdiu</span> <span class='ocrx_word' id='word_1_75' title='bbox 770 1193 857 1246; x_wconf 88' lang='lat' dir='ltr'>stans</span> <span class='ocrx_word' id='word_1_76' title='bbox 881 1179 973 1247; x_wconf 90' lang='lat' dir='ltr'>ludos</span> <span class='ocrx_word' id='word_1_77' title='bbox 997 1183 1160 1332; x_wconf 55' lang='lat' dir='ltr'>effictnvit.</span> <span class='ocrx_word' id='word_1_78' title='bbox 1210 1181 1407 1284; x_wconf 67' lang='lat' dir='ltr'>Cutlngiti</span> 
     </span>
     <span class='ocr_line' id='line_1_13' title="bbox 364 1266 1406 1443; baseline 0.002 -25"><span class='ocrx_word' id='word_1_79' title='bbox 364 1290 457 1420; x_wconf 62' lang='lat'>33¹⁸?</span> <span class='ocrx_word' id='word_1_80' title='bbox 494 1290 572 1430; x_wconf 68' lang='lat'>¹¹23?</span> <span class='ocrx_word' id='word_1_81' title='bbox 578 1266 1033 1442; x_wconf 56' lang='lat' dir='ltr'>tlfftild‘tltllls</span> <span class='ocrx_word' id='word_1_82' title='bbox 1049 1269 1406 1443; x_wconf 47' lang='lat' dir='ltr'>&amp;32¹¹ss</span> 
     </span>
     <span class='ocr_line' id='line_1_14' title="bbox 366 1440 1405 1530; baseline 0.002 -26"><span class='ocrx_word' id='word_1_83' title='bbox 366 1443 452 1506; x_wconf 91' lang='lat' dir='ltr'>mine</span> <span class='ocrx_word' id='word_1_84' title='bbox 478 1440 628 1505; x_wconf 87' lang='lat' dir='ltr'>mandere</span> <span class='ocrx_word' id='word_1_85' title='bbox 653 1453 687 1505; x_wconf 91' lang='lat' dir='ltr'>ct</span> <span class='ocrx_word' id='word_1_86' title='bbox 710 1455 838 1526; x_wconf 77' lang='lat' dir='ltr'>gustare</span> <span class='ocrx_word' id='word_1_87' title='bbox 864 1455 980 1526; x_wconf 70' lang='lat' dir='ltr'>parem</span> <span class='ocrx_word' id='word_1_88' title='bbox 1009 1451 1135 1506; x_wconf 87' lang='lat' dir='ltr'>tantum</span> <span class='ocrx_word' id='word_1_89' title='bbox 1155 1441 1268 1520; x_wconf 86' lang='lat' dir='ltr'>solito,</span> <span class='ocrx_word' id='word_1_90' title='bbox 1294 1443 1405 1530; x_wconf 73' lang='lat' dir='ltr'>impe</span> 
     </span>
     <span class='ocr_line' id='line_1_15' title="bbox 366 1525 889 1593; baseline -0.002 -2"><span class='ocrx_word' id='word_1_91' title='bbox 366 1526 549 1593; x_wconf 86' lang='lat' dir='ltr'>Romanum</span> <span class='ocrx_word' id='word_1_92' title='bbox 561 1525 680 1592; x_wconf 87' lang='lat' dir='ltr'>bellum</span> <span class='ocrx_word' id='word_1_93' title='bbox 695 1541 889 1592; x_wconf 86' lang='lat' dir='ltr'>meruerunt.</span> 
     </span>
    </p>
   </div>
   <div class='ocr_carea' id='block_1_3' title="bbox 823 1955 950 2022">
    <p class='ocr_par' dir='ltr' id='par_1_4' title="bbox 823 1955 950 2022">
     <span class='ocr_line' id='line_1_16' title="bbox 823 1955 950 2022; baseline 0.008 -2"><span class='ocrx_word' id='word_1_94' title='bbox 823 1955 950 2022; x_wconf 87' lang='lat' dir='ltr'><strong>XLIX.</strong></span> 
     </span>
    </p>
   </div>
   <div class='ocr_carea' id='block_1_4' title="bbox 362 2128 1403 3777">
    <p class='ocr_par' dir='ltr' id='par_1_5' title="bbox 362 2128 1403 3777">
     <span class='ocr_line' id='line_1_17' title="bbox 366 2128 1403 2198; baseline 0.006 -6"><span class='ocrx_word' id='word_1_95' title='bbox 366 2128 530 2193; x_wconf 83' lang='lat' dir='ltr'><strong>TERTII</strong></span> <span class='ocrx_word' id='word_1_96' title='bbox 544 2128 660 2193; x_wconf 90' lang='lat' dir='ltr'>Punici</span> <span class='ocrx_word' id='word_1_97' title='bbox 673 2128 750 2194; x_wconf 86' lang='lat' dir='ltr'>belli</span> <span class='ocrx_word' id='word_1_98' title='bbox 768 2129 895 2194; x_wconf 89' lang='lat' dir='ltr'>initium</span> <span class='ocrx_word' id='word_1_99' title='bbox 910 2128 1009 2195; x_wconf 83' lang='lat' dir='ltr'>altero</span> <span class='ocrx_word' id='word_1_100' title='bbox 1028 2143 1062 2194; x_wconf 90' lang='lat' dir='ltr'>et</span> <span class='ocrx_word' id='word_1_101' title='bbox 1080 2132 1323 2198; x_wconf 84' lang='lat' dir='ltr'>sexcentesimo</span> <span class='ocrx_word' id='word_1_102' title='bbox 1336 2153 1403 2197; x_wconf 74' lang='lat' dir='ltr'>anm</span> 
     </span>
     <span class='ocr_line' id='line_1_18' title="bbox 365 2214 1401 2318; baseline 0.003 -39"><span class='ocrx_word' id='word_1_103' title='bbox 365 2215 406 2279; x_wconf 86' lang='lat' dir='ltr'>ab</span> <span class='ocrx_word' id='word_1_104' title='bbox 420 2216 498 2279; x_wconf 89' lang='lat' dir='ltr'>urbe</span> <span class='ocrx_word' id='word_1_105' title='bbox 512 2214 651 2292; x_wconf 88' lang='lat' dir='ltr'>condita,</span> <span class='ocrx_word' id='word_1_106' title='bbox 663 2215 748 2280; x_wconf 89' lang='lat' dir='ltr'>intra</span> <span class='ocrx_word' id='word_1_107' title='bbox 780 2216 906 2280; x_wconf 89' lang='lat' dir='ltr'>uintum</span> <span class='ocrx_word' id='word_1_108' title='bbox 920 2237 1051 2292; x_wconf 84' lang='lat' dir='ltr'>annum,</span> <span class='ocrx_word' id='word_1_109' title='bbox 1062 2238 1160 2303; x_wconf 88' lang='lat' dir='ltr'>quam</span> <span class='ocrx_word' id='word_1_110' title='bbox 1169 2233 1242 2282; x_wconf 79' lang='lat' dir='ltr'>erat</span> <span class='ocrx_word' id='word_1_111' title='bbox 1254 2231 1401 2318; x_wconf 77' lang='lat' dir='ltr'>coeptum,</span> 
     </span>
     <span class='ocr_line' id='line_1_19' title="bbox 365 2299 1402 2393; baseline 0.006 -29"><span class='ocrx_word' id='word_1_112' title='bbox 365 2301 583 2366; x_wconf 77' lang='lat' dir='ltr'>consummati</span> <span class='ocrx_word' id='word_1_113' title='bbox 630 2299 719 2366; x_wconf 91' lang='lat' dir='ltr'>Inter</span> <span class='ocrx_word' id='word_1_114' title='bbox 783 2301 956 2366; x_wconf 81' lang='lat' dir='ltr'>‚Porcium</span> <span class='ocrx_word' id='word_1_115' title='bbox 984 2299 1143 2367; x_wconf 87' lang='lat' dir='ltr'>Catonem</span> <span class='ocrx_word' id='word_1_116' title='bbox 1168 2316 1203 2368; x_wconf 90' lang='lat' dir='ltr'>et</span> <span class='ocrx_word' id='word_1_117' title='bbox 1231 2301 1402 2393; x_wconf 66' lang='grc' dir='ltr'>δάμω</span> 
     </span>
     <span class='ocr_line' id='line_1_20' title="bbox 365 2387 1401 2475; baseline 0.006 -23"><span class='ocrx_word' id='word_1_118' title='bbox 365 2387 526 2466; x_wconf 79' lang='lat' dir='ltr'>Nasicam,</span> <span class='ocrx_word' id='word_1_119' title='bbox 542 2410 679 2475; x_wconf 92' lang='lat' dir='ltr'>quorum</span> <span class='ocrx_word' id='word_1_120' title='bbox 697 2387 778 2453; x_wconf 85' lang='lat' dir='ltr'>alter</span> <span class='ocrx_word' id='word_1_121' title='bbox 795 2387 1043 2475; x_wconf 86' lang='lat' dir='ltr'>sapientissimus</span> <span class='ocrx_word' id='word_1_122' title='bbox 1056 2389 1105 2453; x_wconf 86' lang='lat' dir='ltr'>vir</span> <span class='ocrx_word' id='word_1_123' title='bbox 1118 2389 1154 2453; x_wconf 92' lang='lat' dir='ltr'>in</span> <span class='ocrx_word' id='word_1_124' title='bbox 1171 2388 1308 2457; x_wconf 85' lang='lat' dir='ltr'>civitate</span> <span class='ocrx_word' id='word_1_125' title='bbox 1323 2391 1401 2457; x_wconf 75' lang='lat' dir='ltr'>hehe</span> 
     </span>
     <span class='ocr_line' id='line_1_21' title="bbox 365 2474 1403 2575; baseline -0.001 -35"><span class='ocrx_word' id='word_1_126' title='bbox 365 2476 467 2553; x_wconf 84' lang='lat' dir='ltr'>batur,</span> <span class='ocrx_word' id='word_1_127' title='bbox 483 2474 561 2539; x_wconf 84' lang='lat' dir='ltr'>alter</span> <span class='ocrx_word' id='word_1_128' title='bbox 584 2474 680 2539; x_wconf 89' lang='lat' dir='ltr'>etiam</span> <span class='ocrx_word' id='word_1_129' title='bbox 697 2474 747 2538; x_wconf 86' lang='lat' dir='ltr'>vir</span> <span class='ocrx_word' id='word_1_130' title='bbox 764 2474 903 2575; x_wconf 90' lang='lat' dir='ltr'>optimus</span> <span class='ocrx_word' id='word_1_131' title='bbox 922 2496 942 2540; x_wconf 89' lang='lat' dir='ltr'>a</span> <span class='ocrx_word' id='word_1_132' title='bbox 960 2487 1072 2539; x_wconf 86' lang='lat' dir='ltr'>senatu</span> <span class='ocrx_word' id='word_1_133' title='bbox 1090 2476 1254 2542; x_wconf 87' lang='lat' dir='ltr'>iudicatus</span> <span class='ocrx_word' id='word_1_134' title='bbox 1273 2492 1353 2553; x_wconf 84' lang='lat' dir='ltr'>erat,</span> <span class='ocrx_word' id='word_1_135' title='bbox 1365 2476 1403 2539; x_wconf 90' lang='lat' dir='ltr'>di·</span> 
     </span>
     <span class='ocr_line' id='line_1_22' title="bbox 365 2559 1401 2639; baseline -0.001 -13"><span class='ocrx_word' id='word_1_136' title='bbox 365 2562 462 2627; x_wconf 79' lang='lat' dir='ltr'>versis</span> <span class='ocrx_word' id='word_1_137' title='bbox 476 2574 631 2626; x_wconf 85' lang='lat' dir='ltr'>certatum</span> <span class='ocrx_word' id='word_1_138' title='bbox 645 2560 812 2625; x_wconf 78' lang='lat' dir='ltr'>sententiis</span> <span class='ocrx_word' id='word_1_139' title='bbox 826 2573 894 2637; x_wconf 82' lang='lat' dir='ltr'>est3</span> <span class='ocrx_word' id='word_1_140' title='bbox 920 2559 1046 2626; x_wconf 86' lang='lat' dir='ltr'>Catone</span> <span class='ocrx_word' id='word_1_141' title='bbox 1063 2561 1219 2627; x_wconf 74' lang='lat' dir='ltr'>suadente</span> <span class='ocrx_word' id='word_1_142' title='bbox 1235 2563 1401 2639; x_wconf 74' lang='lat' dir='ltr'>bellumet</span> 
     </span>
     <span class='ocr_line' id='line_1_23' title="bbox 366 2645 1400 2733; baseline 0 -22"><span class='ocrx_word' id='word_1_143' title='bbox 366 2660 403 2711; x_wconf 88' lang='lat' dir='ltr'>ut</span> <span class='ocrx_word' id='word_1_144' title='bbox 425 2647 588 2712; x_wconf 90' lang='lat' dir='ltr'>tolleretur</span> <span class='ocrx_word' id='word_1_145' title='bbox 611 2646 834 2733; x_wconf 85' lang='lat' dir='ltr'>delereturque</span> <span class='ocrx_word' id='word_1_146' title='bbox 860 2646 1030 2733; x_wconf 78' lang='lat' dir='ltr'>Carthago,</span> <span class='ocrx_word' id='word_1_147' title='bbox 1055 2645 1175 2713; x_wconf 77' lang='lat' dir='ltr'>Nasica</span> <span class='ocrx_word' id='word_1_148' title='bbox 1198 2648 1400 2715; x_wconf 70' lang='lat' dir='ltr'>dimondente</span> 
     </span>
     <span class='ocr_line' id='line_1_24' title="bbox 364 2730 1401 2822; baseline 0.005 -26"><span class='ocrx_word' id='word_1_149' title='bbox 364 2732 492 2796; x_wconf 81' lang='lat' dir='ltr'>Placuit</span> <span class='ocrx_word' id='word_1_150' title='bbox 512 2746 632 2809; x_wconf 87' lang='lat' dir='ltr'>tamen,</span> <span class='ocrx_word' id='word_1_151' title='bbox 672 2732 738 2797; x_wconf 90' lang='lat' dir='ltr'>uod</span> <span class='ocrx_word' id='word_1_152' title='bbox 759 2746 870 2797; x_wconf 85' lang='lat' dir='ltr'>contra</span> <span class='ocrx_word' id='word_1_153' title='bbox 889 2731 1002 2797; x_wconf 76' lang='lat' dir='ltr'>foedus</span> <span class='ocrx_word' id='word_1_154' title='bbox 1023 2755 1119 2799; x_wconf 86' lang='lat' dir='ltr'>naves</span> <span class='ocrx_word' id='word_1_155' title='bbox 1140 2734 1313 2813; x_wconf 86' lang='lat' dir='ltr'>habereut,</span> <span class='ocrx_word' id='word_1_156' title='bbox 1331 2730 1401 2822; x_wconf 80' lang='lat' dir='ltr'>qnod</span> 
     </span>
     <span class='ocr_line' id='line_1_25' title="bbox 363 2756 1400 2907; baseline 0.005 -25"><span class='ocrx_word' id='word_1_157' title='bbox 363 2818 541 2882; x_wconf 84' lang='lat' dir='ltr'>exercitum</span> <span class='ocrx_word' id='word_1_158' title='bbox 555 2756 739 2883; x_wconf 56' lang='lat' dir='ltr'>estraines</span> <span class='ocrx_word' id='word_1_159' title='bbox 752 2818 927 2895; x_wconf 71' lang='lat' dir='ltr'>duximent,</span> <span class='ocrx_word' id='word_1_160' title='bbox 966 2818 1031 2883; x_wconf 89' lang='lat' dir='ltr'>uod</span> <span class='ocrx_word' id='word_1_161' title='bbox 1045 2820 1130 2885; x_wconf 86' lang='lat' dir='ltr'>socio</span> <span class='ocrx_word' id='word_1_162' title='bbox 1144 2821 1261 2907; x_wconf 89' lang='lat' dir='ltr'>populi</span> <span class='ocrx_word' id='word_1_163' title='bbox 1278 2819 1400 2887; x_wconf 76' lang='lat' dir='ltr'>Romani</span> 
     </span>
     <span class='ocr_line' id='line_1_26' title="bbox 364 2902 1401 3006; baseline 0.002 -39"><span class='ocrx_word' id='word_1_164' title='bbox 364 2916 399 2967; x_wconf 88' lang='lat' dir='ltr'>et</span> <span class='ocrx_word' id='word_1_165' title='bbox 426 2902 529 2967; x_wconf 89' lang='lat' dir='ltr'>amico</span> <span class='ocrx_word' id='word_1_166' title='bbox 554 2902 741 2969; x_wconf 86' lang='lat' dir='ltr'>Masinissae</span> <span class='ocrx_word' id='word_1_167' title='bbox 770 2926 858 2969; x_wconf 88' lang='lat' dir='ltr'>arma</span> <span class='ocrx_word' id='word_1_168' title='bbox 885 2903 933 2969; x_wconf 90' lang='lat' dir='ltr'>int</span> <span class='ocrx_word' id='word_1_169' title='bbox 969 2904 976 2919; x_wconf 82' lang='lat'><strong><em>‘</em></strong></span> <span class='ocrx_word' id='word_1_170' title='bbox 1028 2918 1074 2983; x_wconf 85' lang='lat' dir='ltr'>nt,</span> <span class='ocrx_word' id='word_1_171' title='bbox 1101 2906 1191 3006; x_wconf 81' lang='lat' dir='ltr'>quod</span> <span class='ocrx_word' id='word_1_172' title='bbox 1216 2907 1325 2973; x_wconf 88' lang='lat' dir='ltr'>filium</span> <span class='ocrx_word' id='word_1_173' title='bbox 1349 2906 1401 2971; x_wconf 80' lang='lat' dir='ltr'>eius</span> 
     </span>
     <span class='ocr_line' id='line_1_27' title="bbox 367 2988 1399 3079; baseline 0.004 -26"><span class='ocrx_word' id='word_1_174' title='bbox 367 2988 548 3066; x_wconf 78' lang='lat' dir='ltr'>Gulussam,</span> <span class='ocrx_word' id='word_1_175' title='bbox 587 2988 708 3054; x_wconf 90' lang='lat' dir='ltr'>uicum</span> <span class='ocrx_word' id='word_1_176' title='bbox 722 2989 835 3077; x_wconf 81' lang='lat' dir='ltr'>legatis</span> <span class='ocrx_word' id='word_1_177' title='bbox 850 2989 1004 3055; x_wconf 86' lang='lat' dir='ltr'>Romanis</span> <span class='ocrx_word' id='word_1_178' title='bbox 1023 3003 1099 3067; x_wconf 87' lang='lat' dir='ltr'>erat,</span> <span class='ocrx_word' id='word_1_179' title='bbox 1115 3013 1149 3055; x_wconf 92' lang='lat' dir='ltr'>1n</span> <span class='ocrx_word' id='word_1_180' title='bbox 1169 2994 1333 3079; x_wconf 88' lang='lat' dir='ltr'>oppidum</span> <span class='ocrx_word' id='word_1_181' title='bbox 1351 3013 1399 3057; x_wconf 85' lang='lat' dir='ltr'>nm</span> 
     </span>
     <span class='ocr_line' id='line_1_28' title="bbox 364 3074 1400 3168; baseline 0 -27"><span class='ocrx_word' id='word_1_182' title='bbox 364 3075 566 3161; x_wconf 84' lang='lat' dir='ltr'>recepissent,</span> <span class='ocrx_word' id='word_1_183' title='bbox 622 3074 700 3140; x_wconf 90' lang='lat' dir='ltr'>llum</span> <span class='ocrx_word' id='word_1_184' title='bbox 720 3076 759 3141; x_wconf 88' lang='lat' dir='ltr'>iis</span> <span class='ocrx_word' id='word_1_185' title='bbox 778 3075 886 3141; x_wconf 91' lang='lat' dir='ltr'>indici.</span> <span class='ocrx_word' id='word_1_186' title='bbox 932 3077 988 3141; x_wconf 86' lang='lat' dir='ltr'>Pri</span> <span class='ocrx_word' id='word_1_187' title='bbox 1050 3098 1123 3141; x_wconf 89' lang='lat' dir='ltr'>uam</span> <span class='ocrx_word' id='word_1_188' title='bbox 1143 3077 1229 3143; x_wconf 88' lang='lat' dir='ltr'>ullae</span> <span class='ocrx_word' id='word_1_189' title='bbox 1251 3079 1400 3168; x_wconf 82' lang='lat' dir='ltr'>copiaeiu</span> 
     </span>
     <span class='ocr_line' id='line_1_29' title="bbox 364 3098 1398 3250; baseline 0 -23"><span class='ocrx_word' id='word_1_190' title='bbox 364 3183 461 3227; x_wconf 84' lang='lat' dir='ltr'>nares</span> <span class='ocrx_word' id='word_1_191' title='bbox 475 3160 722 3248; x_wconf 85' lang='lat' dir='ltr'>imponerentur,</span> <span class='ocrx_word' id='word_1_192' title='bbox 740 3162 908 3227; x_wconf 87' lang='lat' dir='ltr'>Uticenses</span> <span class='ocrx_word' id='word_1_193' title='bbox 928 3098 1178 3250; x_wconf 58' lang='lat' dir='ltr'>legalillomam</span> <span class='ocrx_word' id='word_1_194' title='bbox 1193 3180 1363 3242; x_wconf 74' lang='lat' dir='ltr'>venemur,</span> <span class='ocrx_word' id='word_1_195' title='bbox 1375 3184 1398 3227; x_wconf 84' lang='lat' dir='ltr'>ss</span> 
     </span>
     <span class='ocr_line' id='line_1_30' title="bbox 363 3247 1400 3403; baseline 0.007 -92"><span class='ocrx_word' id='word_1_196' title='bbox 363 3270 483 3334; x_wconf 86' lang='lat' dir='ltr'>suaque</span> <span class='ocrx_word' id='word_1_197' title='bbox 507 3248 614 3314; x_wconf 90' lang='lat' dir='ltr'>omnia</span> <span class='ocrx_word' id='word_1_198' title='bbox 636 3247 798 3313; x_wconf 82' lang='lat' dir='ltr'>dedentes</span> <span class='ocrx_word' id='word_1_199' title='bbox 846 3247 895 3313; x_wconf 86' lang='lat' dir='ltr'>Ea</span> <span class='ocrx_word' id='word_1_200' title='bbox 916 3247 1043 3335; x_wconf 78' lang='lat' dir='ltr'>legatio,</span> <span class='ocrx_word' id='word_1_201' title='bbox 1067 3248 1167 3315; x_wconf 87' lang='lat' dir='ltr'>veluti</span> <span class='ocrx_word' id='word_1_202' title='bbox 1191 3272 1304 3331; x_wconf 84' lang='lat' dir='ltr'>omen,</span> <span class='ocrx_word' id='word_1_203' title='bbox 1305 3266 1400 3403; x_wconf 44' lang='grc' dir='ltr'>ἂν]</span> 
     </span>
     <span class='ocr_line' id='line_1_31' title="bbox 365 3333 1398 3423; baseline -0.001 -23"><span class='ocrx_word' id='word_1_204' title='bbox 365 3334 523 3412; x_wconf 86' lang='lat' dir='ltr'>Patribus,</span> <span class='ocrx_word' id='word_1_205' title='bbox 538 3335 653 3399; x_wconf 88' lang='lat' dir='ltr'>acerba</span> <span class='ocrx_word' id='word_1_206' title='bbox 668 3333 984 3420; x_wconf 77' lang='lat' dir='ltr'>Carthaginiensibus</span> <span class='ocrx_word' id='word_1_207' title='bbox 998 3334 1067 3399; x_wconf 80' lang='lat' dir='ltr'>lirit.</span> <span class='ocrx_word' id='word_1_208' title='bbox 1102 3334 1174 3400; x_wconf 89' lang='lat' dir='ltr'>Diti</span> <span class='ocrx_word' id='word_1_209' title='bbox 1187 3336 1302 3423; x_wconf 86' lang='lat' dir='ltr'>patrii</span> <span class='ocrx_word' id='word_1_210' title='bbox 1350 3334 1398 3399; x_wconf 83' lang='lat' dir='ltr'>&#39;sd</span> 
     </span>
     <span class='ocr_line' id='line_1_32' title="bbox 363 3419 1398 3521; baseline -0.001 -35"><span class='ocrx_word' id='word_1_211' title='bbox 363 3420 551 3498; x_wconf 82' lang='lat' dir='ltr'>Tereutum,</span> <span class='ocrx_word' id='word_1_212' title='bbox 567 3443 608 3484; x_wconf 84' lang='lat' dir='ltr'>ex</span> <span class='ocrx_word' id='word_1_213' title='bbox 622 3432 793 3520; x_wconf 77' lang='lat' dir='ltr'>praecepto</span> <span class='ocrx_word' id='word_1_214' title='bbox 811 3420 964 3520; x_wconf 70' lang='lat' dir='ltr'>librorum</span> <span class='ocrx_word' id='word_1_215' title='bbox 981 3419 1219 3521; x_wconf 81' lang='lat' dir='ltr'>Sibyllinorum,</span> <span class='ocrx_word' id='word_1_216' title='bbox 1235 3422 1336 3490; x_wconf 83' lang='lat' dir='ltr'>facti:</span> <span class='ocrx_word' id='word_1_217' title='bbox 1357 3422 1398 3508; x_wconf 87' lang='lat' dir='ltr'>qni</span> 
     </span>
     <span class='ocr_line' id='line_1_33' title="bbox 362 3505 1399 3684; baseline 0.001 -25"><span class='ocrx_word' id='word_1_218' title='bbox 362 3505 1399 3684; x_wconf 54' lang='lat' dir='ltr'>tlt„aetttetttlmlmed&#39;ltdlltztbtltffffi</span> 
     </span>
     <span class='ocr_line' id='line_1_34' title="bbox 362 3678 1399 3777; baseline 0.002 -34"><span class='ocrx_word' id='word_1_219' title='bbox 362 3680 402 3743; x_wconf 86' lang='lat' dir='ltr'>tri</span> <span class='ocrx_word' id='word_1_220' title='bbox 426 3680 492 3744; x_wconf 85' lang='lat' dir='ltr'>‘uta</span> <span class='ocrx_word' id='word_1_221' title='bbox 508 3678 645 3743; x_wconf 87' lang='lat' dir='ltr'>Romam</span> <span class='ocrx_word' id='word_1_222' title='bbox 658 3691 825 3756; x_wconf 85' lang='lat' dir='ltr'>venerunt,</span> <span class='ocrx_word' id='word_1_223' title='bbox 841 3700 899 3765; x_wconf 89' lang='lat' dir='ltr'>per</span> <span class='ocrx_word' id='word_1_224' title='bbox 912 3700 993 3777; x_wconf 77' lang='lat' dir='ltr'>quos</span> <span class='ocrx_word' id='word_1_225' title='bbox 1007 3700 1040 3743; x_wconf 88' lang='lat' dir='ltr'>ss</span> <span class='ocrx_word' id='word_1_226' title='bbox 1057 3678 1345 3767; x_wconf 74' lang='lat' dir='ltr'>Carthaginienses</span> <span class='ocrx_word' id='word_1_227' title='bbox 1356 3681 1399 3745; x_wconf 80' lang='lat' dir='ltr'>de</span> 
     </span>
    </p>
   </div>
   <div class='ocr_carea' id='block_1_5' title="bbox 360 3763 1442 4209">
    <p class='ocr_par' dir='ltr' id='par_1_6' title="bbox 360 3763 1442 4209">
     <span class='ocr_line' id='line_1_35' title="bbox 361 3763 1397 3851; baseline 0.005 -22"><span class='ocrx_word' id='word_1_228' title='bbox 361 3765 403 3829; x_wconf 91' lang='lat' dir='ltr'>de</span> <span class='ocrx_word' id='word_1_229' title='bbox 466 3778 488 3828; x_wconf 89' lang='lat' dir='ltr'>t.</span> <span class='ocrx_word' id='word_1_230' title='bbox 536 3763 669 3829; x_wconf 87' lang='lat' dir='ltr'>Catonis</span> <span class='ocrx_word' id='word_1_231' title='bbox 686 3764 845 3829; x_wconf 83' lang='lat' dir='ltr'>sententia</span> <span class='ocrx_word' id='word_1_232' title='bbox 861 3765 1004 3851; x_wconf 78' lang='lat' dir='ltr'>pervicit,</span> <span class='ocrx_word' id='word_1_233' title='bbox 1026 3780 1062 3829; x_wconf 89' lang='lat' dir='ltr'>ut</span> <span class='ocrx_word' id='word_1_234' title='bbox 1081 3766 1116 3831; x_wconf 94' lang='lat' dir='ltr'>in</span> <span class='ocrx_word' id='word_1_235' title='bbox 1138 3764 1271 3833; x_wconf 82' lang='lat' dir='ltr'>decreto</span> <span class='ocrx_word' id='word_1_236' title='bbox 1337 3782 1397 3833; x_wconf 75' lang='lat' dir='ltr'>rste</span> 
     </span>
     <span class='ocr_line' id='line_1_36' title="bbox 362 3792 1398 3941; baseline 0.007 -28"><span class='ocrx_word' id='word_1_237' title='bbox 362 3863 459 3925; x_wconf 86' lang='lat' dir='ltr'>retur,</span> <span class='ocrx_word' id='word_1_238' title='bbox 474 3862 508 3914; x_wconf 89' lang='lat' dir='ltr'>et</span> <span class='ocrx_word' id='word_1_239' title='bbox 526 3863 563 3914; x_wconf 90' lang='lat' dir='ltr'>ut</span> <span class='ocrx_word' id='word_1_240' title='bbox 581 3850 727 3916; x_wconf 88' lang='lat' dir='ltr'>consules</span> <span class='ocrx_word' id='word_1_241' title='bbox 745 3872 840 3937; x_wconf 91' lang='lat' dir='ltr'>qnam</span> <span class='ocrx_word' id='word_1_242' title='bbox 864 3850 1003 3937; x_wconf 87' lang='lat' dir='ltr'>primurn</span> <span class='ocrx_word' id='word_1_243' title='bbox 1027 3850 1068 3916; x_wconf 86' lang='lat' dir='ltr'>ad</span> <span class='ocrx_word' id='word_1_244' title='bbox 1090 3852 1209 3917; x_wconf 91' lang='lat' dir='ltr'>bellum</span> <span class='ocrx_word' id='word_1_245' title='bbox 1230 3792 1398 3941; x_wconf 54' lang='lat' dir='ltr'>prodiisse</span> 
     </span>
     <span class='ocr_line' id='line_1_37' title="bbox 361 3934 1397 4028; baseline 0.003 -26"><span class='ocrx_word' id='word_1_246' title='bbox 361 3949 480 4002; x_wconf 88' lang='lat' dir='ltr'>rentur.</span> <span class='ocrx_word' id='word_1_247' title='bbox 527 3934 594 4009; x_wconf 80' lang='lat' dir='ltr'>Qui</span> <span class='ocrx_word' id='word_1_248' title='bbox 621 3937 675 4001; x_wconf 93' lang='lat' dir='ltr'>ubi</span> <span class='ocrx_word' id='word_1_249' title='bbox 701 3938 734 4001; x_wconf 92' lang='lat' dir='ltr'>in</span> <span class='ocrx_word' id='word_1_250' title='bbox 761 3935 902 4001; x_wconf 79' lang='lat' dir='ltr'>African</span> <span class='ocrx_word' id='word_1_251' title='bbox 929 3938 1128 4015; x_wconf 77' lang='lat' dir='ltr'>transierunt,</span> <span class='ocrx_word' id='word_1_252' title='bbox 1155 3939 1309 4027; x_wconf 82' lang='lat' dir='ltr'>acceptia,</span> <span class='ocrx_word' id='word_1_253' title='bbox 1333 3960 1397 4028; x_wconf 76' lang='lat' dir='ltr'>qum</span> 
     </span>
     <span class='ocr_line' id='line_1_38' title="bbox 361 4022 1397 4123; baseline 0.004 -36"><span class='ocrx_word' id='word_1_254' title='bbox 361 4024 601 4121; x_wconf 75' lang='lat' dir='ltr'>imperaverant,</span> <span class='ocrx_word' id='word_1_255' title='bbox 616 4024 766 4122; x_wconf 75' lang='lat' dir='ltr'>trecentis</span> <span class='ocrx_word' id='word_1_256' title='bbox 780 4022 951 4099; x_wconf 89' lang='lat' dir='ltr'>obsidibus,</span> <span class='ocrx_word' id='word_1_257' title='bbox 963 4036 1000 4123; x_wconf 70' lang='lat' dir='ltr'>et</span> <span class='ocrx_word' id='word_1_258' title='bbox 1011 4024 1115 4103; x_wconf 86' lang='lat' dir='ltr'>armis,</span> <span class='ocrx_word' id='word_1_259' title='bbox 1130 4025 1348 4114; x_wconf 88' lang='lat' dir='ltr'>omnibusque</span> <span class='ocrx_word' id='word_1_260' title='bbox 1361 4028 1397 4091; x_wconf 84' lang='lat' dir='ltr'>in·</span> 
     </span>
     <span class='ocr_line' id='line_1_39' title="bbox 360 4106 1442 4209; baseline 0.008 -38"><span class='ocrx_word' id='word_1_261' title='bbox 360 4122 543 4173; x_wconf 84' lang='lat' dir='ltr'>strumentus</span> <span class='ocrx_word' id='word_1_262' title='bbox 566 4106 695 4186; x_wconf 81' lang='lat' dir='ltr'>belhem,</span> <span class='ocrx_word' id='word_1_263' title='bbox 713 4110 740 4173; x_wconf 89' lang='lat' dir='ltr'>si</span> <span class='ocrx_word' id='word_1_264' title='bbox 764 4132 828 4209; x_wconf 83' lang='lat' dir='ltr'>qua</span> <span class='ocrx_word' id='word_1_265' title='bbox 850 4107 1044 4197; x_wconf 77' lang='lat' dir='ltr'>Carthagine</span> <span class='ocrx_word' id='word_1_266' title='bbox 1068 4122 1177 4186; x_wconf 81' lang='lat' dir='ltr'>erant3</span> <span class='ocrx_word' id='word_1_267' title='bbox 1201 4125 1294 4191; x_wconf 88' lang='lat' dir='ltr'>tunc,</span> <span class='ocrx_word' id='word_1_268' title='bbox 1311 4134 1395 4201; x_wconf 83' lang='lat' dir='ltr'>quum</span> <span class='ocrx_word' id='word_1_269' title='bbox 1441 4176 1442 4181; x_wconf 74' lang='grc'>,</span> 
     </span>
    </p>
   </div>
   <div class='ocr_carea' id='block_1_6' title="bbox 359 4194 1396 4375">
    <p class='ocr_par' dir='ltr' id='par_1_7' title="bbox 359 4194 1396 4375">
     <span class='ocr_line' id='line_1_40' title="bbox 360 4194 1396 4275; baseline 0.001 -16"><span class='ocrx_word' id='word_1_270' title='bbox 360 4215 402 4259; x_wconf 85' lang='lat' dir='ltr'>ex</span> <span class='ocrx_word' id='word_1_271' title='bbox 419 4194 604 4260; x_wconf 79' lang='lat' dir='ltr'>atteteritate</span> <span class='ocrx_word' id='word_1_272' title='bbox 620 4194 751 4260; x_wconf 86' lang='lat' dir='ltr'>Petrum</span> <span class='ocrx_word' id='word_1_273' title='bbox 773 4196 929 4274; x_wconf 78' lang='lat' dir='ltr'>ruberent,</span> <span class='ocrx_word' id='word_1_274' title='bbox 945 4211 982 4262; x_wconf 87' lang='lat' dir='ltr'>ut</span> <span class='ocrx_word' id='word_1_275' title='bbox 998 4196 1033 4261; x_wconf 92' lang='lat' dir='ltr'>in</span> <span class='ocrx_word' id='word_1_276' title='bbox 1050 4195 1147 4261; x_wconf 88' lang='lat' dir='ltr'>alium</span> <span class='ocrx_word' id='word_1_277' title='bbox 1162 4196 1281 4275; x_wconf 91' lang='lat' dir='ltr'>locum,</span> <span class='ocrx_word' id='word_1_278' title='bbox 1298 4199 1396 4265; x_wconf 81' lang='lat' dir='ltr'>duma</span> 
     </span>
     <span class='ocr_line' id='line_1_41' title="bbox 359 4279 1394 4375; baseline 0.007 -31"><span class='ocrx_word' id='word_1_279' title='bbox 359 4279 438 4345; x_wconf 86' lang='lat' dir='ltr'>mari</span> <span class='ocrx_word' id='word_1_280' title='bbox 452 4279 565 4345; x_wconf 88' lang='lat' dir='ltr'>decem</span> <span class='ocrx_word' id='word_1_281' title='bbox 582 4280 682 4345; x_wconf 88' lang='lat' dir='ltr'>millia</span> <span class='ocrx_word' id='word_1_282' title='bbox 697 4302 857 4367; x_wconf 74' lang='lat' dir='ltr'>passuum</span> <span class='ocrx_word' id='word_1_283' title='bbox 873 4304 914 4347; x_wconf 90' lang='lat' dir='ltr'>ne</span> <span class='ocrx_word' id='word_1_284' title='bbox 935 4281 1050 4361; x_wconf 86' lang='lat' dir='ltr'>minus,</span> <span class='ocrx_word' id='word_1_285' title='bbox 1066 4296 1235 4362; x_wconf 85' lang='lat' dir='ltr'>remotum,</span> <span class='ocrx_word' id='word_1_286' title='bbox 1251 4286 1394 4375; x_wconf 68' lang='lat' dir='ltr'>oppidum</span> 
     </span>
    </p>
   </div>
   <div class='ocr_carea' id='block_1_7' title="bbox 0 0 1472 4800">
    <p class='ocr_par' dir='ltr' id='par_1_8' title="bbox 0 0 1472 4800">
     <span class='ocr_line' id='line_1_42' title="bbox 0 0 1472 4800; baseline 0 1"><span class='ocrx_word' id='word_1_287' title='bbox 0 0 1472 4800; x_wconf 95' lang='lat' dir='ltr'> </span> 
     </span>
    </p>
   </div>
  </div>
 </body>
</html>
