2934 4800
396 174 492 240 LlB.
516 173 642 239 XLIV.
671 173 784 240 cAP.
808 181 860 241 33.
1092 181 1151 243 151

14 321 206 373 eastra
230 309 423 374 afferebant:
455 308 546 376 miles
567 309 670 374 iussus
694 332 737 374 ex
761 311 876 397 propin
902 311 950 375 uis
975 311 1070 388 silvis,
1096 312 1153 376 be·
1164 323 1197 374 U.
1209 324 1239 375 c.
1255 324 1311 387 584·

21 395 124 457 ni
182 417 203 460 e
217 396 237 432 ¹
251 396 270 432 “
287 393 390 483 Uigna
444 409 520 461 tere.
567 394 648 459 Inde
663 409 817 460 structum
831 334 1193 485 vallumpropugnsss·
1210 390 1240 439 ⁰·
1257 387 1312 438 ¹⁶⁸·

197 483 336 547 excitata
343 506 353 558 ;
425 481 677 570 iectisturribus
699 481 921 569 dispositisque
944 484 1063 569 ubique
1088 497 1152 548 tor-

35 568 231 644 mentis,
255 567 300 633 ita
325 568 428 654 ripam
453 566 677 645 defendebant,
702 580 739 632 ut
763 583 928 656 penetrare
956 569 1055 634 hostis
1083 570 1151 634 sine

40 653 191 738 gravi
206 654 381 718 certamine
396 668 430 718 et
442 653 584 740 periculo
598 676 664 719 non
678 668 793 741 poaeet.
842 655 894 720 Sic
916 667 1018 719 tutum
1039 678 1072 720 ae
1095 655 1153 720 ad-

46 761 213 804 versus
234 762 364 805 omnem
386 739 605 805 Romanorum
627 740 782 827 impetum
804 741 869 806 iore
892 741 1081 819 confidebat,
1102 765 1152 807 se·

54 825 277 912 dendoque
306 839 341 891 et
368 827 457 913 segni
487 849 576 890 mora
603 825 851 913 languescentes,
876 838 945 892 tum
974 828 1151 914 sumptibus

59 912 276 976 exhaustos
294 912 402 977 hostes
419 912 548 977 tandem
564 913 704 977 taedium
719 928 785 977 tam
800 913 935 978 difficilis
949 913 1025 978 belli
1039 928 1152 1001 captu-

62 1019 183 1061 rum.
231 997 363 1062 Paullus
387 1011 507 1076 contra,
531 1021 597 1084 quo
622 998 806 1085 diligentius
835 1012 868 1065 et
896 1000 1019 1064 cautius
1044 1001 1152 1065 omnia

72 1084 191 1170 apud
211 1083 408 1149 Macedonas
428 1085 554 1185 provisa
575 1098 609 1149 et
628 1086 785 1150 custodita
810 1087 968 1164 comebat,
987 1109 1026 1150 eo
1049 1087 1151 1151 acrius

78 1191 214 1234 curam
234 1171 410 1247 intendere,
426 1195 461 1235 tn
478 1193 590 1235 omnes
608 1185 714 1258 partes
734 1193 857 1236 versare
877 1173 1029 1248 animum,
1045 1173 1150 1259 siquo

85 1255 239 1320 consilio
259 1257 402 1321 frustrari
421 1257 560 1322 hostium
586 1279 675 1344 spem
696 1256 784 1322 baud
804 1257 844 1322 de
862 1259 964 1322 nihilo
983 1280 1057 1322 sane
1075 1281 1151 1322 con·

87 1355 232 1428 ceptam
255 1356 369 1429 posset.
418 1342 571 1407 Ceterum
600 1365 749 1431 praesens
772 1356 841 1408 tum
864 1343 983 1408 malum
1005 1345 1151 1429 augebat,

93 1449 260 1513 aquarmn
287 1429 430 1528 penurm
476 1428 652 1494 Examerat
680 1452 783 1529 paene
813 1429 995 1517 proximum
1020 1429 1150 1506 flumen,

92 1514 165 1577 nisi
185 1513 276 1664 pud
294 1527 384 1580 iuxta
406 1515 511 1602 ipsum
532 1537 618 1580 mare
642 1537 761 1602 exigua
783 1529 816 1579 et
837 1526 984 1602 corrupta
1005 1514 1153 1580 manabat

142 1623 191 1664 uu

94 1622 284 1764 anomul,
298 1709 399 1774 quum
414 1688 500 1752 mimi
514 1688 598 1753 circa
610 1688 792 1775 propinqua
810 1686 880 1752 loca
899 1685 1020 1751 nullam
1035 1709 1150 1774 aquam
1206 1689 1258 1750 33.

59 1795 83 1828 1
97 1772 242 1836 inveniri
255 1772 501 1873 renuntiarent]
512 1773 530 1808 ¹
542 1773 560 1808 ¹
571 1774 724 1850 conferre,
738 1786 897 1860 postremo
911 1773 1002 1859 sequi
1016 1796 1049 1838 se
1065 1770 1264 1838 utra-1¹¹V011t2

99 1859 169 1922 rios
182 1858 225 1922 ad
239 1881 334 1935 mare,
350 1859 558 1945 quodminus
572 1872 731 1924 trecentos
746 1883 854 1960 passus
868 1861 986 1936 aberat,
1001 1859 1101 1936 iussit,
1117 1850 1229 1924 etoqua

99 1945 138 2008 in
153 1943 247 2009 litore
262 1944 340 2010 alios
355 1945 430 2009 alibi
450 1945 583 2010 modicis
599 1945 771 2010 intervallis
784 1945 903 2010 fodere.
950 1944 1081 2010 Montes
1100 1945 1151 2008 in·

100 2031 210 2118 gentis
238 2030 416 2095 altitudinis
444 2053 533 2117 spem
562 2031 728 2108 faciebant,
755 2054 794 2097 eo
820 2032 920 2119 magis
943 2032 1019 2117 quia
1046 2029 1151 2096 nullos

72 2104 232 2214 {apertos
254 2131 441 2204 evergerent
463 2117 556 2193 rivos,
580 2118 721 2182 occultos
743 2119 906 2182 continere
929 2117 1048 2196 latices,
1096 2139 1152 2182 uo-

73 2225 177 2278 4rum
191 2226 291 2267 venae
309 2203 344 2267 in
360 2225 448 2266 mare
468 2216 691 2289 permanantes
705 2204 810 2269 undae
826 2205 1041 2269 miscerentur.
1117 2204 1151 2267 ix

101 2289 238 2353 diducta
266 2312 390 2354 summa
417 2311 513 2354 arena
540 2303 617 2367 erat,
641 2312 742 2376 quum
771 2290 977 2376 scaturigines
1006 2287 1151 2354 turbidae

101 2374 209 2463 primo
231 2388 399 2442 attenues
420 2375 661 2454 emicare,dein
683 2376 838 2464 liquidam
860 2375 1057 2463 multamque
1079 2373 1153 2439 fun·

102 2463 181 2528 dere
197 2485 323 2550 aquam,
338 2463 427 2527 velut
441 2462 538 2526 deum
553 2461 648 2540 dono,
663 2476 846 2549 coeperunt.
887 2462 1100 2561 Aliquantum
1114 2482 1153 2525 ca

127 2572 236 2650 noque
250 2572 301 2614 res
314 2548 389 2614 duci
402 2548 505 2612 famae
526 2561 561 2612 et
581 2549 777 2613 auctoritatis
795 2546 880 2635 apud
895 2546 1012 2611 mihtes
1026 2547 1150 2613 adiecit.

103 2572 204 2700 iussis
226 2635 345 2700 deinde
366 2635 520 2698 militibus
544 2634 695 2721 expedire
716 2656 812 2712 arma,
831 2634 840 2697 i
865 2656 898 2697 se
921 2654 994 2697 cum
1017 2632 1152 2698 tribunis

79 2721 279 2809 sprimisque
295 2720 459 2785 ordinibus
472 2718 560 2783 vadit
574 2720 615 2784 ad
629 2654 890 2807 contemplandos
905 2719 1054 2784 transitus
1062 2742 1071 2796 ;
1087 2741 1153 2806 qua

103 2808 276 2872 descensus
289 2806 390 2871 facilis
403 2807 541 2883 armatis,
556 2828 622 2956 qpia
640 2807 675 2871 in
694 2805 877 2871 ulteriorem
898 2806 998 2893 ripam
1020 2806 1151 2872 minime

104 2894 236 2980 iniquus
258 2914 405 2958 ascensus
425 2905 516 2957 esset.
610 2893 721 2957 ssatia
743 2892 923 2980 exploratis,
947 2892 1002 2956 illa
1022 2914 1151 2992 quoque

104 2980 254 3067 primum,
272 2992 310 3043 ut
330 2979 442 3044 ordina
464 3001 501 3043 ac
522 2978 591 3043 sine
617 2978 756 3043 tumultu
776 2980 884 3043 omnia
905 2979 941 3041 iu
962 3000 1088 3077 agmrne
1110 2978 1152 3043 ad

105 3078 220 3131 nutum
236 3066 470 3153 imperiumque
485 3064 576 3129 ducis
590 3064 712 3141 fierent,
729 3063 876 3152 providit.
923 3064 989 3128 Ubi
1005 3064 1152 3130 omnibus

106 3152 200 3217 simul
226 3152 493 3238 pronuntiaretur,
517 3150 606 3237 quod
631 3150 737 3227 lieret,¹
755 3173 861 3237 neque
884 3172 995 3215 omues
1019 3150 1153 3214 exaudi·

82 3253 195 3315 orent;
217 3239 340 3303 incerto
354 3237 489 3325 imperio
502 3260 577 3308 acce
601 3251 645 3314 to,
659 3236 747 3313 alios,
763 3237 803 3301 ab
817 3258 850 3301 se
871 3236 1065 3313 adiicientes,
1080 3234 1153 3322 plus

106 3348 156 3402 eo,
171 3324 261 3411 qnod
280 3325 470 3411 imperatum
492 3324 543 3400 sit,
561 3260 639 3387 abos
660 3323 766 3387 minus
785 3323 906 3388 iacere:
930 3321 1082 3385 clamores
1096 3318 1154 3385 de·

107 3410 183 3475 inde
204 3410 347 3475 dimouos
370 3410 446 3473 oriri
469 3409 616 3474 omnibus
638 3408 725 3486 locis,
749 3423 782 3473 et
804 3409 892 3494 prius
917 3407 1032 3483 hostes,
1056 3426 1153 3492 quam

108 3497 200 3583 ipsos,
216 3497 296 3583 quid
315 3508 453 3583 paretur,
474 3496 562 3561 scire.
608 3494 738 3559 Placere
761 3493 868 3579 igitur,
885 3492 1048 3555 tribunum
1070 3490 1154 3554 mili·

87 3598 175 3651 tium
198 3584 301 3671 primo
320 3582 386 3671 pilo
404 3581 538 3669 legionis
551 3594 707 3647 secretum
725 3579 821 3644 edere
841 3578 1026 3665 imperium:
1051 3575 1152 3655 illum,

143 3795 293 3854 tUtrorios]
312 3793 428 3855 Intellige
438 3792 558 3848 homines,
568 3790 611 3854 qui
675 3803 689 3853 5
706 3793 847 3855 Primisque
858 3789 996 3848 ordinibus]
1014 3787 1152 3838 Primorum

109 3857 202 3907 utribus
216 3858 268 3905 sire
284 3856 391 3920 pellibus
405 3856 505 3905 hircinis
520 3871 610 3918 aquam
643 3856 756 3904 ordinum
768 3854 956 3905 centurionibus.
973 3853 1004 3903 ci.
1016 3868 1081 3916 supr.
1092 3867 1152 3902 xxx.

109 3922 135 3970 in
146 3926 223 3970 matra
233 3922 370 3983 portabant.
388 3921 472 3970 Dora.
645 3937 668 3979 4.
686 3918 768 3968 Cnev.

142 3986 336 4048 olimpum]
355 3984 511 4033 Emitterent.
528 3984 612 4033 Dosn.
676 3981 748 4031 6Ab
767 3999 793 4032 ro
811 3983 965 4041 adiicierttes]
988 3982 1037 4030 Pro
1054 3994 1098 4028 suo
1114 3994 1152 4027 ar·

142 4048 316 4111 30ouiinere]
345 4049 471 4097 Gontinm'
491 4048 554 4097 forte
578 4048 612 4095 le·
644 4045 717 4094 bitrio
729 4045 1008 4107 aliquidadacceptum
1022 4042 1151 4106 imperium

110 4114 214 4177 gendum
231 4112 356 4163 coniecere
372 4112 498 4162 anenb.
516 4118 542 4159 et
559 4111 612 4160 Du·
645 4126 676 4158 ex
687 4125 713 4158 se
723 4110 874 4159 adiicientes.
1103 4168 1109 4179 ⁶

111 4178 160 4227 kar.
678 4185 692 4234 7
709 4174 795 4223 Primo
813 4176 879 4236 pilo]
907 4168 1051 4221 Genturioni
1073 4180 1152 4233 pnmo

142 4259 156 4300 4
174 4242 273 4302 Undae]
293 4240 408 4312 Intellige
418 4241 492 4289 undio
502 4240 612 4288 morlain
645 4237 738 4299 pilatio.

112 4307 189 4355 cm.
