2934 4800
1045 18 1451 27 Ἦ

462 189 787 265 KREYSSIGII.
1084 207 1149 273 386

73 387 124 400 —-
135 351 233 440 Cap.
250 355 303 420 23.
327 355 375 422 eci
385 354 509 422 Sidere.
519 392 563 404 -
573 356 673 446 'Con
689 361 744 426 30.
767 370 801 428 et
821 370 896 428 erut
914 367 1073 434 retardas
1088 389 1150 456 pe·

73 457 239 522 teretibus
255 457 424 543 Ephesum
446 461 730 550 uentu—'Cen
746 465 799 530 41.
817 467 945 552 panim
966 469 1151 540 ouioeribur

73 558 264 624 missilium
273 561 414 646 undique
423 562 648 630 coniectorum.
657 601 702 614 -
710 565 792 653 Cup.
802 567 855 634 tt.
868 578 901 634 et
910 569 1148 660 ipre-'Cup

75 662 133 724 50.
155 661 302 726 Plautio
316 661 482 749 Hypsaeo
501 665 536 730 in
551 665 754 754 Hispaniam
771 669 957 736 citeriorem
974 673 1063 740 mille
1077 675 1147 742 lio·

75 763 176 828 mani
203 765 276 830 dati
297 774 372 830 runt
386 765 529 852 pedites,
545 769 610 834 duo
624 770 715 836 milia
733 771 856 838 roeium
869 773 985 841 Latini
1000 778 1149 856 nominis,

75 875 112 930 et
122 867 267 934 ducem
275 867 548 954 equitet—Cep.
558 871 609 936 ou
623 879 656 936 et
665 872 848 958 oppida-
857 873 932 942 Lib.
942 875 1147 946 XXXVIII.

77 967 195 1054 'Cap
222 969 252 1034 ὅ.
277 992 373 1036 ustum
394 993 413 1036 e
435 971 571 1058 regione
592 971 945 1065 Aesequpii.-Cap.
969 981 1018 1046 15.
1042 989 1076 1047 et
1096 1003 1149 1050 re·

66 1073 214 1157 fertum
235 1094 343 1138 rerum
364 1073 501 1138 omnium
522 1075 629 1161 eopia.
642 1111 686 1124 -
698 1074 779 1163 Cap.
794 1080 848 1144 25.
870 1079 916 1146 ob
928 1080 1093 1170 Areum&
1105 1120 1149 1132 -

79 1173 152 1239 His
180 1175 346 1240 accedunt
368 1174 450 1240 aliae
472 1177 633 1261 quiedam
656 1176 792 1246 lacunae
817 1182 852 1246 in
878 1185 996 1250 ceteris
1017 1207 1149 1272 quoque

80 1277 266 1342 codicibus
280 1287 431 1363 repertae
451 1287 485 1343 et
506 1278 540 1343 iu
555 1279 607 1344 ed.
625 1279 722 1346 Frob.
738 1283 770 1346 2.
788 1281 930 1363 dentum,
944 1307 1030 1370 quae
1049 1288 1150 1355 verba

80 1378 166 1446 Lib.
194 1376 330 1444 XXXI.
356 1380 405 1443 ll.
432 1380 558 1444 eordem
580 1381 615 1446 in
636 1381 827 1450 Numidiam
851 1387 898 1451 od
920 1386 1147 1456 Masinissam.

86 1481 345 1570 Carthaginem,
360 1493 394 1547 et
410 1481 485 1546 Lib.
500 1482 667 1549 XXXVI.
683 1486 737 1550 36.
752 1509 797 1552 ee
809 1498 942 1556 seretur
955 1493 1100 1558 museo
1113 1493 1148 1560 in

84 1585 163 1652 solo
188 1585 304 1650 codice
326 1583 563 1670 Bambergenei
587 1585 718 1654 buvsuta
740 1588 883 1656 Gelenio
909 1603 1042 1659 nuetme
1062 1595 1149 1662 inse·

83 1691 172 1768 ruit,
185 1687 299 1754 aliisve
313 1687 512 1752 editionibus
523 1687 729 1759 Frobeniana
743 1693 981 1778 antiquioribus
995 1695 1147 1782 expletae

86 1791 169 1858 Lib.
195 1789 349 1856 XXXII.
372 1788 452 1876 Cap.
474 1791 504 1856 5.
530 1791 596 1858 ribi
618 1795 953 1864 eonciliuoitoe-Lib.
974 1795 1146 1868 XXXIII.

88 1893 176 1982 Cap.
204 1896 256 1961 42.
288 1894 325 1958 C.
347 1893 525 1960 Fabricius
552 1894 724 1976 Luscinus,
754 1897 792 1964 0.
808 1899 943 1966 Atinius
967 1901 1148 1969 Labeo.-

89 1997 170 2065 Lib.
189 1995 360 2065 XXXIV.
376 1996 457 2083 Cap.
477 1997 526 2062 13.
550 1997 790 2084 inoperowwm,
810 2001 1077 2089 1111102-οψ.
1091 2007 1146 2073 28.

89 2101 200 2188 infido
214 2100 406 2186 seu-Cap.
418 2101 472 2165 45.
487 2107 519 2166 ei
534 2099 570 2165 C.
580 2100 796 2166 Salonina-
805 2101 881 2169 Lib.
895 2103 1048 2172 XXXV.
1064 2105 1148 2194 Cap.

91 2205 148 2270 23.
163 2213 198 2269 et
216 2225 321 2270 eures
341 2201 462 2289 uiginti
474 2201 737 2289 pondo-Lib.
753 2202 922 2270 XXXVI.
939 2205 1022 2292 Cap.
1037 2210 1091 2274 22.
1108 2212 1149 2278 de

91 2327 137 2372 te.
148 2341 196 2354 -
206 2304 282 2374 Lib.
299 2303 502 2371 XXXVII.
524 2303 605 2389 Cap.
621 2303 674 2369 21.
698 2313 732 2371 et
746 2305 1078 2398 usum-Cap.
1093 2311 1146 2379 54

93 2418 126 2475 et
136 2410 174 2477 irs
184 2411 258 2489 boe,
269 2428 354 2496 quae
368 2408 516 2495 proxima
529 2416 561 2473 et
574 2406 610 2474 iu
624 2408 770 2475 omnibus
783 2410 879 2477 bellis
891 2410 1146 2499 interruperunt.

138 2616 275 2683 Deinde
295 2616 329 2681 in
351 2615 464 2683 codiee
479 2604 727 2703 Bam'bergensi,
748 2625 977 2702 praeterquam
999 2620 1089 2704 quod
1110 2620 1149 2688 Ii·

96 2719 239 2799 brarius,
258 2740 359 2805 quum
380 2718 515 2786 dubiam
536 2718 739 2806 antiquioris,
754 2738 852 2804 quem
871 2720 1080 2804 sequebatur,
1094 2744 1149 2790 eo-

97 2820 179 2889 dicis
202 2823 397 2910 scripturam
418 2822 583 2909 explicare
604 2844 671 2889 non
688 2831 813 2907 posset,
830 2819 906 2886 Lib.
922 2819 1078 2890 XXXII.
1097 2824 1147 2895 17.

99 2926 410 3014 trepidationemque
433 2926 581 2993 imorum
605 2925 867 3012 reportantibus
890 2926 1029 2991 umetis
1045 2948 1149 3015 proe-

100 3026 215 3107 buerit,
231 3048 303 3112 eep.
322 3026 372 3091 19.
388 3048 454 3114 pro
473 3028 544 3093 eiur
561 3026 757 3093 erudelitate
767 3026 989 3113 perfidiaque,
1003 3050 1076 3115 erp.
1091 3032 1147 3098 21.

100 3132 225 3197 reilieet
239 3152 300 3195 nor
320 3130 425 3209 urbes,
441 3152 513 3217 esp.
530 3130 583 3196 26.
606 3130 756 3195 Norbam
770 3138 803 3194 et
821 3129 971 3196 Circeios
984 3154 1149 3219 occupare

100 3242 132 3297 et
154 3232 211 3319 qui
231 3231 462 3318 vestigarenti,
479 3229 555 3297 Lib.
571 3229 743 3297 XXXIV.
762 3229 817 3296 5⁷.
840 3250 884 3295 en
894 3230 1046 3315 sorruulo
1066 3233 1150 3299 iurir

101 3334 238 3420 antiqui,
255 3354 326 3418 oap.
342 3332 395 3397 61.
412 3354 507 3419 quum
521 3332 654 3411 inimici,
670 3330 750 3398 Lib.
765 3327 918 3396 XXXV.
934 3331 989 3397 38.
1004 3334 1149 3419 etprodi

101 3448 131 3505 et
144 3437 264 3516 deteri,
279 3436 409 3522 alisque
423 3434 511 3516 alibi,
526 3456 630 3503 vacuo
651 3434 760 3521 spatio
777 3431 905 3511 relicto,
920 3436 1149 3518 praetermisit,

101 3563 163 3608 non
178 3538 284 3606 solum
299 3536 426 3627 singula
440 3536 608 3619 voeabula,
624 3558 710 3624 quae
729 3556 922 3602 enumerare
939 3534 1072 3621 longum
1086 3548 1149 3619 ert,

102 3644 272 3711 sedetiam
290 3641 437 3728 integrae
458 3640 640 3709 sententiae
660 3650 695 3706 et
716 3639 854 3705 maiores
876 3648 1058 3723 perpetuas
1077 3662 1150 3708 orn·

126 3855 609 3912 iDrakenborobiuseiLir.XXXV1.
764 3852 917 3906 corbuebius
941 3858 1010 3905 oens
1035 3870 1068 3905 ex
1094 3858 1150 3911 eod.

105 3920 610 3991 unumunurm-usnemu
673 3918 912 3983 oqnibilenotarit.

103 3986 346 4039 &commemoravit
352 3984 430 4049 iisque
436 3984 531 4034 addidit
538 3986 612 4034 verba
674 3998 690 4049 9
707 3982 858 4046 Utrumque,
868 3983 895 4032 id
905 3982 972 4046 quod
985 3981 1095 4034 maxime
1106 4000 1150 4038 no

103 4052 154 4104 iub.
175 4051 301 4104 XXXV.
323 4064 362 4113 23.
383 4057 410 4101 st
425 4064 504 4101 owse
520 4049 610 4111 otoirut
641 4048 718 4098 tabils
745 4052 792 4107 est,
817 4046 930 4097 librarius
956 4048 1049 4108 omitit,
1073 4062 1151 4099 trono

101 4120 264 4193 mque
278 4112 564 4188 utrumexbioqtmtino
577 4128 609 4161 an
641 4112 716 4161 trium
732 4125 846 4161 vomunt
861 4108 941 4173 epodo
956 4110 1051 4163 relieto.
1084 4110 1149 4164 vno

103 4180 210 4257 Spirenu
239 4180 324 4231 eodioe
349 4176 484 4228 restituent
510 4176 609 4227 Gelenii
641 4174 848 4241 intunnsplun
857 4173 1033 4229 interciderint.
1135 4205 1139 4210 ·

104 4244 238 4311 diligentie,
253 4244 286 4295 ud
304 4242 426 4307 liquidum
443 4242 544 4305 perduoi
560 4254 610 4292 nou
