2934 4800
357 151 417 213 192
743 140 856 209 ΤΙΤΙ
882 141 1019 209 LIVII

197 279 560 351 U.c.585.‘infi1mimte
584 265 752 366 aetateque
778 277 933 343 Eumenis
955 291 1047 354 esset,
1070 277 1200 342 nullum
1229 273 1399 372 stirpensi

196 355 230 404 ⁸·
245 353 277 404 ⁰·
293 349 488 432 ¹⁶⁷·‘berum
518 365 699 430 habentisz’
727 363 882 451 (necdum
911 364 998 429 enim
1031 375 1214 451 agnoverat
1253 384 1342 436 eum,
1365 383 1413 446 qm

355 465 466 540 postea
581 451 669 536 aviri
716 449 830 526 ‘Quid
859 451 994 516 attinere
1022 451 1088 514 vim
1119 451 1250 514 afferre
1285 449 1342 522 rei,
1365 469 1402 509 sn

358 546 492 626 ‘sponte
501 475 647 602 F:inerim
667 559 743 602 mox
757 538 935 601 venturae?
980 536 1159 601 Accessisse
1176 535 1297 600 etiam
1315 557 1406 598 noran

358 633 600 712 ‘tempestatem
620 646 719 710 regno
739 623 895 688 tumultus
911 621 1037 699 Gallici,
1052 623 1107 686 eui
1123 624 1179 687 vix
1205 643 1373 686 consermr
1385 639 1405 682 rr

359 710 550 776 ‘eoncordia
562 733 674 810 regum
688 709 791 774 resisti
805 722 910 796 quest.
959 707 993 774 Si
1008 730 1085 772 vero
1099 709 1140 772 ad
1154 721 1347 773 externum
1361 703 1408 768 hs

359 796 447 861 ‘lum
473 796 647 861 domestica
670 795 786 860 seditio
812 795 986 872 adiicietur,
1013 795 1080 859 sisti
1109 817 1173 858 non
1208 816 1338 881 posse;
1368 815 1422 854 uer:

360 881 467 947 ‘aliud
487 904 572 960 eum,
593 904 699 968 quam,
719 903 761 946 ne
781 881 876 946 frater
895 881 931 946 in
948 903 1047 967 regno
1067 881 1258 944 moriatur:
1285 877 1410 963 sibiipsi

360 976 470 1056 ‘spem
488 968 702 1055 propinquam
721 967 812 1054 regni
832 981 1024 1054 erepturum.
1071 965 1106 1030 si
1124 978 1281 1053 utraque
1296 964 1412 1060 glorios

360 1061 432 1118 ‘res
452 1067 545 1131 esset,
560 1067 594 1118 et
613 1075 751 1119 servasse
773 1053 861 1118 fratri
882 1075 1027 1140 regnum,
1042 1065 1076 1117 et
1097 1053 1293 1139 eripuioee3
1319 1071 1412 1115 semro

360 1147 371 1178 ‘
383 1153 532 1205 tament
595 1140 616 1217 i,
642 1162 725 1226 quae
751 1140 860 1203 iuncta
884 1139 995 1227 pietati
1020 1139 1070 1214 sit,
1140 1138 1274 1204 tiorem
1302 1136 1413 1202 lauden

362 1226 487 1291 ‘fuisse
576 1226 599 1290 d
627 1227 789 1291 enimvero
819 1247 919 1311 quum
947 1224 1101 1290 detestabi
1115 1225 1141 1288 is
1170 1223 1291 1290 altera
1321 1237 1412 1287 reret

361 1313 529 1401 ‘proxima
546 1312 715 1401 parricidio
734 1313 786 1388 sit,
804 1310 885 1398 quid
903 1311 944 1375 ad
963 1311 1233 1376 deliberationem
1259 1310 1357 1374 dubii
1375 1331 1414 1372 su·

362 1400 533 1486 ‘peressei
578 1398 696 1463 Utrum
715 1399 803 1462 enim
823 1411 945 1484 partem
965 1397 1056 1484 regni
1075 1397 1265 1497 petitumm
1289 1419 1370 1472 eme,
1383 1417 1413 1458 m

363 1493 486 1550 ‘totum
502 1485 710 1572 erepturum?
755 1483 790 1548 si
809 1497 952 1570 partem3
975 1483 1068 1548 ambo
1081 1483 1244 1560 infirmos,
1268 1483 1413 1547 distractis

363 1579 374 1610 ‘
384 1571 512 1649 viribus,
528 1584 562 1635 et
580 1571 727 1636 omnibus
745 1569 868 1634 iniuriis
885 1571 1070 1657 probrisque
1088 1569 1254 1635 obnoxios
1278 1569 1368 1634 fore:
1394 1569 1411 1629 si

363 1664 506 1733 ‘totum3
535 1657 733 1744 privatumne
758 1679 833 1756 ergo
859 1656 1009 1721 maiorem
1037 1657 1174 1732 fratrem,
1200 1678 1250 1720 an
1282 1654 1411 1721 exsrrleu

363 1741 439 1806 ‘illa
467 1755 580 1818 aetate,
606 1742 662 1807 illa
688 1764 828 1830 eorporis
856 1741 1050 1819 infirmitate,
1080 1741 1121 1806 ed
1150 1740 1317 1807 ultimum
1348 1739 1423 1804 moris

364 1827 566 1892 ‘iussurumi
600 1828 784 1917 'Egregium
799 1829 896 1904 enim,
913 1842 949 1892 ut
962 1827 1075 1893 fabulis
1090 1828 1228 1893 traditus
1246 1829 1410 1916 impiorum

364 1922 375 1953 ‘
387 1913 520 1979 fratrum
543 1928 676 1979 eventus
699 1926 848 1992 taceatur,
873 1913 982 1979 Persei
1007 1914 1130 1978 exitum
1153 1913 1275 1993 videri,
1304 1915 1360 2002 qui
1379 1933 1408 1976 er

365 2000 523 2065 ‘fraterna
541 2001 638 2066 caede
656 2015 782 2088 raptum
797 2000 943 2065 diadema
962 2000 997 2064 in
1017 2000 1136 2087 templo
1158 1999 1408 2070 Samothracum

365 2086 474 2150 ‘velut
505 2087 724 2173 praesentibus
754 2086 815 2150 diis
847 2086 1048 2173 exigentibus
1080 2109 1211 2172 poenas,
1245 2089 1295 2152 ad
1327 2085 1408 2174 pede·

365 2171 513 2236 ‘victoris
535 2172 635 2237 hostis
680 2185 831 2238 rostratus
853 2173 1003 2260 posuerit
1049 2171 1114 2237 Eos
1136 2173 1233 2260 ipsos,
1261 2175 1334 2262 qui,
1356 2192 1407 2235 nou

366 2256 434 2321 ‘illi
456 2257 560 2334 amici,
582 2257 640 2323 sed
692 2259 801 2323 umeni
824 2258 940 2336 infesti,
964 2258 1128 2324 stimulent
1150 2281 1239 2337 eum,
1265 2261 1406 2348 pietaten

367 2342 661 2431 ‘constantiamque
687 2343 878 2423 laudaturos,
905 2345 931 2411 si
957 2344 1054 2411 fidem
1080 2345 1121 2409 ad
1147 2343 1307 2411 ultimum
1336 2340 1405 2411 fratri
1439 2373 1440 2390 ¹

255 2434 308 2494 20.
367 2430 612 2519 ‘praestitisset’
645 2429 737 2497 Haec
751 2432 823 2519 plus
837 2432 963 2497 valuere
978 2432 1014 2495 in
1027 2430 1131 2497 Attali
1145 2432 1269 2498 animo.
1307 2432 1405 2517 Itaque

207 2516 351 2566 ⁸⁰⁸5er
367 2518 567 2583 introductus
589 2518 624 2581 in
648 2532 804 2594 senatum,
830 2518 1003 2605 gratulatus
1026 2518 1187 2583 victoriam
1216 2533 1281 2597 est,
1307 2534 1341 2585 et
1362 2536 1404 2581 sus
1438 2528 1439 2532 ’

206 2586 328 2695 ἳῗῶζῗ*
367 2604 481 2668 merita
502 2626 542 2669 eo
565 2604 648 2669 bello
666 2604 843 2692 frenisque,
864 2605 889 2668 si
910 2628 974 2692 qua
996 2618 1096 2682 eraut,
1116 2618 1148 2669 et
1165 2603 1341 2671 Gallorum
1357 2603 1405 2667 de·

366 2688 548 2767 sectionem,
568 2712 650 2778 quae
672 2712 776 2777 nuper
797 2690 920 2777 ingenti
942 2703 1032 2755 motu
1053 2690 1236 2769 frenent,
1258 2689 1402 2781 expuerit

367 2772 475 2851 Petiit,
493 2788 531 2839 ut
553 2776 673 2860 legatos
695 2776 837 2841 mitteret
859 2777 900 2840 ad
923 2800 987 2854 eos,
1002 2799 1139 2864 quorum
1161 2781 1355 2845 auctoritate
1375 2774 1404 2838 ab

365 2860 461 2924 armis
474 2874 689 2925 avocarentur.
734 2861 797 2927 His
811 2885 869 2949 pro
883 2864 972 2951 regni
989 2863 1125 2927 utilitate
1140 2863 1236 2928 editis
1247 2862 1404 2933 mandatis

367 2943 498 3009 Aenum
512 2946 573 3010 sibi
587 2959 621 3010 et
635 2946 823 3013 Maroneam
838 2949 939 3035 petiit
985 2947 1036 3013 Its
1049 2949 1201 3014 destituta
1218 2973 1337 3017 eorum
1395 2992 1404 3021 s

366 3030 433 3118 qui,
447 3031 542 3096 fratre
565 3046 719 3110 accusato,
736 3036 939 3120 partitionem
962 3036 1052 3135 regni
1073 3036 1250 3123 petiturum
1271 2969 1405 3105 credili·

265 3147 268 3157 ·
365 3129 448 3194 rant,
474 3118 594 3183 curiam
616 3120 760 3185 excessit.
807 3120 855 3185 Ut
879 3144 950 3186 raro
973 3121 1049 3187 elias
1071 3122 1252 3209 quisquam,
1277 3147 1342 3190 rex
1362 3108 1417 3203 sul}

366 3202 516 3290 privatus,
527 3216 617 3269 tanto
628 3204 733 3270 favore
747 3218 899 3307 tantoque
911 3208 1054 3273 omnium
1065 3230 1194 3273 assensu
1207 3222 1258 3274 est
1267 3200 1415 3279 audires

366 3290 514 3355 omnibus
536 3290 709 3355 bonoribus
730 3294 988 3381 muneribusque,
1007 3308 1040 3359 et
1060 3316 1208 3381 praesens
1230 3308 1279 3361 est
1304 3296 1402 3366 cutus

366 3388 399 3441 et
413 3376 636 3462 profiscentem
649 3379 809 3465 prosecuti
823 3392 907 3445 sunt
1409 3388 1418 3439 t

401 3576 412 3611 t
430 3564 507 3624 Eun,
517 3565 560 3629 qui
568 3570 654 3627 pem
663 3566 790 3638 somnii]
803 3567 874 3615 Atta-
906 3566 1080 3631 exponendum
1092 3573 1226 3619 censentes.

366 3626 417 3674 lam
437 3626 614 3688 Philometore,
631 3642 673 3689 qm
690 3630 800 3691 regnavit
819 3636 875 3693 post
939 3632 1073 3692 4Cirrs'am
1099 3634 1213 3694 arear]
1246 3634 1404 3692 Quemadm—

366 3689 433 3737 hunc
458 3692 572 3740 Attalum
599 3697 715 3755 patruum
743 3708 824 3753 suum,
849 3700 875 3743 et
907 3696 1403 3759 dumsnpniisrmturbemercedeml

367 3752 457 3800 herede
489 3756 583 3817 populo
615 3756 731 3805 Romano
763 3758 874 3809 decessit
908 3759 991 3823 Vulgo
1001 3762 1074 3811 eurio
1084 3761 1233 3823 legionesi
1249 3762 1403 3824 primasiitis

368 3815 451 3864 carr.
908 3824 1197 3883 emanuhibstteste
1209 3825 1349 3877 Gronorio.

369 3941 375 3953 ι
401 3879 486 3954 eliseo
494 3880 565 3929 aliud
573 3884 642 3944 ean]
654 3884 810 3946 Effectus-um
821 3888 876 3935 rub·
941 3898 955 3948 5
975 3889 1008 3938 m
1026 3904 1084 3938 roro
1103 3887 1179 3950 olins]
1204 3889 1359 3940 Particularia
1378 3896 1403 3945 tl,

368 3942 484 4004 intelligit
495 3943 603 3995 Crevier.
909 3950 971 3999 torte
990 3958 1073 4000 natam
1091 3967 1122 4000 ex
1140 3952 1235 4002 ultimis
1251 3954 1332 4003 literis
1351 3970 1403 4019 pne·

401 4020 417 4081 ,τε
432 4008 475 4055 Aa
483 4008 609 4068 ultimum
619 4011 672 4084 ‘Aa
682 4013 795 4061 mimam
804 4014 876 4077 vulgo
909 4014 1018 4063 eedenssr
1030 4015 1095 4064 vocis
1104 4018 1213 4074 exurit,
1222 4016 1353 4068 Gronorio
1361 4034 1403 4068 aar

369 4067 466 4130 legitur,
476 4073 542 4133 quod
553 4073 691 4122 Cremerius
707 4082 732 4124 et
744 4076 876 4127 Douiatius
907 4083 969 4137 tore,
987 4078 1118 4129 delendam
1137 4086 1239 4129 censent
1261 4082 1370 4133 Crevier.
1386 4088 1402 4129 et

368 4135 477 4193 tuentur,
495 4138 608 4185 ultimam
629 4142 747 4200 tanquam
769 4142 803 4189 od
819 4142 875 4191 alti·
909 4142 1015 4191 Bellen

367 4211 443 4253 mom,
453 4200 661 4257 quemadmodum
671 4216 737 4264 supr.
750 4218 824 4254 xxxv.
836 4208 875 4267 35.
939 4204 1167 4269 6Profioireentm
1191 4212 1317 4271 mouera
1343 4210 1401 4269 nort]

369 4259 403 4308 xl.
411 4260 450 4321 38.
457 4275 578 4312 murnum
584 4268 743 4327 tanquamad
748 4283 875 4328 minum,
909 4268 960 4318 Hic
975 4284 1064 4333 operae
1080 4272 1186 4334 pretium
1202 4278 1240 4325 eet
1255 4276 1370 4339 supplere
1383 4288 1403 4325 e
