2934 4800
328 113 393 176 tos
715 95 831 176 TlTI
861 106 998 175 LIVII

171 251 250 367 Eg:
263 253 436 397 pgpretqr:
460 259 494 311 et
515 267 595 333 quas
614 267 657 311 ne
679 267 755 311 naus
770 245 902 396 quidedm
924 244 1021 332 longo
1038 257 1187 346 tempore
1204 241 1285 330 (qui
1308 263 1385 304 um
1426 358 1427 361 Ἴ

329 331 1087 506 eatAbgsueiiiscorblitist(liiditiiblblfiinddabiuririiltto
1101 429 1177 481 ante
1186 428 1386 514 prepara
1426 376 1427 379 Ἴ

329 516 364 570 et
381 505 417 570 in
432 507 531 571 Asiae
551 505 703 582 civitates,
719 517 753 570 et
772 505 814 571 ad
832 527 924 591 reges
943 504 1054 581 missis,
1070 504 1129 590 qni
1145 502 1387 567 dennnmrem.

329 603 364 656 et
401 614 479 657 uum
494 591 675 657 circumiret
690 592 760 679 ipse
778 590 932 657 Graeciae
949 589 1103 666 civitates,
1119 589 1287 653 indixerat
1306 589 1388 673 pin·

329 615 464 766 cipilrus,
479 701 596 780 magno
617 691 772 778 apparatu
787 674 975 764 Amphipoli
992 675 1077 741 lecit
1123 673 1214 740 Nem
1233 687 1267 739 et
1291 673 1404 738 attii-2

329 786 407 916 tt
425 763 1050 928 tffitttttllittffil
1061 762 1391 947 milti&

330 958 402 1002 rum
431 938 600 1002 convenit:
632 951 668 1002 et
694 936 870 1023 legationes
898 958 972 1001 oum
997 935 1144 1012 victimis,
1168 947 1205 999 et
1230 932 1391 1084 quioquid

331 1021 418 1087 aliud
442 1023 575 1088 deorum
604 1021 835 1110 hominumque
864 1044 958 1087 causa
982 1021 1054 1086 fleri
1082 1043 1113 1084 m
1178 1021 1209 1085 is
1250 1020 1331 1084 udm
1360 1041 1390 1081 m

333 1107 471 1175 Gmeeia
483 1109 572 1175 solet
617 1106 670 1174 Ita
682 1109 801 1174 laetum
816 1121 873 1186 eat,
889 1121 926 1173 nt
943 1130 1010 1172 non
1027 1107 1134 1194 magni
1159 1108 1305 1171 sentiam
1322 1119 1388 1170 tm-
1424 1118 1425 1165 l

193 1223 199 1234 ·
332 1206 410 1273 tum,
426 1195 484 1261 sed
502 1195 706 1283 pmdentiam
724 1195 761 1260 in
778 1195 892 1260 dandis
911 1193 1108 1282 spectaculis,
1123 1193 1166 1258 ad
1183 1215 1271 1280 quae
1289 1192 1404 1257 nuiss:

331 1294 401 1347 tum
422 1282 561 1348 Romani
585 1294 686 1359 erant,
710 1281 949 1346 admirarentur.
986 1279 1119 1432 elipulae
1165 1279 1389 1430 noque&

1046 1389 1107 1430 em.

332 1368 472 1434 tionibus
485 1379 612 1456 paratae
627 1381 661 1433 et
675 1367 840 1456 opulentia
853 1381 886 1432 et
899 1389 976 1432 cura
1137 1303 1254 1453 luigo
1287 1365 1294 1380 '

331 1453 431 1578 {psius
451 1455 614 1606 quqbantz
640 1454 706 1519 ‘Et
726 1451 1386 1604 lollidumbiilmim't’etnlblglffi
1423 1511 1425 1572 t

265 1575 274 1593 '
331 1563 903 1715 offn‘tnttftfptttffltr‘t
920 1561 1264 1714 lnhllfnpmh,
1282 1637 1386 1690 ,aa

331 1712 435 1776 omnis
455 1714 582 1799 generis
598 1735 696 1791 arma,
711 1712 872 1778 cumulnta
893 1713 928 1777 in
949 1712 1112 1800 ingentem
1134 1733 1302 1790 noemam,
1315 1735 1384 1800 pre

330 1810 420 1864 catus
446 1798 595 1876 Martem,
621 1798 811 1878 Minervam,
836 1799 1004 1886 Luamque
1030 1812 1176 1877 matrem,
1201 1811 1240 1863 et
1266 1813 1401 1864 uersum*

330 1883 418 1964 deos,
433 1887 550 1973 quibus
568 1885 827 1988 spoliahostium
844 1885 950 1986 diotre
970 1885 1020 1950 ius
1036 1884 1148 1985 susque
1160 1897 1225 1985 est,
1243 1885 1315 1972 ipse
1329 1907 1383 1949 ι·
1423 1899 1425 1980 l

48 2129 54 2137 ,
173 1972 726 2150 nunflnrffil‘ull'mllilllll
741 1970 1425 2159 ffilllgmlllllhrlffmivmm}

172 2143 209 2186 ²¹⁸
220 2136 312 2186 Pmm
330 2153 380 2208 est
395 2143 432 2208 in
448 2143 504 2208 illo
517 2158 678 2209 conventu
693 2145 781 2210 Euro
856 2145 1027 2232 Asiaeque,
1043 2144 1189 2231 undique
1207 2147 1329 2232 purtim
1346 2143 1383 2208 ed

401 2227 586 2307 ulationem,
609 2231 725 2317 purtim
748 2167 1025 2319 affictaeulum
1047 2243 1214 2296 contracta
1240 2233 1384 2296 multitu-

354 2316 417 2394 ine,
434 2315 530 2382 tantis
548 2317 712 2382 navalibus
731 2318 993 2406 terrestribusque
1013 2317 1220 2395 exercitibus,
1236 2341 1281 2383 ea
1298 2319 1382 2408 eopia
1423 2343 1424 2361 ¹

330 2426 448 2482 rernm,
462 2426 503 2469 ea
520 2404 624 2469 vilitas
643 2426 800 2483 annonae,
820 2418 857 2470 ut
878 2418 912 2473 et
931 2404 1069 2492 privatis,
1085 2416 1121 2469 et
1141 2405 1340 2485 civitatibus,
1354 2422 1382 2469 et

330 2491 489 2577 gentibus,
510 2490 597 2557 dona
617 2490 692 2555 data
714 2491 867 2579 pleraque
889 2492 958 2555 eius
980 2490 1106 2579 generis
1127 2492 1194 2556 sint
1219 2492 1263 2558 ab
1288 2494 1382 2581 impe·

331 2590 445 2653 ratore,
469 2600 536 2642 non
560 2578 594 2642 in
620 2600 715 2643 usum
739 2578 834 2643 modo
859 2590 1068 2665 praesentem,
1091 2576 1148 2643 sed
1172 2578 1280 2644 etiam
1304 2578 1382 2667 qnod

332 2660 443 2727 domos
457 2662 639 2742 eveherent,
686 2663 875 2751 Spectaculo
889 2664 950 2729 fuit
963 2664 1004 2742 ei,
1017 2686 1098 2751 quae
1113 2679 1262 2744 venerat,
1278 2668 1381 2731 turbae

331 2769 398 2812 non
421 2749 583 2813 scenicum
604 2751 705 2837 magis
726 2749 895 2828 ludicrum,
916 2772 982 2814 non
1005 2750 1181 2816 certamina
1203 2751 1381 2828 hominum,

331 2845 388 2897 aut
408 2833 565 2899 emtionla
585 2856 751 2921 equorum,
774 2858 869 2924 qnam
893 2837 1011 2924 praeda
1035 2836 1255 2904 Macedonica
1276 2840 1382 2914 omnis,

331 2931 369 2984 ut
387 2918 550 2998 viseretur,
568 2922 712 3008 exposita
732 2936 916 3005 statuarum,
935 2922 1114 2988 tabularum
1138 2946 1191 3001 ne,
1210 2926 1381 3001 textilium,

330 3017 365 3070 et
379 3026 525 3070 vesorum
544 3030 586 3071 ex
606 3029 684 3073 auro
703 3022 738 3074 et
756 3022 888 3097 urgento
910 3023 944 3075 et
963 3032 1034 3075 aere
1054 3024 1127 3075 ete
1171 3032 1208 3075 re
1230 3012 1382 3079 fictorum

330 3091 455 3179 ingenti
470 3114 546 3158 cura
559 3094 595 3158 in
608 3117 648 3159 ea
660 3097 767 3183 regia:
791 3108 829 3161 nt
845 3119 911 3162 non
929 3097 963 3159 in
1002 3109 1181 3161 raesentem
1191 3100 1307 3165 modo
1320 3116 1396 3187 spes

331 3178 424 3256 ciem,
438 3178 585 3266 qualibus
604 3180 720 3247 referta
738 3205 773 3248 re
796 3182 827 3248 'a
840 3119 1063 3249 Alexandreae
1084 3195 1161 3259 erat,
1177 3184 1241 3250 sed
1263 3188 1300 3251 in
1322 3210 1382 3275 per·

373 3278 463 3331 tuum
485 3288 579 3331 usum
600 3267 724 3333 fierent
807 3292 873 3347 aee,
894 3270 928 3333 in
951 3268 1081 3335 classem
1104 3270 1272 3357 imposita,
1294 3274 1382 3339 deve·

354 3352 439 3417 enda
453 3353 591 3419 Romam
607 3353 670 3420 Cn.
682 3354 817 3421 Octavio
831 3356 913 3421 data

375 3438 516 3518 Paullus,
537 3441 676 3528 benigne
698 3441 810 3529 legatis
834 3442 978 3519 dimisis,
1003 3455 1215 3531 transgressus
1242 3446 1381 3537 Strymo·

331 3547 417 3604 nem,
432 3526 518 3591 mille
534 3550 683 3615 pessnum
697 3530 738 3593 ab
753 3528 942 3619 Amphipoli
956 3542 1058 3595 castra
1070 3530 1195 3617 posuit:
1219 3533 1302 3600 inde
1318 3558 1380 3623 pro-

331 3611 442 3688 fectus,
454 3612 576 3679 Pellam
591 3614 706 3701 quinto
720 3614 773 3679 die
788 3617 941 3703 pervenit
987 3616 1246 3704 Praetergressns
1262 3623 1379 3697 urbem,

331 3696 373 3759 ad
396 3696 575 3782 Spelaeum,
591 3700 679 3788 qnod
695 3716 820 3780 vocant,
841 3702 975 3768 biduum
998 3716 1146 3782 moratus,
1166 3702 1204 3768 P.
1220 3704 1379 3785 Nasicam,

365 3908 538 3970 adrtfienm]
557 3908 720 3961 scenicorum.
739 3912 839 3975 olsupr.
872 3910 918 3961 isse
936 3913 1040 3975 videtur,
1056 3920 1081 3963 et
1096 3914 1234 3977 praefuisse
1252 3918 1345 3979 lustris,
1358 3928 1378 3969 et

872 3977 1055 4028 lustrationibus
1073 3984 1128 4042 post
1145 3978 1256 4028 hostium
1274 3984 1376 4033 eusdem

1056 4058 1066 4091 1

333 3985 438 4093 v'i'sa
452 4051 515 4095 quae
530 4038 612 4097 maa]
641 4037 753 4087 similem
773 4041 839 4088 locu·
873 4041 1042 4103 essupmm.
1069 4078 1076 4093 .

331 4094 424 4143 tionem
435 4098 509 4146 adeas
519 4114 584 4161 supr.
595 4100 646 4149 xxi.
659 4114 696 4163 25.
713 4103 780 4151 xxiv.
790 4104 828 4163 48.
905 4116 919 4164 5
936 4108 969 4153 In
979 4122 1010 4155 ao
1020 4108 1101 4168 reolo]
1119 4122 1151 4158 so.
1164 4106 1263 4169 Pellae,
1274 4112 1315 4161 eui
1326 4128 1375 4161 max

364 4174 380 4216 4
394 4160 520 4222 Luamque
530 4165 643 4224 matram]
657 4164 730 4213 Haec
741 4168 788 4215 dea
797 4182 839 4215 no-
872 4170 940 4229 repr'a
951 4170 1105 4219 Alexandria
1117 4170 1259 4232 opponitur.

332 4237 389 4269 men
400 4236 415 4267 n
427 4222 514 4269 luendo
526 4226 696 4287 expiandoque
707 4230 791 4276 sortita
803 4232 838 4277 fu-
