<?xml version="1.0" encoding="UTF-8"?>
<!DOCTYPE html PUBLIC "-//W3C//DTD XHTML 1.0 Transitional//EN"
    "http://www.w3.org/TR/xhtml1/DTD/xhtml1-transitional.dtd">
<html xmlns="http://www.w3.org/1999/xhtml" xml:lang="en" lang="en">
 <head>
  <title>
</title>
<meta http-equiv="Content-Type" content="text/html;charset=utf-8" />
  <meta name='ocr-system' content='tesseract 3.04.00' />
  <meta name='ocr-capabilities' content='ocr_page ocr_carea ocr_par ocr_line ocrx_word'/>
</head>
<body>
  <div class='ocr_page' id='page_1' title='image "./tliviipatavinih01kreygoog/tliviipatavinih01kreygoog_0204.png"; bbox 0 0 2934 4800; ppageno 0'>
   <div class='ocr_carea' id='block_1_1' title="bbox 327 101 992 174">
    <p class='ocr_par' dir='ltr' id='par_1_1' title="bbox 327 101 992 174">
     <span class='ocr_line' id='line_1_1' title="bbox 327 101 992 174; baseline -0.008 -2"><span class='ocrx_word' id='word_1_1' title='bbox 327 111 389 174; x_wconf 73' lang='lat'>194</span> <span class='ocrx_word' id='word_1_2' title='bbox 709 102 825 174; x_wconf 89' lang='grc' dir='ltr'>ΤΙΤΙ</span> <span class='ocrx_word' id='word_1_3' title='bbox 854 101 992 173; x_wconf 90' lang='lat' dir='ltr'>LIVII</span> 
     </span>
    </p>
   </div>
   <div class='ocr_carea' id='block_1_2' title="bbox 171 239 1398 1726">
    <p class='ocr_par' dir='ltr' id='par_1_2' title="bbox 171 239 1377 340">
     <span class='ocr_line' id='line_1_2' title="bbox 171 239 1377 340; baseline -0.003 -30"><span class='ocrx_word' id='word_1_4' title='bbox 171 259 248 310; x_wconf 73' lang='lat' dir='ltr'>uc.</span> <span class='ocrx_word' id='word_1_5' title='bbox 263 243 516 324; x_wconf 50' lang='lat' dir='ltr'>585euctoritate</span> <span class='ocrx_word' id='word_1_6' title='bbox 535 242 667 308; x_wconf 82' lang='lat' dir='ltr'>Petrum</span> <span class='ocrx_word' id='word_1_7' title='bbox 688 244 731 309; x_wconf 85' lang='lat' dir='ltr'>sd</span> <span class='ocrx_word' id='word_1_8' title='bbox 753 243 907 333; x_wconf 88' lang='lat' dir='ltr'>populum</span> <span class='ocrx_word' id='word_1_9' title='bbox 929 243 1048 321; x_wconf 82' lang='lat' dir='ltr'>latum3</span> <span class='ocrx_word' id='word_1_10' title='bbox 1073 257 1107 308; x_wconf 91' lang='lat' dir='ltr'>et</span> <span class='ocrx_word' id='word_1_11' title='bbox 1123 241 1272 308; x_wconf 76' lang='lat' dir='ltr'>tribuni</span> <span class='ocrx_word' id='word_1_12' title='bbox 1292 239 1377 340; x_wconf 68' lang='lat' dir='ltr'>plebis¹</span> 
     </span>
    </p>

    <p class='ocr_par' dir='ltr' id='par_1_3' title="bbox 171 323 1398 1726">
     <span class='ocr_line' id='line_1_3' title="bbox 171 323 1378 421; baseline -0.005 -23"><span class='ocrx_word' id='word_1_13' title='bbox 171 326 203 374; x_wconf 63' lang='grc' dir='ltr'>Α·</span> <span class='ocrx_word' id='word_1_14' title='bbox 220 325 250 375; x_wconf 81' lang='lat'>⁰·</span> <span class='ocrx_word' id='word_1_15' title='bbox 267 323 429 421; x_wconf 84' lang='lat' dir='ltr'>¹⁶⁷·quum</span> <span class='ocrx_word' id='word_1_16' title='bbox 451 330 497 396; x_wconf 89' lang='lat' dir='ltr'>ita</span> <span class='ocrx_word' id='word_1_17' title='bbox 517 331 670 396; x_wconf 89' lang='lat' dir='ltr'>traditum</span> <span class='ocrx_word' id='word_1_18' title='bbox 692 344 784 409; x_wconf 82' lang='lat' dir='ltr'>esset,</span> <span class='ocrx_word' id='word_1_19' title='bbox 805 354 846 396; x_wconf 90' lang='lat' dir='ltr'>ne</span> <span class='ocrx_word' id='word_1_20' title='bbox 867 331 939 418; x_wconf 90' lang='lat' dir='ltr'>quis</span> <span class='ocrx_word' id='word_1_21' title='bbox 960 331 1047 419; x_wconf 89' lang='lat' dir='ltr'>prius</span> <span class='ocrx_word' id='word_1_22' title='bbox 1069 329 1311 396; x_wconf 77' lang='lat' dir='ltr'><strong>intercederet</strong></span> <span class='ocrx_word' id='word_1_23' title='bbox 1327 328 1378 414; x_wconf 72' lang='lat' dir='ltr'>lep</span> 
     </span>
     <span class='ocr_line' id='line_1_4' title="bbox 329 415 1380 508; baseline -0.007 -23"><span class='ocrx_word' id='word_1_24' title='bbox 329 441 427 508; x_wconf 79' lang='lat' dir='ltr'>quom</span> <span class='ocrx_word' id='word_1_25' title='bbox 441 418 570 506; x_wconf 83' lang='lat' dir='ltr'>privatis</span> <span class='ocrx_word' id='word_1_26' title='bbox 580 417 735 483; x_wconf 87' lang='lat' dir='ltr'>suadendi</span> <span class='ocrx_word' id='word_1_27' title='bbox 747 417 1015 505; x_wconf 74' lang='lat' dir='ltr'>dissuadendique</span> <span class='ocrx_word' id='word_1_28' title='bbox 1026 417 1132 505; x_wconf 78' lang='lat' dir='ltr'>legem</span> <span class='ocrx_word' id='word_1_29' title='bbox 1150 428 1314 504; x_wconf 61' lang='lat' dir='ltr'>potesta</span> <span class='ocrx_word' id='word_1_30' title='bbox 1323 415 1380 478; x_wconf 79' lang='lat' dir='ltr'>hm</span> 
     </span>
     <span class='ocr_line' id='line_1_5' title="bbox 328 499 1381 654; baseline -0.005 -82"><span class='ocrx_word' id='word_1_31' title='bbox 328 519 430 582; x_wconf 82' lang='lat' dir='ltr'>esset3</span> <span class='ocrx_word' id='word_1_32' title='bbox 455 527 559 592; x_wconf 88' lang='lat' dir='ltr'>eoque</span> <span class='ocrx_word' id='word_1_33' title='bbox 582 527 733 593; x_wconf 75' lang='lat' dir='ltr'>persaepe</span> <span class='ocrx_word' id='word_1_34' title='bbox 759 505 925 582; x_wconf 84' lang='lat' dir='ltr'>evenisset,</span> <span class='ocrx_word' id='word_1_35' title='bbox 948 517 1049 580; x_wconf 87' lang='lat' dir='ltr'>utet,</span> <span class='ocrx_word' id='word_1_36' title='bbox 1071 503 1130 654; x_wconf 67' lang='lat' dir='ltr'>‹pui</span> <span class='ocrx_word' id='word_1_37' title='bbox 1160 526 1246 568; x_wconf 89' lang='lat' dir='ltr'>non</span> <span class='ocrx_word' id='word_1_38' title='bbox 1273 499 1381 590; x_wconf 62' lang='lat' dir='ltr'>proffi</span> 
     </span>
     <span class='ocr_line' id='line_1_6' title="bbox 327 590 1394 678; baseline -0.007 -20"><span class='ocrx_word' id='word_1_39' title='bbox 327 608 436 658; x_wconf 64' lang='lat' dir='ltr'>efflent</span> <span class='ocrx_word' id='word_1_40' title='bbox 449 613 483 656; x_wconf 88' lang='lat' dir='ltr'>se</span> <span class='ocrx_word' id='word_1_41' title='bbox 497 591 732 669; x_wconf 73' lang='lat' dir='ltr'>interoemuros,</span> <span class='ocrx_word' id='word_1_42' title='bbox 748 590 972 656; x_wconf 83' lang='lat' dir='ltr'>animadversis</span> <span class='ocrx_word' id='word_1_43' title='bbox 986 591 1072 654; x_wconf 87' lang='lat' dir='ltr'>vitiis</span> <span class='ocrx_word' id='word_1_44' title='bbox 1097 592 1173 678; x_wconf 81' lang='lat' dir='ltr'>egis</span> <span class='ocrx_word' id='word_1_45' title='bbox 1191 612 1244 654; x_wconf 89' lang='lat' dir='ltr'>ex</span> <span class='ocrx_word' id='word_1_46' title='bbox 1261 591 1394 653; x_wconf 72' lang='lat' dir='ltr'>oratiam</span> 
     </span>
     <span class='ocr_line' id='line_1_7' title="bbox 330 673 1384 763; baseline -0.006 -19"><span class='ocrx_word' id='word_1_47' title='bbox 330 677 591 755; x_wconf 72' lang='lat' dir='ltr'>dissuadentium,</span> <span class='ocrx_word' id='word_1_48' title='bbox 614 676 866 753; x_wconf 84' lang='lat' dir='ltr'>intercederent3</span> <span class='ocrx_word' id='word_1_49' title='bbox 897 690 940 756; x_wconf 87' lang='lat' dir='ltr'>et,</span> <span class='ocrx_word' id='word_1_50' title='bbox 964 677 1020 763; x_wconf 90' lang='lat' dir='ltr'>qui</span> <span class='ocrx_word' id='word_1_51' title='bbox 1046 677 1088 742; x_wconf 86' lang='lat' dir='ltr'>ad</span> <span class='ocrx_word' id='word_1_52' title='bbox 1114 673 1384 742; x_wconf 71' lang='lat' dir='ltr'>intercedendum</span> 
     </span>
     <span class='ocr_line' id='line_1_8' title="bbox 329 761 1385 843; baseline -0.008 -11"><span class='ocrx_word' id='word_1_53' title='bbox 329 767 500 843; x_wconf 80' lang='lat' dir='ltr'>venissent,</span> <span class='ocrx_word' id='word_1_54' title='bbox 522 764 722 842; x_wconf 81' lang='lat' dir='ltr'>desisterent,</span> <span class='ocrx_word' id='word_1_55' title='bbox 740 765 817 829; x_wconf 84' lang='lat' dir='ltr'>victi</span> <span class='ocrx_word' id='word_1_56' title='bbox 840 763 1079 830; x_wconf 87' lang='lat' dir='ltr'>auctoritatibus</span> <span class='ocrx_word' id='word_1_57' title='bbox 1094 763 1334 829; x_wconf 82' lang='lat' dir='ltr'>&#39;suadentium</span> <span class='ocrx_word' id='word_1_58' title='bbox 1355 761 1385 824; x_wconf 74' lang='lat' dir='ltr'>le</span> 
     </span>
     <span class='ocr_line' id='line_1_9' title="bbox 330 850 1385 940; baseline -0.005 -22"><span class='ocrx_word' id='word_1_59' title='bbox 330 875 413 940; x_wconf 81' lang='lat' dir='ltr'>gem.</span> <span class='ocrx_word' id='word_1_60' title='bbox 463 852 549 917; x_wconf 85' lang='lat' dir='ltr'>Tum</span> <span class='ocrx_word' id='word_1_61' title='bbox 575 851 660 915; x_wconf 87' lang='lat' dir='ltr'>inter</span> <span class='ocrx_word' id='word_1_62' title='bbox 686 863 865 939; x_wconf 78' lang='lat' dir='ltr'>praetorem</span> <span class='ocrx_word' id='word_1_63' title='bbox 891 850 997 916; x_wconf 88' lang='lat' dir='ltr'>tn&#39;bun</span> <span class='ocrx_word' id='word_1_64' title='bbox 1057 873 1098 915; x_wconf 91' lang='lat' dir='ltr'>ue</span> <span class='ocrx_word' id='word_1_65' title='bbox 1129 852 1262 916; x_wconf 84' lang='lat' dir='ltr'>omnia</span> <span class='ocrx_word' id='word_1_66' title='bbox 1289 850 1385 913; x_wconf 79' lang='lat' dir='ltr'>intem</span> 
     </span>
     <span class='ocr_line' id='line_1_10' title="bbox 329 871 1385 1027; baseline -0.004 -24"><span class='ocrx_word' id='word_1_67' title='bbox 329 940 452 1027; x_wconf 86' lang='lat' dir='ltr'>pestire</span> <span class='ocrx_word' id='word_1_68' title='bbox 466 937 582 1026; x_wconf 79' lang='lat' dir='ltr'>agendi</span> <span class='ocrx_word' id='word_1_69' title='bbox 597 950 758 1002; x_wconf 87' lang='lat' dir='ltr'>certamen</span> <span class='ocrx_word' id='word_1_70' title='bbox 773 951 848 1002; x_wconf 84' lang='lat' dir='ltr'>erat.</span> <span class='ocrx_word' id='word_1_71' title='bbox 883 871 1299 1002; x_wconf 59' lang='lat' dir='ltr'>Tribunisicstinationem</span> <span class='ocrx_word' id='word_1_72' title='bbox 1313 957 1385 1024; x_wconf 80' lang='lat' dir='ltr'>prae</span> 
     </span>
     <span class='ocr_line' id='line_1_11' title="bbox 330 1022 1398 1124; baseline -0.007 -32"><span class='ocrx_word' id='word_1_73' title='bbox 330 1025 408 1092; x_wconf 88' lang='lat' dir='ltr'>toris</span> <span class='ocrx_word' id='word_1_74' title='bbox 428 1037 502 1091; x_wconf 87' lang='lat' dir='ltr'>ante</span> <span class='ocrx_word' id='word_1_75' title='bbox 524 1037 652 1112; x_wconf 90' lang='lat' dir='ltr'>tempus</span> <span class='ocrx_word' id='word_1_76' title='bbox 672 1023 911 1101; x_wconf 88' lang='lat' dir='ltr'>intercedendo,</span> <span class='ocrx_word' id='word_1_77' title='bbox 928 1022 1044 1124; x_wconf 90' lang='lat' dir='ltr'>[quum</span> <span class='ocrx_word' id='word_1_78' title='bbox 1059 1023 1285 1100; x_wconf 77' lang='lat' dir='ltr'>damnarent,</span> <span class='ocrx_word' id='word_1_79' title='bbox 1300 1023 1398 1086; x_wconf 66' lang='lat' dir='ltr'>intur</span> 
     </span>
     <span class='ocr_line' id='line_1_12' title="bbox 330 1107 1385 1198; baseline -0.008 -20"><span class='ocrx_word' id='word_1_80' title='bbox 330 1113 456 1178; x_wconf 86' lang='lat' dir='ltr'>bantur.</span> <span class='ocrx_word' id='word_1_81' title='bbox 501 1109 575 1177; x_wconf 90' lang='lat' dir='ltr'>Hoc</span> <span class='ocrx_word' id='word_1_82' title='bbox 597 1127 705 1176; x_wconf 90' lang='lat' dir='ltr'>tamen</span> <span class='ocrx_word' id='word_1_83' title='bbox 726 1109 945 1176; x_wconf 82' lang='lat' dir='ltr'>intercessionr</span> <span class='ocrx_word' id='word_1_84' title='bbox 959 1131 1034 1174; x_wconf 81' lang='lat' dir='ltr'>suae</span> <span class='ocrx_word' id='word_1_85' title='bbox 1048 1107 1385 1198; x_wconf 80' lang='lat' dir='ltr'>praetendebant]in</span> 
     </span>
     <span class='ocr_line' id='line_1_13' title="bbox 329 1195 1385 1286; baseline -0.004 -20"><span class='ocrx_word' id='word_1_86' title='bbox 329 1199 504 1266; x_wconf 84' lang='lat' dir='ltr'>adventum</span> <span class='ocrx_word' id='word_1_87' title='bbox 524 1197 740 1286; x_wconf 89' lang='lat' dir='ltr'>im[peratoris</span> <span class='ocrx_word' id='word_1_88' title='bbox 753 1209 787 1262; x_wconf 87' lang='lat' dir='ltr'>et</span> <span class='ocrx_word' id='word_1_89' title='bbox 800 1195 912 1262; x_wconf 85' lang='lat' dir='ltr'>decem</span> <span class='ocrx_word' id='word_1_90' title='bbox 926 1195 1101 1283; x_wconf 80' lang='lat' dir='ltr'>legatorum</span> <span class='ocrx_word' id='word_1_91' title='bbox 1117 1219 1159 1262; x_wconf 81' lang='lat' dir='ltr'>ex</span> <span class='ocrx_word' id='word_1_92' title='bbox 1177 1196 1385 1270; x_wconf 64' lang='lat' dir='ltr'>Macedonia,</span> 
     </span>
     <span class='ocr_line' id='line_1_14' title="bbox 330 1282 1384 1374; baseline -0.007 -22"><span class='ocrx_word' id='word_1_93' title='bbox 330 1286 398 1374; x_wconf 89' lang='lat' dir='ltr'>qui,</span> <span class='ocrx_word' id='word_1_94' title='bbox 413 1309 448 1351; x_wconf 92' lang='lat' dir='ltr'>re</span> <span class='ocrx_word' id='word_1_95' title='bbox 462 1285 703 1373; x_wconf 76' lang='lat' dir='ltr'>diligentissime</span> <span class='ocrx_word' id='word_1_96' title='bbox 723 1305 767 1348; x_wconf 89' lang='lat' dir='ltr'>ex</span> <span class='ocrx_word' id='word_1_97' title='bbox 787 1282 887 1348; x_wconf 88' lang='lat' dir='ltr'>literis</span> <span class='ocrx_word' id='word_1_98' title='bbox 908 1282 1086 1370; x_wconf 84' lang='lat' dir='ltr'>tabulisque</span> <span class='ocrx_word' id='word_1_99' title='bbox 1108 1305 1298 1371; x_wconf 83' lang='lat' dir='ltr'>perpensa,</span> <span class='ocrx_word' id='word_1_100' title='bbox 1313 1295 1384 1347; x_wconf 86' lang='lat' dir='ltr'>certo</span> 
     </span>
     <span class='ocr_line' id='line_1_15' title="bbox 330 1368 1384 1458; baseline -0.005 -20"><span class='ocrx_word' id='word_1_101' title='bbox 330 1372 502 1438; x_wconf 86' lang='lat' dir='ltr'>indicaturi</span> <span class='ocrx_word' id='word_1_102' title='bbox 516 1383 630 1448; x_wconf 84' lang='lat' dir='ltr'>essent,</span> <span class='ocrx_word' id='word_1_103' title='bbox 639 1393 705 1458; x_wconf 92' lang='lat' dir='ltr'>quo</span> <span class='ocrx_word' id='word_1_104' title='bbox 713 1391 860 1458; x_wconf 87' lang='lat' dir='ltr'>quaeque</span> <span class='ocrx_word' id='word_1_105' title='bbox 875 1369 986 1434; x_wconf 85' lang='lat' dir='ltr'>civitas</span> <span class='ocrx_word' id='word_1_106' title='bbox 1000 1369 1034 1434; x_wconf 92' lang='lat' dir='ltr'>in</span> <span class='ocrx_word' id='word_1_107' title='bbox 1045 1368 1164 1435; x_wconf 90' lang='lat' dir='ltr'>Persea</span> <span class='ocrx_word' id='word_1_108' title='bbox 1175 1370 1384 1435; x_wconf 67' lang='lat' dir='ltr'>Romanae</span> 
     </span>
     <span class='ocr_line' id='line_1_16' title="bbox 329 1455 1383 1542; baseline -0.005 -17"><span class='ocrx_word' id='word_1_109' title='bbox 329 1459 438 1525; x_wconf 82' lang='lat' dir='ltr'>animo</span> <span class='ocrx_word' id='word_1_110' title='bbox 451 1459 571 1536; x_wconf 79' lang='lat' dir='ltr'>fuisset,</span> <span class='ocrx_word' id='word_1_111' title='bbox 588 1470 686 1522; x_wconf 86' lang='lat' dir='ltr'>totam</span> <span class='ocrx_word' id='word_1_112' title='bbox 700 1457 742 1522; x_wconf 92' lang='lat' dir='ltr'>de</span> <span class='ocrx_word' id='word_1_113' title='bbox 758 1455 896 1521; x_wconf 88' lang='lat' dir='ltr'>Rhodiis</span> <span class='ocrx_word' id='word_1_114' title='bbox 910 1455 1173 1522; x_wconf 77' lang='lat' dir='ltr'>consultationem</span> <span class='ocrx_word' id='word_1_115' title='bbox 1201 1457 1304 1522; x_wconf 87' lang='lat' dir='ltr'>reiici</span> <span class='ocrx_word' id='word_1_116' title='bbox 1319 1475 1383 1542; x_wconf 74' lang='lat' dir='ltr'>opus</span> 
     </span>
     <span class='ocr_line' id='line_1_17' title="bbox 329 1541 1382 1694; baseline -0.004 -84"><span class='ocrx_word' id='word_1_117' title='bbox 329 1567 408 1610; x_wconf 88' lang='lat' dir='ltr'>esse.</span> <span class='ocrx_word' id='word_1_118' title='bbox 455 1545 521 1610; x_wconf 90' lang='lat' dir='ltr'>Sed</span> <span class='ocrx_word' id='word_1_119' title='bbox 535 1565 635 1631; x_wconf 90' lang='lat' dir='ltr'>quum</span> <span class='ocrx_word' id='word_1_120' title='bbox 654 1541 756 1608; x_wconf 88' lang='lat' dir='ltr'>nihilo</span> <span class='ocrx_word' id='word_1_121' title='bbox 771 1543 875 1608; x_wconf 91' lang='lat' dir='ltr'>minus</span> <span class='ocrx_word' id='word_1_122' title='bbox 889 1555 1015 1644; x_wconf 86' lang='lat' dir='ltr'>praetor</span> <span class='ocrx_word' id='word_1_123' title='bbox 1027 1543 1236 1694; x_wconf 58' lang='lat' dir='ltr'>ppppositum</span> <span class='ocrx_word' id='word_1_124' title='bbox 1255 1557 1382 1630; x_wconf 74' lang='lat' dir='ltr'>urgeret,</span> 
     </span>
     <span class='ocr_line' id='line_1_18' title="bbox 330 1629 1394 1726; baseline -0.001 -31"><span class='ocrx_word' id='word_1_125' title='bbox 330 1653 371 1695; x_wconf 86' lang='lat' dir='ltr'>oo</span> <span class='ocrx_word' id='word_1_126' title='bbox 384 1653 435 1695; x_wconf 91' lang='lat' dir='ltr'>res</span> <span class='ocrx_word' id='word_1_127' title='bbox 448 1631 609 1717; x_wconf 86' lang='lat' dir='ltr'>processit,</span> <span class='ocrx_word' id='word_1_128' title='bbox 624 1643 662 1695; x_wconf 86' lang='lat' dir='ltr'>ut</span> <span class='ocrx_word' id='word_1_129' title='bbox 675 1629 839 1695; x_wconf 87' lang='lat' dir='ltr'>Antonius</span> <span class='ocrx_word' id='word_1_130' title='bbox 858 1631 1013 1707; x_wconf 78' lang='lat' dir='ltr'>tribunus,</span> <span class='ocrx_word' id='word_1_131' title='bbox 1028 1651 1051 1717; x_wconf 91' lang='lat' dir='ltr'>p</span> <span class='ocrx_word' id='word_1_132' title='bbox 1110 1630 1193 1694; x_wconf 90' lang='lat' dir='ltr'>uctis</span> <span class='ocrx_word' id='word_1_133' title='bbox 1220 1629 1272 1694; x_wconf 86' lang='lat' dir='ltr'>ad</span> <span class='ocrx_word' id='word_1_134' title='bbox 1293 1650 1394 1726; x_wconf 72' lang='lat' dir='ltr'>popu-2</span> 
     </span>
    </p>
   </div>
   <div class='ocr_carea' id='block_1_3' title="bbox 329 1715 1413 2250">
    <p class='ocr_par' dir='ltr' id='par_1_4' title="bbox 329 1715 1413 2250">
     <span class='ocr_line' id='line_1_19' title="bbox 330 1715 1378 1804; baseline -0.003 -24"><span class='ocrx_word' id='word_1_135' title='bbox 330 1715 397 1781; x_wconf 92' lang='lat' dir='ltr'>lum</span> <span class='ocrx_word' id='word_1_136' title='bbox 420 1715 540 1803; x_wconf 80' lang='lat' dir='ltr'>legatis,</span> <span class='ocrx_word' id='word_1_137' title='bbox 555 1716 781 1804; x_wconf 83' lang='lat' dir='ltr'>procedentem</span> <span class='ocrx_word' id='word_1_138' title='bbox 803 1727 915 1781; x_wconf 90' lang='lat' dir='ltr'>eontra</span> <span class='ocrx_word' id='word_1_139' title='bbox 934 1715 1092 1780; x_wconf 84' lang='lat' dir='ltr'>Thalnam</span> <span class='ocrx_word' id='word_1_140' title='bbox 1114 1728 1148 1780; x_wconf 92' lang='lat' dir='ltr'>et</span> <span class='ocrx_word' id='word_1_141' title='bbox 1169 1715 1294 1782; x_wconf 88' lang='lat' dir='ltr'>dicere</span> <span class='ocrx_word' id='word_1_142' title='bbox 1314 1717 1378 1778; x_wconf 69' lang='lat' dir='ltr'>ines</span> 
     </span>
     <span class='ocr_line' id='line_1_20' title="bbox 330 1801 1377 1890; baseline -0.003 -24"><span class='ocrx_word' id='word_1_143' title='bbox 330 1803 473 1890; x_wconf 87' lang='lat' dir='ltr'>pientem</span> <span class='ocrx_word' id='word_1_144' title='bbox 506 1801 547 1866; x_wconf 94' lang='lat' dir='ltr'>de</span> <span class='ocrx_word' id='word_1_145' title='bbox 578 1801 702 1867; x_wconf 86' lang='lat' dir='ltr'>Rostris</span> <span class='ocrx_word' id='word_1_146' title='bbox 733 1801 923 1880; x_wconf 88' lang='lat' dir='ltr'>detraheret,</span> <span class='ocrx_word' id='word_1_147' title='bbox 954 1801 1156 1890; x_wconf 85' lang='lat' dir='ltr'>Rhodiisque</span> <span class='ocrx_word' id='word_1_148' title='bbox 1191 1803 1377 1868; x_wconf 81' lang='lat' dir='ltr'>concionem</span> 
     </span>
     <span class='ocr_line' id='line_1_21' title="bbox 329 1889 1413 1976; baseline 0.001 -23"><span class='ocrx_word' id='word_1_149' title='bbox 329 1889 504 1976; x_wconf 89' lang='lat' dir='ltr'>praeberet.</span> <span class='ocrx_word' id='word_1_150' title='bbox 551 1889 713 1967; x_wconf 84' lang='lat' dir='ltr'>Ceterum,</span> <span class='ocrx_word' id='word_1_151' title='bbox 737 1889 797 1953; x_wconf 89' lang='lat' dir='ltr'>etsi</span> <span class='ocrx_word' id='word_1_152' title='bbox 821 1889 1028 1976; x_wconf 86' lang='lat' dir='ltr'>praecipitem</span> <span class='ocrx_word' id='word_1_153' title='bbox 1049 1911 1086 1953; x_wconf 88' lang='lat' dir='ltr'>ac</span> <span class='ocrx_word' id='word_1_154' title='bbox 1106 1889 1277 1954; x_wconf 84' lang='lat' dir='ltr'>fervidum</span> <span class='ocrx_word' id='word_1_155' title='bbox 1300 1910 1375 1976; x_wconf 72' lang='lat' dir='ltr'>prae</span> <span class='ocrx_word' id='word_1_156' title='bbox 1411 1894 1413 1940; x_wconf 64' lang='grc' dir='ltr'><strong>ἲ</strong></span> 
     </span>
     <span class='ocr_line' id='line_1_22' title="bbox 331 1974 1375 2062; baseline -0.005 -22"><span class='ocrx_word' id='word_1_157' title='bbox 331 1976 408 2040; x_wconf 83' lang='lat' dir='ltr'>toris</span> <span class='ocrx_word' id='word_1_158' title='bbox 428 1988 578 2040; x_wconf 87' lang='lat' dir='ltr'>conatum</span> <span class='ocrx_word' id='word_1_159' title='bbox 601 1997 659 2062; x_wconf 88' lang='lat' dir='ltr'>par</span> <span class='ocrx_word' id='word_1_160' title='bbox 680 1975 800 2040; x_wconf 89' lang='lat' dir='ltr'>tribuni</span> <span class='ocrx_word' id='word_1_161' title='bbox 821 1975 997 2062; x_wconf 87' lang='lat' dir='ltr'>pervicacia</span> <span class='ocrx_word' id='word_1_162' title='bbox 1015 1974 1218 2054; x_wconf 71' lang='lat' dir='ltr'>discumerat,</span> <span class='ocrx_word' id='word_1_163' title='bbox 1239 1974 1375 2040; x_wconf 84' lang='lat' dir='ltr'>noudum</span> 
     </span>
     <span class='ocr_line' id='line_1_23' title="bbox 331 2059 1413 2128; baseline -0.001 -3"><span class='ocrx_word' id='word_1_164' title='bbox 331 2073 440 2126; x_wconf 90' lang='lat' dir='ltr'>tamen</span> <span class='ocrx_word' id='word_1_165' title='bbox 461 2083 539 2126; x_wconf 87' lang='lat' dir='ltr'>cura</span> <span class='ocrx_word' id='word_1_166' title='bbox 559 2062 737 2127; x_wconf 67' lang='lat' dir='ltr'>decesserat</span> <span class='ocrx_word' id='word_1_167' title='bbox 763 2060 964 2127; x_wconf 89' lang='lat' dir='ltr'>Rhodiorum</span> <span class='ocrx_word' id='word_1_168' title='bbox 987 2061 1109 2126; x_wconf 89' lang='lat' dir='ltr'>animis.</span> <span class='ocrx_word' id='word_1_169' title='bbox 1155 2061 1278 2128; x_wconf 88' lang='lat' dir='ltr'>Patres</span> <span class='ocrx_word' id='word_1_170' title='bbox 1300 2061 1372 2125; x_wconf 87' lang='lat' dir='ltr'>enin</span> <span class='ocrx_word' id='word_1_171' title='bbox 1411 2059 1413 2124; x_wconf 82' lang='lat' dir='ltr'>l</span> 
     </span>
     <span class='ocr_line' id='line_1_24' title="bbox 330 2146 1372 2250; baseline 0 -38"><span class='ocrx_word' id='word_1_172' title='bbox 330 2161 421 2212; x_wconf 87' lang='lat' dir='ltr'>erant</span> <span class='ocrx_word' id='word_1_173' title='bbox 434 2147 653 2212; x_wconf 80' lang='lat' dir='ltr'>infensissimi:</span> <span class='ocrx_word' id='word_1_174' title='bbox 677 2159 714 2212; x_wconf 91' lang='lat' dir='ltr'>ut</span> <span class='ocrx_word' id='word_1_175' title='bbox 727 2147 908 2212; x_wconf 90' lang='lat' dir='ltr'>imminenti</span> <span class='ocrx_word' id='word_1_176' title='bbox 923 2147 1006 2212; x_wconf 87' lang='lat' dir='ltr'>malo</span> <span class='ocrx_word' id='word_1_177' title='bbox 1020 2146 1115 2214; x_wconf 86' lang='lat' dir='ltr'>levati</span> <span class='ocrx_word' id='word_1_178' title='bbox 1129 2150 1235 2250; x_wconf 71' lang='lat' dir='ltr'>magis</span> <span class='ocrx_word' id='word_1_179' title='bbox 1247 2149 1285 2214; x_wconf 89' lang='lat' dir='ltr'>in</span> <span class='ocrx_word' id='word_1_180' title='bbox 1296 2167 1372 2235; x_wconf 75' lang='lat' dir='ltr'>prae</span> 
     </span>
    </p>
   </div>
   <div class='ocr_carea' id='block_1_4' title="bbox 172 2233 1413 3531">
    <p class='ocr_par' dir='ltr' id='par_1_5' title="bbox 172 2233 1413 3531">
     <span class='ocr_line' id='line_1_25' title="bbox 330 2233 1413 2322; baseline -0.004 -22"><span class='ocrx_word' id='word_1_181' title='bbox 330 2256 403 2300; x_wconf 87' lang='lat' dir='ltr'>sans</span> <span class='ocrx_word' id='word_1_182' title='bbox 425 2233 556 2311; x_wconf 89' lang='lat' dir='ltr'>Rhodii,</span> <span class='ocrx_word' id='word_1_183' title='bbox 577 2256 672 2322; x_wconf 88' lang='lat' dir='ltr'>quam</span> <span class='ocrx_word' id='word_1_184' title='bbox 696 2235 827 2299; x_wconf 90' lang='lat' dir='ltr'>omnino</span> <span class='ocrx_word' id='word_1_185' title='bbox 849 2234 973 2300; x_wconf 86' lang='lat' dir='ltr'>liberati</span> <span class='ocrx_word' id='word_1_186' title='bbox 994 2247 1108 2299; x_wconf 85' lang='lat' dir='ltr'>essent</span> <span class='ocrx_word' id='word_1_187' title='bbox 1153 2233 1267 2322; x_wconf 70' lang='lat' dir='ltr'>Igitur</span> <span class='ocrx_word' id='word_1_188' title='bbox 1286 2252 1370 2322; x_wconf 86' lang='lat' dir='ltr'>quun</span> <span class='ocrx_word' id='word_1_189' title='bbox 1412 2286 1413 2291; x_wconf 64' lang='grc'>,</span> 
     </span>
     <span class='ocr_line' id='line_1_26' title="bbox 330 2320 1369 2409; baseline 0.008 -24"><span class='ocrx_word' id='word_1_190' title='bbox 330 2320 388 2385; x_wconf 87' lang='lat' dir='ltr'>diu</span> <span class='ocrx_word' id='word_1_191' title='bbox 409 2320 610 2408; x_wconf 88' lang='lat' dir='ltr'>multumque</span> <span class='ocrx_word' id='word_1_192' title='bbox 631 2321 835 2409; x_wconf 77' lang='lat' dir='ltr'>precantibus</span> <span class='ocrx_word' id='word_1_193' title='bbox 857 2320 986 2386; x_wconf 88' lang='lat' dir='ltr'>tandem</span> <span class='ocrx_word' id='word_1_194' title='bbox 1008 2333 1137 2386; x_wconf 86' lang='lat' dir='ltr'>senatus</span> <span class='ocrx_word' id='word_1_195' title='bbox 1159 2321 1260 2386; x_wconf 89' lang='lat' dir='ltr'>datus</span> <span class='ocrx_word' id='word_1_196' title='bbox 1282 2331 1369 2392; x_wconf 68' lang='lat' dir='ltr'>emet?</span> 
     </span>
     <span class='ocr_line' id='line_1_27' title="bbox 329 2406 1370 2508; baseline -0.003 -36"><span class='ocrx_word' id='word_1_197' title='bbox 329 2408 504 2474; x_wconf 86' lang='lat' dir='ltr'>introducti</span> <span class='ocrx_word' id='word_1_198' title='bbox 525 2432 545 2473; x_wconf 89' lang='lat' dir='ltr'>a</span> <span class='ocrx_word' id='word_1_199' title='bbox 564 2408 704 2485; x_wconf 89' lang='lat' dir='ltr'>consule,</span> <span class='ocrx_word' id='word_1_200' title='bbox 719 2408 822 2508; x_wconf 91' lang='lat' dir='ltr'>primo</span> <span class='ocrx_word' id='word_1_201' title='bbox 836 2408 998 2494; x_wconf 82' lang='lat' dir='ltr'>prostratis</span> <span class='ocrx_word' id='word_1_202' title='bbox 1016 2408 1107 2473; x_wconf 91' lang='lat' dir='ltr'>humi</span> <span class='ocrx_word' id='word_1_203' title='bbox 1122 2410 1314 2496; x_wconf 84' lang='lat' dir='ltr'>corporibus</span> <span class='ocrx_word' id='word_1_204' title='bbox 1326 2406 1370 2469; x_wconf 92' lang='lat' dir='ltr'>diu</span> 
     </span>
     <span class='ocr_line' id='line_1_28' title="bbox 328 2493 1367 2580; baseline -0.001 -22"><span class='ocrx_word' id='word_1_205' title='bbox 328 2494 442 2561; x_wconf 86' lang='lat' dir='ltr'>flentes</span> <span class='ocrx_word' id='word_1_206' title='bbox 466 2496 649 2561; x_wconf 87' lang='lat' dir='ltr'>iacuerunt:</span> <span class='ocrx_word' id='word_1_207' title='bbox 680 2493 807 2572; x_wconf 90' lang='lat' dir='ltr'>demde,</span> <span class='ocrx_word' id='word_1_208' title='bbox 832 2515 932 2580; x_wconf 90' lang='lat' dir='ltr'>quum</span> <span class='ocrx_word' id='word_1_209' title='bbox 956 2494 1110 2561; x_wconf 87' lang='lat' dir='ltr'>excitatos</span> <span class='ocrx_word' id='word_1_210' title='bbox 1135 2494 1252 2560; x_wconf 88' lang='lat' dir='ltr'>consul</span> <span class='ocrx_word' id='word_1_211' title='bbox 1276 2494 1367 2559; x_wconf 84' lang='lat' dir='ltr'>dicere</span> 
     </span>
     <span class='ocr_line' id='line_1_29' title="bbox 329 2580 1367 2671; baseline 0 -27"><span class='ocrx_word' id='word_1_212' title='bbox 329 2580 479 2659; x_wconf 84' lang='lat' dir='ltr'>iussisset,</span> <span class='ocrx_word' id='word_1_213' title='bbox 495 2581 696 2671; x_wconf 84' lang='lat' dir='ltr'>Astymedes,</span> <span class='ocrx_word' id='word_1_214' title='bbox 737 2602 809 2645; x_wconf 85' lang='lat' dir='ltr'>uam</span> <span class='ocrx_word' id='word_1_215' title='bbox 825 2581 963 2645; x_wconf 83' lang='lat' dir='ltr'>maxime</span> <span class='ocrx_word' id='word_1_216' title='bbox 977 2582 1152 2669; x_wconf 88' lang='lat' dir='ltr'>composito</span> <span class='ocrx_word' id='word_1_217' title='bbox 1173 2582 1218 2647; x_wconf 85' lang='lat' dir='ltr'>ad</span> <span class='ocrx_word' id='word_1_218' title='bbox 1239 2600 1367 2647; x_wconf 82' lang='lat' dir='ltr'>commo</span> 
     </span>
     <span class='ocr_line' id='line_1_30' title="bbox 330 2656 1413 2744; baseline -0.002 -14"><span class='ocrx_word' id='word_1_219' title='bbox 330 2667 467 2731; x_wconf 80' lang='lat' dir='ltr'>rendam</span> <span class='ocrx_word' id='word_1_220' title='bbox 481 2668 716 2732; x_wconf 86' lang='lat' dir='ltr'>miserationem</span> <span class='ocrx_word' id='word_1_221' title='bbox 754 2666 851 2744; x_wconf 87' lang='lat' dir='ltr'>abitu,</span> <span class='ocrx_word' id='word_1_222' title='bbox 866 2667 901 2730; x_wconf 88' lang='lat' dir='ltr'>in</span> <span class='ocrx_word' id='word_1_223' title='bbox 915 2667 1002 2733; x_wconf 91' lang='lat' dir='ltr'>hunc</span> <span class='ocrx_word' id='word_1_224' title='bbox 1016 2666 1147 2732; x_wconf 90' lang='lat' dir='ltr'>modum</span> <span class='ocrx_word' id='word_1_225' title='bbox 1161 2668 1264 2733; x_wconf 82' lang='lat' dir='ltr'>rerba</span> <span class='ocrx_word' id='word_1_226' title='bbox 1277 2665 1352 2732; x_wconf 84' lang='lat' dir='ltr'>feeit</span> <span class='ocrx_word' id='word_1_227' title='bbox 1411 2656 1413 2694; x_wconf 61' lang='lat'>¹¹</span> 
     </span>
     <span class='ocr_line' id='line_1_31' title="bbox 221 2751 1368 2840; baseline 0 -25"><span class='ocrx_word' id='word_1_228' title='bbox 221 2754 273 2815; x_wconf 81' lang='lat'>22.</span> <span class='ocrx_word' id='word_1_229' title='bbox 375 2751 460 2817; x_wconf 92' lang='lat' dir='ltr'>‘Hic</span> <span class='ocrx_word' id='word_1_230' title='bbox 482 2751 586 2818; x_wconf 87' lang='lat' dir='ltr'>luctus</span> <span class='ocrx_word' id='word_1_231' title='bbox 607 2766 640 2817; x_wconf 91' lang='lat' dir='ltr'>et</span> <span class='ocrx_word' id='word_1_232' title='bbox 661 2752 788 2840; x_wconf 87' lang='lat' dir='ltr'>squalor</span> <span class='ocrx_word' id='word_1_233' title='bbox 808 2752 915 2840; x_wconf 86' lang='lat' dir='ltr'>paullo</span> <span class='ocrx_word' id='word_1_234' title='bbox 937 2766 1011 2819; x_wconf 88' lang='lat' dir='ltr'>ante</span> <span class='ocrx_word' id='word_1_235' title='bbox 1034 2754 1217 2819; x_wconf 82' lang='lat' dir='ltr'>florentium</span> <span class='ocrx_word' id='word_1_236' title='bbox 1240 2751 1368 2819; x_wconf 81' lang='lat' dir='ltr'>amicitis</span> 
     </span>
     <span class='ocr_line' id='line_1_32' title="bbox 173 2838 1364 2927; baseline 0.001 -25"><span class='ocrx_word' id='word_1_237' title='bbox 173 2838 259 2913; x_wconf 62' lang='lat'>0¹⁸5?</span> <span class='ocrx_word' id='word_1_238' title='bbox 331 2845 453 2903; x_wconf 83' lang='lat' dir='ltr'>‘vestra</span> <span class='ocrx_word' id='word_1_239' title='bbox 474 2839 642 2915; x_wconf 87' lang='lat' dir='ltr'>sociorum,</span> <span class='ocrx_word' id='word_1_240' title='bbox 663 2839 776 2905; x_wconf 89' lang='lat' dir='ltr'>Patres</span> <span class='ocrx_word' id='word_1_241' title='bbox 800 2840 980 2927; x_wconf 89' lang='lat' dir='ltr'>conscripti,</span> <span class='ocrx_word' id='word_1_242' title='bbox 1001 2862 1067 2905; x_wconf 90' lang='lat' dir='ltr'>non</span> <span class='ocrx_word' id='word_1_243' title='bbox 1091 2852 1196 2927; x_wconf 89' lang='lat' dir='ltr'>potest</span> <span class='ocrx_word' id='word_1_244' title='bbox 1221 2864 1292 2906; x_wconf 89' lang='lat' dir='ltr'>non</span> <span class='ocrx_word' id='word_1_245' title='bbox 1311 2858 1364 2903; x_wconf 71' lang='lat' dir='ltr'>est</span> 
     </span>
     <span class='ocr_line' id='line_1_33' title="bbox 172 2902 1367 3016; baseline -0.001 -27"><span class='ocrx_word' id='word_1_246' title='bbox 172 2902 310 3016; x_wconf 41' lang='lat'>{2⁰22</span> <span class='ocrx_word' id='word_1_247' title='bbox 332 2932 343 2964; x_wconf 87' lang='lat'>‘</span> <span class='ocrx_word' id='word_1_248' title='bbox 350 2924 446 2989; x_wconf 87' lang='lat' dir='ltr'>etiam</span> <span class='ocrx_word' id='word_1_249' title='bbox 461 2924 548 2990; x_wconf 88' lang='lat' dir='ltr'>iratis</span> <span class='ocrx_word' id='word_1_250' title='bbox 561 2924 755 2990; x_wconf 86' lang='lat' dir='ltr'>miserabilis.</span> <span class='ocrx_word' id='word_1_251' title='bbox 802 2926 849 2991; x_wconf 86' lang='lat' dir='ltr'>At</span> <span class='ocrx_word' id='word_1_252' title='bbox 862 2940 983 3013; x_wconf 84' lang='lat' dir='ltr'>quanto</span> <span class='ocrx_word' id='word_1_253' title='bbox 997 2927 1110 2991; x_wconf 88' lang='lat' dir='ltr'>iustior</span> <span class='ocrx_word' id='word_1_254' title='bbox 1122 2939 1241 2992; x_wconf 86' lang='lat' dir='ltr'>vestras</span> <span class='ocrx_word' id='word_1_255' title='bbox 1257 2939 1367 2991; x_wconf 84' lang='lat' dir='ltr'>mentes</span> 
     </span>
     <span class='ocr_line' id='line_1_34' title="bbox 172 3010 1413 3090; baseline -0.002 -13"><span class='ocrx_word' id='word_1_256' title='bbox 172 3036 241 3081; x_wconf 72' lang='lat' dir='ltr'>nuo.</span> <span class='ocrx_word' id='word_1_257' title='bbox 330 3011 469 3077; x_wconf 87' lang='lat' dir='ltr'>‘subibit</span> <span class='ocrx_word' id='word_1_258' title='bbox 482 3011 651 3088; x_wconf 88' lang='lat' dir='ltr'>miseratio,</span> <span class='ocrx_word' id='word_1_259' title='bbox 666 3012 693 3076; x_wconf 91' lang='lat' dir='ltr'>si</span> <span class='ocrx_word' id='word_1_260' title='bbox 707 3034 746 3077; x_wconf 90' lang='lat' dir='ltr'>co</span> <span class='ocrx_word' id='word_1_261' title='bbox 769 3012 845 3077; x_wconf 83' lang='lat' dir='ltr'>&#39;tere</span> <span class='ocrx_word' id='word_1_262' title='bbox 860 3012 1032 3090; x_wconf 87' lang='lat' dir='ltr'>volueritis,</span> <span class='ocrx_word' id='word_1_263' title='bbox 1070 3035 1144 3079; x_wconf 89' lang='lat' dir='ltr'>uam</span> <span class='ocrx_word' id='word_1_264' title='bbox 1163 3012 1244 3078; x_wconf 85' lang='lat' dir='ltr'>dura</span> <span class='ocrx_word' id='word_1_265' title='bbox 1269 3010 1365 3079; x_wconf 88' lang='lat' dir='ltr'>eondi-</span> <span class='ocrx_word' id='word_1_266' title='bbox 1412 3040 1413 3047; x_wconf 34' lang='grc' dir='ltr'>ι</span> 
     </span>
     <span class='ocr_line' id='line_1_35' title="bbox 330 3096 1365 3193; baseline -0.003 -30"><span class='ocrx_word' id='word_1_267' title='bbox 330 3098 436 3163; x_wconf 84' lang='lat' dir='ltr'>‘tione</span> <span class='ocrx_word' id='word_1_268' title='bbox 458 3120 584 3162; x_wconf 88' lang='lat' dir='ltr'>causam</span> <span class='ocrx_word' id='word_1_269' title='bbox 607 3097 659 3162; x_wconf 88' lang='lat' dir='ltr'>hic</span> <span class='ocrx_word' id='word_1_270' title='bbox 681 3120 744 3193; x_wconf 84' lang='lat' dir='ltr'>epu</span> <span class='ocrx_word' id='word_1_271' title='bbox 781 3120 837 3163; x_wconf 84' lang='lat' dir='ltr'>vos</span> <span class='ocrx_word' id='word_1_272' title='bbox 858 3120 957 3186; x_wconf 92' lang='lat' dir='ltr'>prope</span> <span class='ocrx_word' id='word_1_273' title='bbox 979 3099 1043 3163; x_wconf 89' lang='lat' dir='ltr'>iam</span> <span class='ocrx_word' id='word_1_274' title='bbox 1099 3111 1226 3164; x_wconf 71' lang='lat' dir='ltr'>mname</span> <span class='ocrx_word' id='word_1_275' title='bbox 1241 3096 1365 3165; x_wconf 81' lang='lat' dir='ltr'>civitatis</span> 
     </span>
     <span class='ocr_line' id='line_1_36' title="bbox 331 3182 1366 3273; baseline -0.002 -24"><span class='ocrx_word' id='word_1_276' title='bbox 331 3185 504 3272; x_wconf 75' lang='lat' dir='ltr'>‘agamusl</span> <span class='ocrx_word' id='word_1_277' title='bbox 550 3182 661 3249; x_wconf 86' lang='lat' dir='ltr'>Ceteri</span> <span class='ocrx_word' id='word_1_278' title='bbox 686 3184 731 3255; x_wconf 88' lang='lat' dir='ltr'>rei</span> <span class='ocrx_word' id='word_1_279' title='bbox 757 3184 849 3261; x_wconf 86' lang='lat' dir='ltr'>fiunt,</span> <span class='ocrx_word' id='word_1_280' title='bbox 876 3199 1047 3273; x_wconf 87' lang='lat' dir='ltr'>antequam</span> <span class='ocrx_word' id='word_1_281' title='bbox 1069 3186 1286 3251; x_wconf 86' lang='lat' dir='ltr'>damnentur:</span> <span class='ocrx_word' id='word_1_282' title='bbox 1318 3204 1366 3249; x_wconf 84' lang='lat' dir='ltr'>nec</span> 
     </span>
     <span class='ocr_line' id='line_1_37' title="bbox 330 3269 1363 3361; baseline 0.002 -25"><span class='ocrx_word' id='word_1_283' title='bbox 330 3280 341 3312; x_wconf 87' lang='lat'>‘</span> <span class='ocrx_word' id='word_1_284' title='bbox 348 3272 436 3359; x_wconf 90' lang='lat' dir='ltr'>prius</span> <span class='ocrx_word' id='word_1_285' title='bbox 450 3269 544 3336; x_wconf 90' lang='lat' dir='ltr'>luunt</span> <span class='ocrx_word' id='word_1_286' title='bbox 557 3269 721 3357; x_wconf 88' lang='lat' dir='ltr'>supplicia,</span> <span class='ocrx_word' id='word_1_287' title='bbox 733 3292 829 3357; x_wconf 87' lang='lat' dir='ltr'>quam</span> <span class='ocrx_word' id='word_1_288' title='bbox 844 3270 885 3335; x_wconf 92' lang='lat' dir='ltr'>de</span> <span class='ocrx_word' id='word_1_289' title='bbox 901 3272 994 3359; x_wconf 89' lang='lat' dir='ltr'>culpa</span> <span class='ocrx_word' id='word_1_290' title='bbox 1008 3285 1141 3337; x_wconf 77' lang='lat' dir='ltr'>constet.</span> <span class='ocrx_word' id='word_1_291' title='bbox 1176 3272 1317 3361; x_wconf 89' lang='lat' dir='ltr'>Rhodii]</span> <span class='ocrx_word' id='word_1_292' title='bbox 1328 3270 1363 3303; x_wconf 81' lang='lat'>⁸¹</span> 
     </span>
     <span class='ocr_line' id='line_1_38' title="bbox 330 3356 1413 3446; baseline -0.006 -22"><span class='ocrx_word' id='word_1_293' title='bbox 330 3368 341 3399; x_wconf 88' lang='lat'>‘</span> <span class='ocrx_word' id='word_1_294' title='bbox 348 3372 406 3438; x_wconf 89' lang='lat' dir='ltr'>est,</span> <span class='ocrx_word' id='word_1_295' title='bbox 432 3358 717 3446; x_wconf 85' lang='lat' dir='ltr'>peccaverimusne,</span> <span class='ocrx_word' id='word_1_296' title='bbox 744 3356 849 3421; x_wconf 88' lang='lat' dir='ltr'>adhuc</span> <span class='ocrx_word' id='word_1_297' title='bbox 874 3356 1008 3422; x_wconf 91' lang='lat' dir='ltr'>dubium</span> <span class='ocrx_word' id='word_1_298' title='bbox 1034 3372 1099 3423; x_wconf 88' lang='lat' dir='ltr'>est:</span> <span class='ocrx_word' id='word_1_299' title='bbox 1191 3380 1257 3436; x_wconf 88' lang='lat' dir='ltr'>nas,</span> <span class='ocrx_word' id='word_1_300' title='bbox 1288 3361 1379 3445; x_wconf 75' lang='lat' dir='ltr'>igno-3</span> <span class='ocrx_word' id='word_1_301' title='bbox 1412 3428 1413 3439; x_wconf 9' lang='grc' dir='ltr'>χ</span> 
     </span>
     <span class='ocr_line' id='line_1_39' title="bbox 329 3442 1362 3531; baseline -0.004 -21"><span class='ocrx_word' id='word_1_302' title='bbox 329 3446 462 3510; x_wconf 85' lang='lat' dir='ltr'>‘minias</span> <span class='ocrx_word' id='word_1_303' title='bbox 490 3466 601 3510; x_wconf 91' lang='lat' dir='ltr'>omnes</span> <span class='ocrx_word' id='word_1_304' title='bbox 630 3444 693 3507; x_wconf 87' lang='lat' dir='ltr'>iam</span> <span class='ocrx_word' id='word_1_305' title='bbox 720 3442 869 3531; x_wconf 86' lang='lat' dir='ltr'>patimur.</span> <span class='ocrx_word' id='word_1_306' title='bbox 915 3444 1032 3523; x_wconf 88' lang='lat' dir='ltr'>Antea,</span> <span class='ocrx_word' id='word_1_307' title='bbox 1059 3443 1139 3511; x_wconf 87' lang='lat' dir='ltr'>Cart</span> <span class='ocrx_word' id='word_1_308' title='bbox 1202 3445 1362 3511; x_wconf 84' lang='lat' dir='ltr'>&#39;aiensibus</span> 
     </span>
    </p>
   </div>
   <div class='ocr_carea' id='block_1_5' title="bbox 329 3529 1362 3619">
    <p class='ocr_par' dir='ltr' id='par_1_6' title="bbox 329 3529 1362 3619">
     <span class='ocr_line' id='line_1_40' title="bbox 329 3529 1362 3619; baseline -0.005 -22"><span class='ocrx_word' id='word_1_309' title='bbox 329 3541 340 3578; x_wconf 84' lang='lat'>‘</span> <span class='ocrx_word' id='word_1_310' title='bbox 348 3533 448 3611; x_wconf 88' lang='lat' dir='ltr'>victis,</span> <span class='ocrx_word' id='word_1_311' title='bbox 463 3531 623 3619; x_wconf 90' lang='lat' dir='ltr'>Philippo,</span> <span class='ocrx_word' id='word_1_312' title='bbox 639 3529 804 3595; x_wconf 82' lang='lat' dir='ltr'>Antiocho</span> <span class='ocrx_word' id='word_1_313' title='bbox 819 3534 983 3617; x_wconf 88' lang='lat' dir='ltr'>superatis,</span> <span class='ocrx_word' id='word_1_314' title='bbox 997 3554 1097 3619; x_wconf 92' lang='lat' dir='ltr'>quum</span> <span class='ocrx_word' id='word_1_315' title='bbox 1119 3532 1257 3597; x_wconf 84' lang='lat' dir='ltr'>Romam</span> <span class='ocrx_word' id='word_1_316' title='bbox 1271 3530 1362 3597; x_wconf 82' lang='lat' dir='ltr'>renis·</span> 
     </span>
    </p>
   </div>
   <div class='ocr_carea' id='block_1_6' title="bbox 325 3681 1413 4319">
    <p class='ocr_par' dir='ltr' id='par_1_7' title="bbox 325 3681 1413 4319">
     <span class='ocr_line' id='line_1_41' title="bbox 359 3681 1360 3749; baseline -0.002 -16"><span class='ocrx_word' id='word_1_317' title='bbox 359 3700 375 3749; x_wconf 85' lang='lat'>9</span> <span class='ocrx_word' id='word_1_318' title='bbox 399 3688 443 3733; x_wconf 70' lang='lat' dir='ltr'>Ea</span> <span class='ocrx_word' id='word_1_319' title='bbox 468 3683 590 3747; x_wconf 65' lang='lat' dir='ltr'>nmmos]</span> <span class='ocrx_word' id='word_1_320' title='bbox 626 3684 668 3733; x_wconf 88' lang='lat' dir='ltr'>lta</span> <span class='ocrx_word' id='word_1_321' title='bbox 693 3681 835 3732; x_wconf 80' lang='lat' dir='ltr'>Gronovius</span> <span class='ocrx_word' id='word_1_322' title='bbox 867 3683 931 3733; x_wconf 80' lang='lat' dir='ltr'>Cato</span> <span class='ocrx_word' id='word_1_323' title='bbox 950 3698 995 3747; x_wconf 87' lang='lat' dir='ltr'>pro</span> <span class='ocrx_word' id='word_1_324' title='bbox 1012 3684 1127 3744; x_wconf 79' lang='lat' dir='ltr'>Rhodiis,</span> <span class='ocrx_word' id='word_1_325' title='bbox 1144 3690 1243 3735; x_wconf 82' lang='lat' dir='ltr'>exstant</span> <span class='ocrx_word' id='word_1_326' title='bbox 1261 3685 1360 3749; x_wconf 82' lang='lat' dir='ltr'>apudl.</span> 
     </span>
     <span class='ocr_line' id='line_1_42' title="bbox 327 3747 1361 3811; baseline 0.001 -15"><span class='ocrx_word' id='word_1_327' title='bbox 327 3762 373 3811; x_wconf 90' lang='lat' dir='ltr'>pro</span> <span class='ocrx_word' id='word_1_328' title='bbox 384 3748 448 3808; x_wconf 74' lang='lat' dir='ltr'>vulg.</span> <span class='ocrx_word' id='word_1_329' title='bbox 459 3750 560 3797; x_wconf 65' lang='lat' dir='ltr'>salone.</span> <span class='ocrx_word' id='word_1_330' title='bbox 868 3747 935 3797; x_wconf 85' lang='lat' dir='ltr'>Gell.</span> <span class='ocrx_word' id='word_1_331' title='bbox 948 3748 987 3798; x_wconf 83' lang='lat' dir='ltr'>vii.</span> <span class='ocrx_word' id='word_1_332' title='bbox 1000 3762 1023 3811; x_wconf 77' lang='lat'>3.</span> <span class='ocrx_word' id='word_1_333' title='bbox 1048 3748 1201 3799; x_wconf 85' lang='lat' dir='ltr'>Catonianae</span> <span class='ocrx_word' id='word_1_334' title='bbox 1219 3755 1305 3799; x_wconf 86' lang='lat' dir='ltr'>autem</span> <span class='ocrx_word' id='word_1_335' title='bbox 1322 3764 1361 3797; x_wconf 82' lang='lat' dir='ltr'>ou·</span> 
     </span>
     <span class='ocr_line' id='line_1_43' title="bbox 362 3810 1413 3875; baseline -0.002 -14"><span class='ocrx_word' id='word_1_336' title='bbox 362 3813 459 3861; x_wconf 64' lang='lat' dir='ltr'>rante</span> <span class='ocrx_word' id='word_1_337' title='bbox 473 3817 568 3873; x_wconf 73' lang='lat' dir='ltr'>tempus</span> <span class='ocrx_word' id='word_1_338' title='bbox 582 3811 764 3871; x_wconf 66' lang='lat' dir='ltr'>inoratam]</span> <span class='ocrx_word' id='word_1_339' title='bbox 784 3810 835 3859; x_wconf 79' lang='lat' dir='ltr'>llx-</span> <span class='ocrx_word' id='word_1_340' title='bbox 866 3810 940 3860; x_wconf 84' lang='lat' dir='ltr'>tionis</span> <span class='ocrx_word' id='word_1_341' title='bbox 967 3818 1023 3875; x_wconf 82' lang='lat' dir='ltr'>post</span> <span class='ocrx_word' id='word_1_342' title='bbox 1047 3812 1121 3862; x_wconf 84' lang='lat' dir='ltr'>etiam</span> <span class='ocrx_word' id='word_1_343' title='bbox 1147 3813 1261 3863; x_wconf 88' lang='lat' dir='ltr'>meminit</span> <span class='ocrx_word' id='word_1_344' title='bbox 1283 3814 1358 3865; x_wconf 79' lang='lat' dir='ltr'>Lirim</span> <span class='ocrx_word' id='word_1_345' title='bbox 1412 3854 1413 3859; x_wconf 75' lang='grc'>,</span> 
     </span>
     <span class='ocr_line' id='line_1_44' title="bbox 327 3874 1413 3937; baseline -0.001 -12"><span class='ocrx_word' id='word_1_346' title='bbox 327 3877 439 3925; x_wconf 85' lang='lat' dir='ltr'>ciderunt</span> <span class='ocrx_word' id='word_1_347' title='bbox 458 3888 546 3937; x_wconf 86' lang='lat' dir='ltr'>pauca,</span> <span class='ocrx_word' id='word_1_348' title='bbox 563 3889 626 3935; x_wconf 84' lang='lat' dir='ltr'>quae</span> <span class='ocrx_word' id='word_1_349' title='bbox 644 3876 677 3924; x_wconf 87' lang='lat' dir='ltr'>ad</span> <span class='ocrx_word' id='word_1_350' title='bbox 696 3890 748 3924; x_wconf 83' lang='lat' dir='ltr'>rem</span> <span class='ocrx_word' id='word_1_351' title='bbox 766 3875 834 3923; x_wconf 89' lang='lat' dir='ltr'>Rho·</span> <span class='ocrx_word' id='word_1_352' title='bbox 867 3874 953 3925; x_wconf 74' lang='lat' dir='ltr'>Sinos.</span> <span class='ocrx_word' id='word_1_353' title='bbox 1412 3878 1413 3883; x_wconf 77' lang='grc'>’</span> 
     </span>
     <span class='ocr_line' id='line_1_45' title="bbox 326 3938 1359 4005; baseline -0.001 -17"><span class='ocrx_word' id='word_1_354' title='bbox 326 3940 431 4000; x_wconf 85' lang='lat' dir='ltr'>diorum,</span> <span class='ocrx_word' id='word_1_355' title='bbox 447 3938 583 4000; x_wconf 87' lang='lat' dir='ltr'>dequibus</span> <span class='ocrx_word' id='word_1_356' title='bbox 599 3938 834 4001; x_wconf 86' lang='lat' dir='ltr'>loquitur‚pertina·</span> <span class='ocrx_word' id='word_1_357' title='bbox 900 3942 1056 3991; x_wconf 65' lang='lat' dir='ltr'>cantantes</span> <span class='ocrx_word' id='word_1_358' title='bbox 1076 3942 1204 4003; x_wconf 79' lang='lat' dir='ltr'>trlbtmur]</span> <span class='ocrx_word' id='word_1_359' title='bbox 1231 3942 1263 3993; x_wconf 75' lang='lat' dir='ltr'>ef.</span> <span class='ocrx_word' id='word_1_360' title='bbox 1288 3942 1359 4005; x_wconf 68' lang='lat' dir='ltr'>Pom</span> 
     </span>
     <span class='ocr_line' id='line_1_46' title="bbox 325 4001 962 4065; baseline 0.003 -13"><span class='ocrx_word' id='word_1_361' title='bbox 325 4006 394 4052; x_wconf 76' lang='lat' dir='ltr'>hant</span> <span class='ocrx_word' id='word_1_362' title='bbox 419 4002 574 4053; x_wconf 78' lang='lat' dir='ltr'>Exciderunt</span> <span class='ocrx_word' id='word_1_363' title='bbox 584 4001 658 4049; x_wconf 87' lang='lat' dir='ltr'>etiam</span> <span class='ocrx_word' id='word_1_364' title='bbox 670 4003 751 4063; x_wconf 86' lang='lat' dir='ltr'>prima</span> <span class='ocrx_word' id='word_1_365' title='bbox 762 4004 835 4051; x_wconf 84' lang='lat' dir='ltr'>verbs</span> <span class='ocrx_word' id='word_1_366' title='bbox 867 4018 926 4054; x_wconf 85' lang='lat' dir='ltr'>xxx.</span> <span class='ocrx_word' id='word_1_367' title='bbox 939 4022 962 4065; x_wconf 86' lang='lat'>4.</span> 
     </span>
     <span class='ocr_line' id='line_1_47' title="bbox 325 4066 1358 4133; baseline 0.004 -20"><span class='ocrx_word' id='word_1_368' title='bbox 325 4066 442 4114; x_wconf 85' lang='lat' dir='ltr'>orationis</span> <span class='ocrx_word' id='word_1_369' title='bbox 460 4066 625 4123; x_wconf 83' lang='lat' dir='ltr'>Rhodiorum,</span> <span class='ocrx_word' id='word_1_370' title='bbox 642 4080 716 4125; x_wconf 81' lang='lat' dir='ltr'>quam</span> <span class='ocrx_word' id='word_1_371' title='bbox 740 4080 784 4127; x_wconf 87' lang='lat' dir='ltr'>pro</span> <span class='ocrx_word' id='word_1_372' title='bbox 806 4082 832 4115; x_wconf 85' lang='lat' dir='ltr'>so</span> <span class='ocrx_word' id='word_1_373' title='bbox 899 4080 913 4129; x_wconf 82' lang='grc'>3</span> <span class='ocrx_word' id='word_1_374' title='bbox 936 4069 1168 4133; x_wconf 67' lang='lat' dir='ltr'>Paeonum-imum]</span> <span class='ocrx_word' id='word_1_375' title='bbox 1212 4070 1301 4120; x_wconf 82' lang='lat' dir='ltr'>Exstat</span> <span class='ocrx_word' id='word_1_376' title='bbox 1329 4070 1358 4119; x_wconf 85' lang='lat' dir='ltr'>lie</span> 
     </span>
     <span class='ocr_line' id='line_1_48' title="bbox 325 4127 1357 4198; baseline 0.007 -19"><span class='ocrx_word' id='word_1_377' title='bbox 325 4130 442 4179; x_wconf 86' lang='lat' dir='ltr'>dixerunt</span> <span class='ocrx_word' id='word_1_378' title='bbox 464 4127 491 4176; x_wconf 87' lang='lat' dir='ltr'>in</span> <span class='ocrx_word' id='word_1_379' title='bbox 515 4133 609 4177; x_wconf 74' lang='lat' dir='ltr'>senatu.</span> <span class='ocrx_word' id='word_1_380' title='bbox 643 4128 727 4176; x_wconf 86' lang='lat' dir='ltr'>Huius</span> <span class='ocrx_word' id='word_1_381' title='bbox 748 4134 832 4177; x_wconf 86' lang='lat' dir='ltr'>autem</span> <span class='ocrx_word' id='word_1_382' title='bbox 867 4131 936 4180; x_wconf 90' lang='lat' dir='ltr'>locus</span> <span class='ocrx_word' id='word_1_383' title='bbox 952 4132 1038 4181; x_wconf 88' lang='lat' dir='ltr'>iisdem</span> <span class='ocrx_word' id='word_1_384' title='bbox 1057 4134 1108 4183; x_wconf 79' lang='lat' dir='ltr'>fere</span> <span class='ocrx_word' id='word_1_385' title='bbox 1126 4135 1206 4184; x_wconf 87' lang='lat' dir='ltr'>verbis</span> <span class='ocrx_word' id='word_1_386' title='bbox 1224 4135 1250 4185; x_wconf 89' lang='lat' dir='ltr'>in</span> <span class='ocrx_word' id='word_1_387' title='bbox 1271 4136 1357 4198; x_wconf 73' lang='lat' dir='ltr'>Dionys</span> 
     </span>
     <span class='ocr_line' id='line_1_49' title="bbox 325 4191 1116 4261; baseline 0.008 -19"><span class='ocrx_word' id='word_1_388' title='bbox 325 4191 441 4242; x_wconf 86' lang='lat' dir='ltr'>orationis</span> <span class='ocrx_word' id='word_1_389' title='bbox 459 4191 541 4252; x_wconf 79' lang='lat' dir='ltr'>capita</span> <span class='ocrx_word' id='word_1_390' title='bbox 560 4205 686 4238; x_wconf 88' lang='lat' dir='ltr'>unacum</span> <span class='ocrx_word' id='word_1_391' title='bbox 706 4192 834 4241; x_wconf 77' lang='lat' dir='ltr'>sentemiis</span> <span class='ocrx_word' id='word_1_392' title='bbox 868 4194 931 4245; x_wconf 74' lang='lat' dir='ltr'>Ero,</span> <span class='ocrx_word' id='word_1_393' title='bbox 945 4197 1002 4247; x_wconf 85' lang='lat' dir='ltr'>Vnt.</span> <span class='ocrx_word' id='word_1_394' title='bbox 1014 4197 1082 4246; x_wconf 84' lang='lat' dir='ltr'>xxxi.</span> <span class='ocrx_word' id='word_1_395' title='bbox 1094 4216 1116 4261; x_wconf 81' lang='grc'>4.</span> 
     </span>
     <span class='ocr_line' id='line_1_50' title="bbox 325 4253 833 4319; baseline -0.006 -14"><span class='ocrx_word' id='word_1_396' title='bbox 325 4256 470 4319; x_wconf 85' lang='lat' dir='ltr'>quibusdam</span> <span class='ocrx_word' id='word_1_397' title='bbox 487 4253 602 4300; x_wconf 83' lang='lat' dir='ltr'>orationis</span> <span class='ocrx_word' id='word_1_398' title='bbox 616 4253 668 4301; x_wconf 87' lang='lat' dir='ltr'>eius</span> <span class='ocrx_word' id='word_1_399' title='bbox 682 4268 756 4314; x_wconf 87' lang='lat' dir='ltr'>quam</span> <span class='ocrx_word' id='word_1_400' title='bbox 772 4254 833 4303; x_wconf 88' lang='lat' dir='ltr'>dixit</span> 
     </span>
    </p>
   </div>
   <div class='ocr_carea' id='block_1_7' title="bbox 0 0 1472 4800">
    <p class='ocr_par' dir='ltr' id='par_1_8' title="bbox 0 0 1472 4800">
     <span class='ocr_line' id='line_1_51' title="bbox 0 0 1472 4800; baseline 0 0"><span class='ocrx_word' id='word_1_401' title='bbox 0 0 1472 4800; x_wconf 95' lang='lat' dir='ltr'> </span> 
     </span>
    </p>
   </div>
  </div>
 </body>
</html>
