2934 4800
356 217 452 286 LIB.
476 217 605 284 XLIII.
638 217 750 286 CAP.
775 225 827 286 23.
1050 227 1109 287 121

18 357 205 435 Perseus,
216 357 258 422 ab
270 355 512 421 imminentibus
525 356 680 443 superiori
694 357 776 444 parti
792 356 879 422 urbis
895 355 1026 422 tumulis
1041 369 1113 422 ten·
1122 371 1157 424 U.
1169 372 1200 423 c.
1216 373 1247 436 58
1266 410 1273 422 .

18 445 127 508 tatis
149 442 332 544 colloquiis,
353 463 455 530 quum
476 442 651 507 obstinatos
672 455 768 529 atque
791 443 889 508 etiam
911 443 982 508 telis
1001 443 1114 531 procul
1122 437 1153 486 l.
1170 438 1200 488 ⁰·
1221 451 1231 486 ¹
1267 475 1275 488 ·

18 543 203 595 amentes
226 529 360 605 videret,
386 529 531 616 quinque
557 527 657 593 millia
678 550 828 616 passuum
854 529 894 594 sb
917 530 997 595 urbe
1027 543 1114 596 trans

18 616 237 681 Petitarum
265 637 392 680 amnem
480 615 528 680 uit
555 627 666 680 castra
711 614 763 680 Ibi
787 615 919 681 consilio
949 615 1276 694 advocatonefflum

19 725 158 852 qimai
184 700 400 767 Archidamus
421 637 691 789 hopibourumque
719 701 899 802 transfugae
925 702 1113 781 retinerent,
1124 697 1235 746 Perseus

20 826 50 852 n
88 788 278 854 acedonum
290 788 392 874 princi
460 809 527 852 non
538 787 747 874 pugnandum
757 810 831 853 cum
842 787 958 854 infesto
971 807 1114 876 ternpore

23 875 133 940 anui
153 886 335 950 censerent,
349 809 450 938 nullis}³
465 873 658 961 praeparatis
671 874 918 952 commeatibus3
943 898 1044 962 quum
1064 876 1116 939 in-

23 963 165 1048 opiam
174 961 264 1048 prius
272 958 463 1037 obsidentes,
473 982 569 1046 quam
578 960 706 1037 obsessi,
716 960 838 1025 sensuri
848 973 964 1039 essent,
976 962 1114 1026 maxime

27 1047 147 1136 quod
162 1047 306 1111 hostium
325 1045 412 1110 haud
432 1045 544 1132 procul
563 1045 640 1110 inde
654 1045 789 1112 hiberus
802 1059 913 1124 erant;
938 1047 1066 1113 territus
1080 1048 1116 1112 in

28 1133 272 1221 Aperantiam
291 1144 393 1198 castra
412 1132 520 1196 morit
567 1133 724 1220 Aperanti
746 1155 831 1212 eum,
847 1147 978 1222 propter
998 1133 1117 1198 Archi-

29 1219 144 1284 dami
167 1239 319 1306 magnam
340 1218 376 1282 in
395 1241 434 1283 ea
451 1231 548 1305 gente
566 1218 702 1318 gratiam
724 1220 1021 1307 auctoritatemque,
1039 1241 1117 1286 con-

31 1327 156 1371 sensu
170 1305 316 1370 omnium
330 1317 542 1392 acceperuut:
565 1327 592 1368 rs
605 1305 674 1392 ipse
689 1329 764 1370 cum
784 1305 1041 1393 octingentorum
1056 1305 1116 1370 mi·

19 1393 153 1461 ,litum
173 1390 335 1479 praesidio
348 1391 398 1454 his
412 1405 461 1455 est
470 1391 680 1541 praepositus.
727 1391 801 1456 R‘ex
816 1414 891 1456 cum
911 1413 978 1455 non
993 1392 1116 1456 minore
1217 1427 1226 1446 ·

34 1479 231 1544 vexatione
241 1477 457 1542 iumentorum
494 1499 712 1564 ommumque,
725 1499 822 1564 quam
837 1488 978 1552 venerat,
991 1477 1026 1541 in
1042 1475 1117 1541 Ma-

37 1564 231 1630 cedoniam
252 1562 357 1628 rediit
404 1563 550 1651 Appium
571 1576 680 1628 tamen
701 1563 742 1627 ab
765 1563 929 1628 obsidione
958 1561 1118 1628 Phanotes

39 1652 145 1715 famo
159 1649 309 1715 ducentia
325 1648 367 1714 sd
389 1648 530 1714 Stratum
549 1648 658 1714 Persei
674 1649 853 1715 summovit
901 1649 1027 1727 Oleros,
1043 1671 1117 1715 cum

43 1737 224 1824 praesidio
252 1735 459 1823 impigrorum
489 1735 642 1800 iuvenum
671 1736 843 1814 insecutus,
870 1737 930 1800 sub
958 1735 1118 1801 radicibus

43 1845 163 1910 prope
178 1821 273 1886 inviis
293 1822 451 1886 montium
466 1821 509 1885 sd
527 1821 614 1886 mille
633 1820 800 1887 hominum
816 1845 857 1888 ex
872 1822 999 1910 agmine
1015 1823 1118 1910 impe-

44 1911 131 1974 dito
141 1908 271 1985 occidit,
281 1907 323 1972 sd
333 1908 489 1974 ducentos
499 1907 594 1994 cepit.
639 1906 777 1995 Appius,
789 1909 944 2010 superatis
953 1910 1116 1996 augustiis,

18 1992 521 2158 ,instituti-thil:
528 1995 1119 2169 midilioeffiiiimqpluiili

48 2165 1118 2354 itmttluhltlttttttllttttletuitii

51 2363 137 2408 cum
153 2339 285 2407 cohorte
303 2362 361 2406 sus
379 2340 414 2404 in
428 2339 552 2405 insrdns
566 2338 636 2405 loco
653 2340 787 2407 obscuro
807 2337 961 2406 consedit
1006 2338 1047 2404 In
1062 2362 1119 2427 pu-

53 2429 146 2493 latos
170 2426 374 2515 populatores
398 2448 498 2514 quum
523 2426 700 2513 erupissent
722 2428 763 2492 sb
786 2426 972 2514 Antigones
993 2427 1116 2504 armati,

52 2515 225 2602 fugientes
243 2536 299 2579 eos
316 2524 544 2614 persequentes
564 2513 694 2578 effusius
713 2514 749 2578 iu
770 2512 885 2578 vallem
905 2513 1056 2577 insessam
1078 2513 1118 2577 ab

53 2602 211 2666 hostibus
227 2601 444 2687 praecipitant
490 2597 540 2668 Ibi
561 2600 603 2665 ed
622 2598 710 2664 mille
728 2599 850 2675 occisis,
871 2610 1002 2664 centurn
1020 2597 1119 2663 ferme

55 2688 177 2775 captis,
191 2686 312 2774 ubique
325 2708 475 2774 prospere
489 2699 579 2787 gesta
592 2707 638 2764 re,
653 2708 753 2773 prope
774 2683 889 2749 stativs
903 2683 1004 2772 Appii
1018 2698 1121 2749 casua

55 2785 206 2852 movent,
220 2795 262 2838 ne
282 2795 348 2873 qus
365 2773 412 2838 vis
426 2772 518 2838 sociis
537 2772 602 2836 suis
621 2771 662 2837 ab
683 2771 832 2837 Romano
851 2770 996 2837 exercitu
1010 2771 1120 2836 inferri

56 2859 173 2949 possit
219 2860 252 2923 A
275 2881 357 2946 prus,
379 2860 594 2946 nequicquam
620 2858 655 2921 in
680 2857 731 2923 his
752 2858 830 2923 locis
855 2869 961 2925 terens
983 2872 1119 2946 tempus,

57 2946 205 3012 dimissis
221 2943 249 3011 C
313 2967 466 3046 numque,
481 2956 515 3009 et
534 2945 562 3009 si
576 2944 633 3031 qui
647 2943 702 3009 alii
717 2943 869 3032 Epirotae
884 2955 986 3023 erant,
1001 2945 1120 3033 praesi-

58 3034 137 3110 diis,
153 3054 229 3096 cum
242 3029 362 3096 Italicis
376 3031 529 3096 militibus
544 3031 579 3095 in
599 3029 764 3118 Illyricum
784 3053 953 3118 regressus,
969 3053 1027 3119 per
1042 3028 1120 3095 Par-

60 3120 230 3185 thinorum
254 3118 354 3182 socias
376 3118 469 3183 urbes
491 3117 525 3181 in
550 3116 683 3181 hiberna
705 3117 859 3183 militibus
881 3117 1029 3196 dimissis,
1052 3116 1120 3203 ipse

62 3206 207 3271 Romam
235 3203 380 3268 sacrificii
409 3226 504 3269 causo
526 3203 630 3268 rediit
676 3203 812 3269 Perseus
838 3226 880 3269 ex
910 3204 1121 3269 Penestarum

105 3305 163 3355 nte
189 3290 276 3354 mille
295 3288 433 3390 pedites,
457 3289 614 3354 ducentos
636 3290 763 3377 equites
784 3303 958 3367 revocatos,
984 3288 1122 3354 Cessan-

61 3316 187 3454 diesm,
202 3377 360 3464 praesidio
380 3388 418 3441 ut
431 3388 547 3453 essent,
562 3376 657 3441 misit
704 3377 760 3441 Ab
777 3376 899 3442 Gentio
917 3375 1029 3441 eudem
1045 3376 1122 3439 affe-

62 3478 175 3530 rentes
195 3462 369 3528 redierunt.
416 3462 488 3527 Nec
508 3462 626 3528 deinde
645 3463 724 3527 alios
746 3474 841 3548 atque
865 3462 942 3526 alios
963 3458 1122 3524 mittendo

100 3678 114 3724 3
131 3665 342 3727 Epirotarum
361 3664 520 3726 baedaque]
555 3662 579 3711 Ii
611 3659 774 3711 Freinshemii
785 3658 914 3709 sententia.

65 3728 155 3791 procul
165 3726 241 3776 dubio
251 3733 321 3776 erant
329 3742 361 3776 ex
369 3727 475 3776 Iastium
482 3726 579 3789 Cephe-
643 3724 660 3775 6
670 3726 831 3781 Philostrato,
841 3725 884 3787 qui
895 3722 1057 3785 Epirotarum
1064 3738 1123 3785 yur·

67 3793 96 3851 li,
112 3793 144 3841 de
160 3806 210 3853 qao
226 3806 292 3853 supr.
306 3793 343 3841 18.
354 3796 381 3841 et
394 3792 450 3840 ideo
466 3792 581 3840 dieuntru
612 3797 659 3840 tero
669 3790 786 3849 mutu]
809 3788 867 3835 Hoc
883 3787 1012 3835 obscurum
1028 3792 1083 3846 est3
1098 3792 1124 3835 et

67 3857 218 3918 tandum,
228 3855 288 3917 quia
298 3871 374 3917 quum
391 3855 470 3917 primo
486 3856 519 3903 ab
530 3854 579 3903 Ro-
612 3859 687 3929 supet
702 3852 786 3901 mendi
801 3850 964 3913 suspicionem
975 3851 1001 3900 id
1012 3852 1077 3913 quod
1088 3867 1123 3901 se

68 3920 148 3969 manis
164 3920 296 3979 detinent,
306 3921 338 3968 ab
349 3920 380 3968 iis
390 3925 476 3982 postes
486 3918 580 3967 deiece-
613 3924 709 3979 quitur:
721 3918 889 3965 Philostratus
900 3932 955 3965 oum
965 3916 1059 3965 cohorte
1069 3932 1124 3964 ato.

70 3991 132 4034 rant
165 3984 222 4033 Nisi
241 3983 304 4031 sorte
322 3984 364 4032 hic
384 3998 482 4045 quoque
500 3983 581 4045 legen·
614 3988 654 4030 An
672 3980 739 4029 enim
755 3980 912 4041 Epirotarum
928 3995 987 4043 gens
1003 3978 1124 4027 contribui

71 4050 130 4097 durn
141 4054 178 4097 est
189 4049 338 4098 Aetolorur.
355 4048 436 4097 cnm.
612 4049 710 4109 poterat
725 4044 751 4093 in
768 4059 842 4093 unum
857 4044 999 4094 cohortem?
1033 4042 1125 4105 legere

102 4114 290 4172 detinerent]
317 4112 455 4161 Susderent
472 4110 532 4174 regi,
550 4126 582 4159 ne
613 4124 743 4173 poflumm
752 4108 793 4157 hic
801 4110 963 4172 Epirotarum
973 4108 1126 4169 transfusos,

72 4177 244 4239 regrederemr.
262 4176 347 4225 Dosa.
613 4174 635 4222 si
651 4178 717 4222 recte
734 4173 772 4221 illi
788 4172 908 4223 nominati
923 4176 981 4222 sunt
991 4186 1045 4234 cep.
1057 4186 1125 4234 pree

104 4253 118 4302 5
135 4242 191 4290 Ite-r
200 4257 255 4290 eam
266 4256 316 4289 noa
326 4242 433 4300 minore]
448 4239 516 4289 Olim
527 4256 583 4289 carn
615 4236 720 4289 cedenti.
737 4237 820 4287 Cras.

73 4308 171 4355 ninom.
215 4304 366 4355 Emendnrit
387 4304 529 4354 Gronovius
552 4319 583 4353 οι
