2934 4800
172 201 457 270 EDITlole
489 200 1071 271 DRAKENBORCHIANAE.
1110 207 1173 272 507

95 339 172 404 59.
187 339 348 424 trecenos]
364 340 515 404 tricenos.
528 375 572 386 -—
582 336 668 404 Ibid.
686 335 844 425 lanxque]
864 339 1016 426 lanaque.
1027 375 1072 388 ·-
1082 339 1171 407 Ibid.

95 448 136 489 α
187 427 287 510 osita]
304 427 345 490 ob
388 427 465 490 sita.

194 533 239 575 113.
265 511 362 576 XL.
396 511 488 595 Epit.
519 510 682 588 dimissus,
706 519 844 596 praeter
870 511 1073 598 religionem,
1101 535 1167 598 qua

94 597 217 662 muba
232 597 353 683 templa
368 597 545 682 magnifica
564 597 672 661 multis
693 597 775 661 locis
794 597 912 673 erexit,
927 597 1065 662 Athenis
1078 598 1170 663 Iouis

103 682 279 783 Olympii,
316 692 349 748 et
376 681 575 747 Antiochiae
608 682 797 766 Capitolini.
835 683 1024 748 uilissimum
1058 705 1169 770 regem

96 768 201 855 ego]
238 769 399 834 dimissus.
418 804 463 814 -
478 767 562 832 Ibid.
599 766 814 850 sollicitabat]
851 768 1075 844 sollicitabat,-
1160 771 1169 786 '

86 864 248 939 praeter
271 855 471 941 religionem,
497 877 563 939 qua
587 853 689 918 multu
715 853 835 953 templa
962 855 1036 920 'cu
1136 856 1167 921 is

98 940 197 1004 locis
219 940 338 1018 creuit,
361 939 499 1004 Athenis
525 940 617 1004 Ionis
643 939 800 1024 Olympii,
826 876 1078 1007 etwocbiae
1103 942 1167 1006 Ga·

90 1026 258 1112 pitolini,
286 1025 475 1091 uilissimum
499 1047 607 1111 regem
630 1023 861 1110 egit-Cap.
889 1029 917 1089 Ι.
944 1026 1001 1112 qui
1030 1028 1168 1092 tuendae

99 1111 232 1198 viginti
249 1111 385 1176 navibus
404 1111 505 1176 maris
522 1110 636 1197 superi
655 1132 735 1175 orac
749 1110 928 1195 Anconam]
944 1112 1001 1195 qui
1016 1113 1166 1178 tuendam

101 1198 234 1284 viginti
270 1197 406 1262 nauibus
440 1197 524 1262 mari
559 1196 728 1283 superiore
756 1193 934 1260 Anconam.
950 1231 994 1260 .-
1008 1197 1092 1261 lbid.
1130 1197 1166 1262 in

103 1283 253 1349 Istriam
278 1279 416 1366 versum]
442 1282 478 1347 in
499 1283 698 1367 Ioniamque
726 1282 976 1367 suum—Cep.
998 1283 1030 1347 2.
1049 1282 1167 1368 sorum

104 1370 213 1434 turba
233 1370 349 1433 inermi
359 1368 423 1454 sre
446 1367 537 1451 neus]
557 1389 666 1433 eorum
681 1367 779 1431 turba
797 1367 930 1434 inermis
964 1389 1166 1454 sequemu-
1229 1437 1237 1448 „

106 1453 204 1520 Ibid.
218 1393 596 1555 direptisqueidireptir.
609 1491 651 1502 —
662 1452 746 1537 Cep.
761 1451 794 1516 4.
798 1451 943 1538 fuerant
961 1452 1111 1539 suerunt.
1122 1489 1165 1500 -

107 1539 198 1625 Cap.
215 1541 246 1604 5.
263 1538 413 1623 coloniis]
437 1539 569 1604 colonis
580 1537 714 1623 -Cap.
730 1538 763 1602 6.
784 1539 846 1603 alii
867 1539 1031 1625 cuiquam]
1050 1539 1164 1604 alicui·

107 1623 616 1798 marittimis
629 1624 759 1794 3⁵⁸6.
766 1623 1163 1796 111111ἅῶ212

155 1795 454 1862 ummius.-1bid.
470 1805 503 1860 et
516 1795 558 1862 L.
571 1795 739 1860 bfiuucius
758 1794 927 1880 lbernius]
943 1796 985 1863 L.
997 1797 1165 1864 Minucius

114 1882 284 1948 Llluemnus.
296 1881 437 1947 -lbid.
457 1881 491 1945 in
510 1880 646 1965 delectu]
670 1881 704 1945 in
723 1881 1035 1948 delectum.-lbid.
1045 1883 1166 1970 sactus

108 1977 212 2118 geret,
223 1967 325 2118 ]ciuis
338 1990 377 2032 ue
390 1966 501 2050 esset]
546 1965 784 2051 Hoec]factus
797 1977 883 2032 esset
896 1965 955 2035 n.
1000 1970 1163 2035 Haec.-

143 2075 163 2118 s
189 2101 197 2119 .

108 2077 364 2205 maliasconsulto.
376 2137 516 2204 -lbiu
538 2140 594 2225 qui
616 2148 691 2204 tunc
709 2138 808 2223 esset]
832 2141 888 2226 qui
908 2163 992 2205 nunc
1012 2149 1164 2206 esset.—

108 2224 201 2291 Ibid.
217 2247 308 2312 quem
329 2227 384 2313 qui
403 2225 679 2291 manumitteretur
709 2247 802 2311 quem
821 2225 1106 2292 manumitteretur.
1119 2261 1164 2272 —-

111 2311 198 2395 Cap.
218 2312 265 2376 10.
285 2312 382 2384 Quod
384 2333 490 2482 fuum
504 2310 555 2376 illi
569 2309 648 2395 tum]

245 2098 253 2117 .
285 2053 404 2137 lucum]
434 2054 546 2118 laeum.
559 2052 699 2118 -lbim
726 2074 770 2118 eu
794 2055 1083 2139 senatusconsulto]
1114 2075 1163 2119 se·

700 2312 766 2376 uod
777 2334 873 2398 quum
888 2311 1069 2377 milites.-'
1079 2311 1160 2396 Cap.

113 2397 166 2461 ll.
193 2397 385 2463 Nesactium
428 2395 625 2463 Nesattium.
639 2396 776 2482 -Csp.
810 2401 857 2464 12.
887 2421 942 2463 res
995 2396 1080 2481 esta]
1110 2419 1163 2461 res

137 2493 240 2550 estas.
254 2520 297 2531 -
312 2482 392 2569 Cap.
426 2484 475 2548 13.
505 2482 658 2565 locutam]
687 2484 834 2548 loentum.
850 2483 961 2547 -Ibi
986 2531 995 2547 .
1021 2481 1161 2567 Lucam]

106 2506 399 2654 laenam-Cap.
430 2570 480 2633 14.
505 2568 665 2655 recipere]
697 2567 987 2654 eripere-Ibid.
1013 2590 1052 2632 ne
1076 2568 1162 2633 Istri

110 2655 212 2738 idem]
229 2678 271 2719 ne
283 2656 365 2720 Istri
380 2675 506 2755 quoque
522 2654 617 2719 idem.
628 2688 673 2699 —-
684 2653 767 2736 Cap.
788 2656 836 2717 15.
852 2654 941 2718 boris
960 2652 1160 2737 seuceuarir]

112 2741 206 2807 bouis
232 2762 421 2805 sescenarrs.
434 2739 572 2804 -lbid.
597 2738 793 2908 diffluxisse]
821 2737 1159 2839 defluxisse-Ibid.

110 2825 329 2891 inenarrabili
337 2826 622 2911 tabeabsumptum
647 2826 913 2891 inenarrabiliter
922 2826 1162 2890 abramium.—

111 2912 199 2977 Ibid.
205 2934 352 2997 pacare:
366 2911 411 2995 ci]
447 2933 556 2987 acore,
566 2911 746 2975 et.-—Ibid.
756 2910 920 2996 iurarunt]
930 2912 1161 2977 iureiurarunt.

113 2998 196 3081 Cap.
213 2998 263 3061 16.
279 2997 395 3061 Nonas
452 2996 540 3079 aias]
556 2997 673 3061 Nonae
688 2997 841 3063 Maii.-
852 2996 937 3062 Ibid.
948 2997 1161 3082 instauratio]

112 3084 377 3148 instaurationes.
388 3119 432 3129 -
442 3081 490 3146 Cn
517 3128 524 3145 .
546 3082 593 3147 18.
610 3083 657 3146 ati
668 3082 755 3146 mille
768 3092 801 3146 et
814 3083 998 3168 quingenti]
1017 3085 1064 3148 uel
1074 3085 1163 3149 mille

112 3180 145 3233 et
176 3169 252 3256 quin
278 3179 362 3234 enta.
375 3104 515 3233 ——lbibi
553 3164 738 3249 constabat]
776 3176 911 3231 constat.
927 3204 971 3213 -
985 3168 1067 3252 Cup.
1109 3170 1159 3234 19.

112 3253 224 3337 Intra]
247 3192 494 3318 buren-Ibid.
516 3262 551 3317 ut
571 3261 717 3317 sanetum
736 3251 856 3315 babere
865 3252 1001 3336 foedus,
1046 3254 1112 3317 uod
1130 3254 1162 3318 ei

114 3362 184 3406 oum
211 3340 369 3403 Romanis
397 3348 490 3415 essct,
517 3340 619 3404 uideri
642 3335 767 3423 posset]
798 3346 831 3401 ut
856 3347 1001 3402 sanctum
1071 3339 1161 3405 beret

102 3426 241 3512 saeuius,
258 3428 342 3509 quod
358 3425 389 3489 ei
409 3446 479 3487 cum
494 3424 653 3489 Romanis
673 3444 745 3487 esse
762 3423 866 3486 oieleri
882 3433 1009 3509 posset.
1021 3460 1065 3471 -
1077 3424 1160 3508 Cap.

114 3513 165 3577 20.
176 3510 311 3597 pretiis]
369 3510 493 3574 aensiis.
504 3546 549 3556 -
560 3509 640 3595 Cap.
656 3511 710 3573 21.
725 3510 811 3573 iusto
829 3507 971 3591 numero]
992 3532 1062 3574 cum
1076 3510 1162 3575 iusto

114 3619 310 3662 numera-
340 3596 408 3660 bid.
429 3594 586 3678 uerterat]
609 3592 907 3678 certesei-Cap.
929 3598 981 3659 22.
1005 3594 1161 3679 escendit]

115 3680 444 3748 adscendit—Ibid.
481 3681 609 3745 nuntios
645 3681 854 3745 tumultuosos
888 3680 990 3762 misit]
1027 3682 1162 3745 nuncius

115 3769 266 3833 tumultus
278 3768 348 3832 cius
362 3766 458 3831 uenit.
469 3766 603 3851 -Cnp.
620 3767 672 3831 23.
689 3764 899 3849 comprensis]
915 3768 1161 3851 comprehensis.

114 3852 250 3917 -lbia
274 3852 391 3917 literae
413 3851 491 3935 m]
514 3852 630 3916 literas
652 3852 727 3913 Ψ.
741 3851 881 3914 -lbid.
906 3873 967 3935 ego
989 3852 1162 3917 maximam

113 3940 404 4025 gravissimamque
429 3938 564 4001 omnium
590 3960 653 4001 non
679 3938 739 4022 agi
763 3945 885 3999 tautum
909 3934 1067 4019 arbitror]
1098 3960 1160 4023 ego

114 4024 252 4089 inanime
277 4024 506 4109 gravissimam
536 4024 682 4097 omnium,
711 4044 772 4085 nou
802 4021 926 4107 agique
955 4030 1078 4085 tantum
1108 4046 1160 4085 ar·

116 4110 227 4175 bitror.
240 4146 283 4157 --
294 4108 380 4172 Ibid.
398 4130 489 4194 quem
504 4108 624 4172 bostem
633 4107 760 4193 populo
775 4106 924 4171 Romano
933 4107 1160 4194 priusquam,

116 4218 210 4281 quam
230 4195 325 4279 regni
345 4194 493 4258 heredem
502 4194 654 4277 futurum
673 4190 813 4275 sciebat]
831 4214 922 4275 quem
931 4192 1078 4278 populus
1090 4194 1161 4259 Ro-

115 4302 225 4346 manus
249 4280 347 4367 prius
372 4301 513 4367 poenae,
542 4300 639 4364 quam
674 4278 780 4365 regni,
810 4278 997 4428 baerctleml
1005 4278 1159 4430 {uturum

949 4382 971 4431 1.
