2934 4800
365 204 581 274 LIBROR.
614 206 841 274 DEPERD.
1061 216 1123 281 247

68 362 174 427 quum
190 340 227 405 in
240 339 409 429 paludibus
424 340 696 407 Minturnensium
711 342 833 421 lateret,
848 356 1009 411 extractus
1022 358 1072 412 est
1085 348 1126 413 ab

67 426 263 513 oppidanis:
287 440 331 505 et,
353 449 455 514 quum
476 428 589 493 missus
610 428 651 493 sd
673 429 885 495 oooideudnm
908 454 983 497 eum
1005 454 1124 511 servus,

66 513 204 614 natione
226 512 353 614 Gallus·
367 513 631 615 maiestate-tanti
650 514 708 579 viri
730 516 915 617 pertetritus
936 519 1122 619 moessisset,

66 599 456 751 iffibddbiffi
475 599 802 787 iidiviiffi
817 603 1121 757 stiffi&

70 770 110 847 Q,
124 770 306 859 Pompeius
320 771 442 850 consul,
457 771 499 837 sd
517 772 740 859 acciptendum
760 797 779 840 a
799 774 862 839 Cn.
875 775 1031 863 Pompeio
1049 798 1124 865 pro-

67 857 203 922 consule
233 858 410 923 exercitum
438 858 607 946 profectus,
637 858 770 925 oonsilio
805 861 875 927 eius
910 861 1032 927 ooeisus
1063 874 1120 929 est.

67 942 289 1022 Mithridates,
306 944 404 1009 Ponti
418 966 485 1021 rex,
502 943 579 1009 Bith
601 945 656 1009 nia
674 958 707 1011 et
724 944 929 1034 Cappadocia
949 949 1121 1037 oocupatis,

238 968 762 1204 mie
785 1054 982 1121 um

499 1448 695 1517 LXXVIII.

72 1613 408 1683 MITHRIDATES
423 1617 535 1683 Asiam
555 1621 741 1710 occupavit:
767 1620 809 1697 Q
824 1619 968 1709 Oppium
987 1642 1123 1708 prooou·

71 1702 181 1781 sulem,
198 1704 278 1769 item
293 1702 474 1790 Aquillium
488 1704 638 1793 legatum,
654 1708 689 1772 in
703 1705 831 1773 vincula
844 1707 998 1773 coniecit:
1019 1708 1122 1775 iussu·

73 1811 133 1939 aue
155 1790 237 1892 eius,
256 1789 411 1877 quioquid
434 1790 552 1857 civium
572 1791 792 1859 Romanorum
815 1793 851 1857 in
866 1794 945 1859 Asia
963 1792 1034 1895 fuit,
1055 1818 1122 1863 uno

104 1899 122 1939 e
146 1874 342 1943 trucidatum
364 1889 419 1942 eat
467 1876 589 1943 Urbem
614 1878 779 1957 Rhodum,
801 1902 884 1967 quae
908 1879 976 1947 sola
999 1903 1034 1945 m
1055 1881 1121 1947 fide

74 2051 444 2213 gessnsemliltvessffi
468 2072 874 2227 iitiil’enldsmoceocupavidgm'
866 2138 1035 2205 Praeterea
1057 2151 1122 2206 tre-

77 2219 269 2304 pidationem
296 2222 423 2287 urbium
449 2222 697 2311 insularumque,
724 2224 793 2289 aliis
818 2224 861 2291 ad
886 2224 1121 2303 Mithn‘datem,

77 2304 223 2462 iiiiinaei.
240 2307 397 2396 populum
427 2307 610 2376 Romanum
639 2310 783 2377 civitates
811 2332 884 2377 suas
913 2312 1121 2391 trahentibus,

517 2731 679 2800 LXXIX.

82 2904 116 2972 L
132 2905 405 2977 CORNELIUS
429 2905 594 2986 CINNA,
616 2931 717 2995 quum
740 2907 932 2996 perniciosas
954 2909 1041 2998 leges
1063 2934 1121 3000 per

82 2993 248 3084 timetque
264 3016 353 3060 arma
370 2994 476 3094 ferret,
491 2992 600 3095 pulsus
620 2995 697 3095 urbe
718 3017 738 3060 a
758 2993 970 3096 Cu..Oetavio
986 2997 1119 3087 collega,

82 3101 147 3146 eum
173 3104 232 3148 sex
260 3079 545 3182 tribnnnnplebnf
580 3101 778 3182 imperioque
808 3103 840 3145 et
864 3082 1023 3170 abrogato,
1049 3107 1121 3187 cor·

82 3165 664 3331 {tttttiptittdtffit
674 3168 1119 3324 tnbtffitd‘ctt

84 3335 142 3404 aliia
159 3339 342 3408 exsulibus:
366 3339 401 3405 in
421 3362 486 3491 Ἑιο
504 3339 588 3406 bello
608 3339 673 3404 duo
687 3339 809 3419 batres,
822 3339 902 3406 alter
916 3365 958 3406 ex
971 3341 1119 3431 Pompeii

83 3429 226 3506 exercitu,
253 3425 333 3492 alter
357 3449 399 3492 ex
457 3426 564 3503 innae,
589 3425 771 3514 ignorantes
796 3442 1043 3492 concurrerunt:
1075 3441 1119 3507 et,

86 3532 172 3596 quum
196 3514 300 3580 victor
321 3513 470 3613 spoliaret
494 3512 643 3592 occisum,
667 3513 776 3600 agnito
799 3512 905 3590 fratre,
928 3513 1052 3600 Ingenti
1074 3513 1120 3580 Ia·

85 3601 269 3668 mentatione
291 3599 387 3677 edita,
405 3621 483 3686 rogo
504 3599 534 3664 ei
557 3612 727 3676 exstmcto,
746 3598 813 3686 ipse
835 3621 931 3749 wijm
951 3621 1064 3686 rogum
1085 3623 1119 3666 se

86 3687 250 3765 transfodit,
266 3699 299 3752 et
320 3687 435 3752 eodem
456 3685 523 3773 igni
545 3699 751 3773 consumptus
772 3698 829 3750 eat
906 3697 920 3748 t
940 3708 1041 3771 quum
1063 3709 1120 3774 op·

86 3771 168 3854 primi
196 3774 282 3838 iuter
310 3773 402 3838 initia
474 3771 615 3848 tuissent,
648 3771 709 3836 Cn.
726 3770 874 3859 Pompeii
901 3771 1022 3850 fraude,
1052 3772 1119 3861 qui,

86 3869 241 3946 utramque
268 3871 391 3946 partem
428 3857 562 3936 ovendo‚
588 3857 671 3922 vires
696 3856 821 3922 Cinnae
846 3857 947 3937 dedit,
971 3881 1032 3924 neo
1057 3860 1120 3925 uisi

87 3946 247 4033 profligatis
277 3969 297 4010 o
321 3945 479 4010 timatium
508 3946 602 4010 rebus
628 3941 784 4010 auxilium
809 3942 892 4022 tulit,
918 3959 952 4011 et
981 3945 1120 4011 consulis

87 4033 207 4116 segnitie
230 4053 269 4096 eo
315 4031 410 4097 rmati
428 4029 535 4096 Cinna
554 4043 587 4096 et
606 4029 731 4095 Marius
750 4043 899 4117 quattuor
918 4031 1120 4112 exercitibus,

89 4119 254 4206 exquibus
279 4117 345 4183 duo
371 4117 412 4192 Q„
431 4116 569 4182 Sertorio
591 4129 624 4182 et
648 4114 789 4180 Carboni
813 4115 881 4180 dati
902 4129 987 4195 sunt,
1009 4118 1121 4184 urbem

88 4198 353 4272 circuuisederunt
401 4201 526 4270 Ostiam
545 4202 702 4269 coloniam
723 4199 846 4268 Marius
865 4204 1069 4291 expugnavit,
1087 4218 1122 4270 et

90 4289 245 4358 crudeliter
258 4289 399 4377 dbipuit.
450 4325 451 4334 κ
