2934 4800
373 197 470 264 LIB.
494 197 622 266 XLIII.
655 201 767 268 CAP.
795 207 844 267 15.
1067 205 1127 266 113

43 345 168 398 erunt
190 354 358 434 censuram
378 333 482 434 princi
559 334 704 435 civitatis,
726 335 767 401 C.
783 334 932 402 Valerius
952 334 1123 436 Iustinus,
1134 347 1170 400 11.
1181 349 1211 399 c.
1227 349 1282 410 583·

41 417 101 483 P.
114 419 308 485 Postumus
319 419 468 497 Albinus,
512 420 663 486 ‚Mucius
678 421 838 501 Scaevola,
855 422 903 488 M.
914 421 1026 486 Iumus
1041 414 1164 485 Bru-⁸·
1181 415 1212 466 ⁰·
1229 428 1238 461 ¹

44 518 132 583 tus,
150 505 195 570 C.
210 504 366 570 Claudius
379 505 530 582 Pulcher,
545 506 597 571 Ti.
611 506 817 595 Sempronius
833 507 1006 574 Gracchus.
1053 505 1125 572 Hos

44 590 153 655 duos
171 613 322 656 censores
338 592 457 657 creavit
473 592 610 678 populus
630 593 805 659 Romanus
853 595 963 671 Quum
981 593 1124 659 delectus
1133 601 1252 652 Delectus
1262 615 1278 648 s

45 676 216 741 habendi
236 678 347 755 maior,
366 700 462 764 qutun
480 678 567 755 alius,
586 701 645 766 pro
668 693 717 745 ter
736 679 982 746 Macedonicum
1003 679 1123 746 bellum

48 785 150 828 curs
162 776 259 840 esset,
270 762 415 828 consides
428 763 556 852 plebem
567 788 631 852 spu
668 780 813 831 senatum
824 767 1024 844 accusabant,
1036 767 1125 866 quod

16 877 38 919 4
49 861 99 913 et
114 849 265 934 iuniores
274 871 341 914 non
355 850 592 937 responderent.
637 851 801 918 Adversus
815 874 895 939 quos
912 851 951 917 C.
967 851 1126 938 Sulprcius

16 948 98 1004 set
125 934 180 1000 Μ.
199 934 356 1000 Claudius
380 950 541 1023 praetores
564 936 667 1024 plebis
687 961 813 1004 causam
839 950 982 1026 egerunt
1028 936 1126 1002 ‘Non

18 1029 68 1122 6‘
80 1019 292 1098 conrudibus,
308 1021 366 1086 sed
385 1022 558 1088 ambitiosis
576 1023 769 1103 consulibus,
783 1024 944 1090 delectum
963 1023 1126 1088 difficilem

21 1115 70 1197 7‘
83 1129 185 1173 ew
216 1107 378 1172 neminem
399 1107 535 1173 invitum
557 1109 694 1175 militem
714 1111 755 1176 ub
777 1111 815 1177 iis
836 1111 914 1175 fieri.
960 1110 1000 1175 Id
1021 1123 1059 1174 ut
1081 1110 1127 1175 ita

20 1203 68 1262 8‘
81 1216 163 1258 esse
185 1193 303 1259 scirent
319 1207 354 1258 et
370 1193 483 1259 Patres
501 1196 682 1283 conscripti,
702 1210 870 1284 praetores,
891 1196 1007 1283 quibus
1024 1210 1058 1261 et
1078 1196 1126 1260 vis

55 1280 224 1430 ‘imperii
244 1280 348 1344 minor
365 1293 399 1344 et
415 1282 585 1346 auctoritas
601 1296 693 1360 esset,
709 1282 879 1360 delectum,
894 1283 922 1348 si
940 1282 986 1346 ita
1002 1281 1126 1347 senatui

22 1375 72 1434 9‘
86 1367 126 1430 vi
151 1378 270 1442 eretur,
293 1365 488 1452 perfecturos
512 1369 600 1432 esse’
642 1366 684 1433 Id
705 1369 903 1455 praetoribus
926 1389 1041 1454 magns
1065 1367 1127 1430 Ps-

58 1466 164 1516 trum
188 1451 207 1486 ³
229 1474 296 1515 non
323 1452 393 1517 sine
420 1452 620 1538 sugillatione
649 1453 826 1531 consulum,
855 1453 1041 1518 mandatum
1069 1465 1125 1518 est

61 1535 251 1614 Censores,
260 1550 297 1602 ut
308 1560 378 1602 eam
390 1559 459 1602 rem
470 1539 667 1616 adiuvarent,
676 1540 723 1603 its
733 1539 768 1603 in
779 1539 933 1604 concione
941 1538 1125 1604 edixerunt:

61 1635 75 1663 ‘
86 1623 223 1713 legem
234 1624 344 1688 censui
354 1624 515 1689 censendo
525 1624 667 1690 dicturos
677 1646 755 1701 eme,
765 1639 812 1702 ut,
824 1637 949 1711 praeter
958 1646 1128 1689 commune

34 1733 48 1766 1
64 1710 244 1776 ‘omnium
258 1709 376 1774 civium
390 1709 620 1789 imiursndum,
635 1710 715 1775 bsec
729 1710 932 1776 adiurarentr
956 1710 1010 1776 Tu
1024 1709 1129 1776 minor

64 1794 192 1860 ‘annis
209 1818 267 1860 sex
285 1813 320 1860 et
337 1795 550 1883 quadraginta
568 1819 611 1874 es,
627 1811 726 1884 tuque
747 1819 789 1861 ex
809 1797 914 1862 edicto
936 1795 974 1863 C.
987 1796 1128 1874 Claudii,

64 1893 78 1922 ‘
89 1882 151 1947 Ti.
166 1880 349 1969 Sempronii
369 1905 537 1947 censorum
560 1882 602 1947 ad
621 1883 781 1948 delectum
804 1883 962 1971 prodibis:
986 1895 1029 1961 et,
1048 1906 1129 1969 quo·

65 1969 288 2055 ‘tiescunque
308 1967 451 2033 delectus
464 1969 534 2046 erit,
549 1991 647 2056 quem
664 1968 715 2032 bis
728 1970 912 2034 censoribus
930 1969 1129 2054 magistratus

67 2055 275 2132 ‘hsbebunt
290 2054 318 2118 si
337 2053 429 2118 miles
447 2053 548 2119 factus
562 2077 627 2120 non
647 2055 719 2131 eris,
734 2057 770 2120 in
790 2054 950 2120 delectum
969 2054 1130 2141 prodibis?

67 2142 176 2218 Item,
198 2141 276 2228 quis
294 2139 477 2218 sumserat,
499 2139 616 2205 multos
637 2163 679 2205 ex
700 2140 920 2206 Macedonicis
940 2140 1129 2227 legionibus,

68 2227 211 2293 incertis
225 2227 452 2291 commeatibus
465 2249 524 2313 per
542 2227 749 2292 ambitionem
769 2227 813 2291 irn
854 2240 1003 2304 ratorum,
1019 2228 1060 2290 ab
1074 2249 1131 2291 ex-

70 2314 185 2379 ercitu
204 2313 322 2389 abeaee,
337 2311 508 2377 edixenmt
521 2311 564 2377 de
583 2312 745 2390 militibus,
761 2313 799 2377 P.
844 2312 916 2390 elio,
939 2310 979 2377 C.
992 2311 1131 2413 Popillio

70 2397 275 2477 consulibus,
301 2412 412 2486 postve
436 2420 492 2463 eos
513 2399 660 2465 eonsules
682 2399 717 2463 in
747 2398 972 2465 Macedoniam
997 2397 1130 2485 scriptis,

73 2486 161 2562 ‘Ue
183 2485 240 2572 qui
258 2507 370 2549 eorum
388 2485 424 2548 in
445 2483 538 2550 Italis
557 2497 671 2562 essent,
691 2486 777 2550 intra
794 2485 863 2550 dies
885 2485 1024 2572 triginta,
1045 2484 1132 2548 censi

73 2572 192 2659 ‘prins
205 2570 292 2658 apud
305 2592 384 2649 sese,
399 2573 434 2634 in
448 2571 642 2658 provinciam
656 2570 815 2635 redirent:
840 2571 896 2656 qui
916 2571 950 2634 in
964 2570 1063 2658 petris
1076 2581 1132 2634 aut

75 2657 157 2723 ‘ari
171 2668 327 2744 potestate
338 2670 453 2734 essent,
465 2678 577 2722 eorum
591 2656 723 2720 nomina
733 2656 775 2721 sd
788 2678 822 2721 se
833 2656 1012 2721 ederentur.
1051 2655 1132 2719 Mis-

75 2754 362 2831 ‘eorumquoque
385 2765 495 2807 causas
516 2766 584 2807 sese
609 2742 792 2830 cognituros
813 2764 899 2807 esse:
930 2756 973 2819 et,
995 2763 1131 2829 quorum

48 2842 179 2896 2‘snte
195 2830 329 2894 emerita
342 2829 501 2917 stipendia
590 2829 655 2894 'oss
674 2829 781 2894 missio
803 2827 864 2894 sibi
883 2828 949 2894 visa
965 2842 1057 2906 esset,
1077 2850 1132 2895 eos

77 2916 223 2981 ‘milites
232 2916 302 2979 fieri
314 2915 470 2981 iussuros’
549 2938 588 2979 oc
598 2914 705 2980 edicto
719 2915 880 3003 literisque
893 2938 1060 2980 censorum
1116 2936 1132 2977 r

76 3005 152 3069 fora
166 3017 201 3067 et
214 3001 424 3069 conciliabula
438 3002 584 3078 dimissis,
600 3014 689 3065 tants
702 3001 874 3067 m'ultitudo
888 3002 1049 3067 iuniorum
1065 2938 1133 3066 lii»

1149 664 1284 714 rnetoribus

1165 729 1238 779 bitus.

77 3112 171 3155 mam
186 3087 345 3165 convenit,
361 3101 399 3153 ut
411 3088 515 3174 gravis
534 3088 606 3152 urbi
620 3089 714 3154 turbs
727 3088 854 3153 insolita
867 3102 957 3153 esset.
1002 3087 1133 3152 Praeter
1233 3130 1242 3148 .

77 3174 247 3240 delectum
268 3196 390 3251 eorum,
413 3196 493 3273 quos
513 3174 549 3237 in
570 3172 827 3260 supplementum
853 3175 936 3240 mitti
958 3174 1133 3272 oportebat,

79 3273 239 3349 quattuor
257 3284 277 3325 a
292 3258 332 3324 C.
347 3259 489 3346 Sulpicio
508 3273 652 3347 praetore
667 3260 802 3347 scriptae
824 3260 967 3348 legiones
985 3271 1069 3337 sunt,
1085 3280 1135 3325 rn-

118 3498 598 3567 4Bts'uaiores1scsstiumilli,qui
663 3506 790 3564 SQus'bur
807 3512 831 3553 et
850 3506 1000 3567 oisimpetit'
1018 3506 1137 3554 suismet

81 3571 198 3621 adbelle
209 3571 267 3619 toris
281 3571 388 3633 guenta
402 3575 499 3632 praesto
509 3575 598 3619 esent
629 3571 764 3618 meritos
779 3569 852 3627 aret]
882 3568 996 3624 Quorum
1014 3572 1040 3615 et
1058 3567 1138 3616 minor

83 3634 278 3697 stupam.
536 3666 542 3675 -
632 3630 1071 3693 potsstssetminordignstioeust.
1105 3632 1137 3682 ln

120 3700 298 3762 structam]
314 3696 599 3746 Itsl'srisoniusemen·
630 3697 732 3758 rapsa
751 3700 788 3745 est
808 3694 843 3744 ris
861 3694 978 3757 cogendi:
1004 3698 1139 3747 summm

85 3762 159 3812 davit
168 3776 215 3824 pro
228 3762 293 3825 vulg.
306 3762 411 3820 ινίὸωιί,
421 3775 499 3822 quum
513 3760 599 3809 litem
631 3758 812 3809 venerationem
825 3758 947 3809 condlist.
969 3758 999 3808 cl
1010 3774 1076 3822 supr.
1087 3760 1103 3811 i.
1117 3772 1138 3823 7.

85 3823 345 3879 ἀιιιοηωοίιιιιιίίιι
359 3824 598 3874 librarioruminrn.
630 3825 1139 3875 Evandsrtumsa....auotorttatema·

229 3894 341 3937 mutatae
350 3893 438 3938 essent
629 3890 971 3952 atrqwrnt'mpen'orayebot
981 3890 1040 3939 loeo.
1057 3889 1139 3938 Csnv.

154 3953 510 4003 Nmtmtnvttamttttm
523 3952 554 4000 ab
569 3952 600 4000 r't't
663 3954 970 4015 9Ma9au1’atmm...]
982 3952 1141 4001 Vooemooa·

80 4015 158 4080 fieri]
183 4016 224 4065 ste
240 4017 346 4077 probent
360 4015 485 4077 Sulpicius
498 4021 524 4064 et
534 4014 601 4063 Mer·
632 4017 743 4065 mutem
751 4021 807 4079 post
815 4022 917 4077 patrm
924 4014 1014 4065 adiecit
1021 4014 1142 4077 Sigonius,

88 4081 171 4129 collus
188 4078 331 4127 ambitiosos
351 4094 404 4128 ease
422 4079 545 4136 consules,
559 4077 602 4139 qui
633 4083 662 4127 ut
672 4094 788 4129 mancum
799 4080 881 4129 locum
892 4080 1009 4141 expleret

90 4149 162 4193 metu
175 4142 338 4192 offendonum
357 4141 481 4191 nerninem
496 4141 602 4190 militare
669 4156 679 4190 r
698 4142 890 4204 Iusiurandum]
911 4140 1023 4204 etSupr.
1034 4141 1093 4191 xxii.
1104 4141 1143 4203 38.

90 4207 198 4255 inritum
208 4212 330 4269 cogerent.
667 4220 682 4253 n
699 4208 815 4256 Gratim
835 4207 930 4265 ιιιίειίο]
953 4220 987 4255 sc.
1004 4206 1079 4263 Quae
1100 4218 1145 4265 per

127 4282 142 4330 7
158 4271 191 4319 Id
204 4277 234 4319 ut
249 4273 287 4319 ito
302 4272 366 4330 esse]
386 4269 425 4319 Ut
444 4270 531 4319 Patres
546 4283 604 4317 con·
635 4268 795 4319 ambitionem
806 4274 831 4317 et
841 4269 945 4332 gratiam
956 4268 1088 4331 impetrata
1099 4270 1144 4314 est.

93 4333 179 4395 scripti
187 4349 286 4395 quoque
296 4334 386 4382 scirent
396 4333 422 4381 id
433 4332 468 4381 its
478 4348 539 4381 este.
636 4332 752 4381 Tum
