2934 4800
332 215 374 276 60
719 209 832 282 ΤΙΤΙ
861 206 996 278 LIVII

206 400 212 414 .
247 356 386 426 ,⁴580.‘et
400 347 589 412 summoveri
604 369 622 411 e
636 347 723 434 regia
737 370 848 413 omnes
861 359 999 435 coeptos.
1045 346 1129 410 Tum
1151 370 1185 411 se
1205 344 1381 410 amicitiam

202 465 208 478 ·
250 441 387 500 ·¹7²·‘et
406 435 588 500 societatem
610 435 815 499 renuntiasse.
863 435 938 510 Qua
951 457 1028 498 voce
1045 456 1120 498 eum
1139 455 1306 498 accensum
1327 454 1383 494 re·

336 521 480 598 ‘stitisse,
496 534 592 607 atque
606 543 683 585 voce
706 521 789 586 clara
803 521 1004 585 denuntiasse
1019 520 1089 597 sibi,
1105 533 1141 584 ut
1160 519 1266 584 triduo
1285 517 1382 604 regni

337 608 404 672 ‘sui
430 606 622 672 decederent
646 607 771 672 finibus.
817 606 867 672 Ita
887 630 920 672 se
946 606 1120 707 profectost
1140 629 1208 672 ,nec
1229 605 1299 681 sibi,
1323 616 1384 669 aut

337 694 564 770 ‘venientibus
591 707 646 758 aut
671 693 880 770 manentibus,
928 715 1075 780 umquam
1101 693 1159 757 hos
1181 691 1298 757 italitcr
1324 703 1383 754 aut

337 781 493 868 ‘benigne
508 779 645 845 factum'
680 779 826 844 Thessali
840 717 956 844 deiride
968 779 1141 865 Aetolique
1155 716 1251 879 ligati
1265 776 1381 843 auditi.

338 867 480 944 Senatui,
504 880 540 932 ut
561 867 676 932 scirent
697 889 793 953 quam
814 867 964 967 primum,
987 866 1102 966 quibus
1125 864 1258 931 ducibus
1283 885 1383 935 usura

337 953 513 1040 respublica
537 967 629 1030 esset,
651 953 757 1017 literas
779 954 863 1018 mitti
888 953 1069 1023 consulibus
1091 951 1220 1039 placuit,
1242 965 1289 1029 ut,
1307 965 1383 1015 uter

272 1093 279 1111 .
338 1062 448 1105 corum
473 1053 588 1126 posset,
616 1040 753 1104 Romam
779 1039 820 1104 ad
845 1039 1043 1125 magistratus
1068 1038 1220 1104 creandos
1244 1038 1381 1102 veniret.

304 1171 306 1183 ·
339 1125 431 1190 Nihil
453 1149 653 1213 magnopere,
669 1126 757 1212 quod
779 1126 945 1190 memorari
962 1125 1104 1202 attineat,
1120 1124 1325 1212 reipublicae
1341 1145 1383 1187 eo

338 1235 422 1277 anno
444 1212 588 1278 consules
630 1227 777 1278 esserant.
823 1211 930 1300 Magis
950 1235 969 1276 e
991 1210 1152 1298 republica
1173 1212 1276 1276 visum
1301 1225 1382 1286 erat,

338 1300 503 1387 comprimi
518 1322 555 1364 ac
569 1237 671 1364 sedari
686 1311 885 1387 exasperatos
898 1298 1042 1385 Ligures.

183 1403 330 1452 Genuum
384 1383 493 1461 Quum
524 1385 770 1451 Macedonicum
799 1385 918 1456 bellum
946 1398 1191 1472 exspectaretur,
1223 1383 1382 1448 Gentium

182 1469 318 1544 {mnsam
339 1495 467 1560 quoque
488 1471 667 1560 Illyriorum
688 1495 797 1560 regem
818 1485 998 1560 suspectum
1020 1470 1158 1536 Issenses
1178 1470 1276 1559 legati
1296 1469 1383 1534 fece-

182 1529 327 1646 fflffl
339 1572 432 1624 runt:
460 1559 553 1623 simul
576 1559 688 1646 questi,
712 1560 791 1624 fines
812 1582 885 1623 suos
906 1557 1046 1623 secundo
1067 1557 1264 1645 populatum,
1286 1555 1383 1628 simm

275 1677 277 1688 =
338 1646 531 1723 nuntiantes,
551 1652 637 1710 ‘uno
659 1646 765 1710 animo
789 1645 891 1709 vivere
907 1643 1123 1709 Macedonum
1143 1657 1240 1730 atque
1256 1642 1296 1707 Ill
1335 1642 1383 1707 'o-

341 1739 431 1796 ‘rum
452 1753 579 1818 regem:
603 1731 764 1796 communi
786 1729 917 1795 consilio
938 1752 1047 1818 parare
1064 1731 1218 1796 Romanis
1239 1730 1279 1795 be
1305 1752 1381 1794 um:

267 1838 270 1847 ’
341 1827 394 1882 ‘et
422 1817 527 1904 specie
556 1816 730 1903 legatorum
757 1816 882 1904 Illyrios
910 1816 1122 1905 speculatores
1150 1817 1273 1882 Romae
1303 1839 1382 1890 esse,

341 1903 458 1969 ‘Perse
480 1914 607 1968 auctore
629 1903 748 1980 missos,
764 1918 809 1980 ut,
826 1904 904 1990 quid
926 1915 1080 1991 ageretur,
1100 1903 1236 1968 scirent’
1280 1902 1402 1990 Illyriit

340 1989 443 2056 vocati
461 1990 497 2054 in
515 2004 669 2054 senatum.
717 1990 785 2065 Qui
804 2013 903 2077 quum
922 1991 1042 2078 legatos
1063 2013 1097 2054 se
1119 2013 1186 2055 esse
1210 1990 1321 2054 missos
1341 1988 1383 2052 ab

340 2099 414 2164 rege
429 2076 572 2141 dicerent
586 2076 627 2141 ad
640 2077 806 2177 purganda
819 2077 961 2154 crimina,
977 2078 1003 2148 si
1041 2101 1082 2142 ua
1095 2076 1136 2141 de
1154 2099 1228 2164 rege
1243 2075 1384 2141 Issenses

257 2201 263 2210 ‚
340 2162 517 2239 deferrent;
541 2178 728 2249 quaesitum,
739 2163 855 2250 ecquid
870 2163 915 2228 ita
925 2187 990 2228 nou
1001 2101 1139 2228 adissent
1154 2163 1382 2250 magistratum,

342 2263 378 2314 ut
399 2272 441 2314 ex
462 2248 608 2315 instituto
630 2247 707 2328 loca,
730 2249 836 2327 lautia,
860 2251 1061 2351 acciperent?
1089 2249 1221 2314 sciretur
1241 2248 1403 2335 deniquefl

342 2335 463 2402 venisse
481 2357 544 2414 eos,
560 2350 593 2402 et
612 2359 785 2425 superque
806 2359 840 2403 re
862 2338 1043 2403 venissent?
1087 2334 1328 2401 Haesitantibus
1348 2335 1385 2397 in

340 2446 501 2511 responso,
522 2437 558 2488 ut
580 2424 668 2489 curia
692 2424 892 2501 excederent,
912 2424 1044 2489 dictum.
1091 2423 1292 2510 Responsum
1314 2436 1384 2486 tan-

341 2533 438 2598 quam
455 2510 576 2597 legatis,
593 2511 699 2597 utqui
720 2510 806 2575 adire
827 2526 970 2577 senatum
992 2533 1065 2575 non·
1079 2509 1299 2597 postulassent,
1315 2507 1404 2578 daris

341 2620 408 2662 non
429 2595 565 2684 placuit:
592 2597 827 2685 mittendosque
850 2598 891 2661 ad
912 2619 1020 2683 regem
1041 2595 1160 2683 legatos
1180 2609 1383 2672 censuerimt,

339 2684 398 2769 qui
419 2684 612 2761 nuntiarent,
629 2685 704 2770 ‘qui
723 2684 800 2749 socii
814 2698 1023 2769 quererentur
1043 2683 1128 2770 apud
1149 2696 1305 2759 senatum,
1328 2702 1402 2747 err-1

227 2828 231 2835 .
343 2779 470 2834 ‘ustum
496 2794 513 2835 a
536 2793 609 2859 rege
633 2793 762 2857 agrum:
790 2793 856 2834 non
877 2792 1015 2857 aequum
1037 2793 1111 2834 eum
1131 2769 1244 2847 faeere,
1264 2769 1323 2869 qui
1345 2769 1384 2832 ab
1448 2797 1449 2874 p

344 2856 455 2921 ‘sociis
470 2856 533 2921 suis
548 2878 612 2921 non
628 2857 798 2921 abstineret
817 2856 984 2921 iniuriam!
1028 2854 1067 2920 In
1089 2856 1172 2921 hanc
1193 2856 1384 2943 legationem
1448 2887 1449 2930 r

265 2958 270 2968 ·
342 2943 438 3020 missi,
455 2943 495 3006 A.
507 2942 678 3007 Terentius
690 2942 802 3019 Varro,
820 2942 860 3007 C.
872 2942 1057 3020 Plaetorius,
1075 2941 1114 3007 C.
1127 2941 1299 3007 Cicereius.
1333 2940 1385 3005 Ex
1448 2943 1449 3010 ζ

343 3028 430 3105 Asia,
451 3029 507 3114 qui
529 3029 613 3093 circa
634 3029 733 3095 socios
754 3052 845 3116 reges
867 3029 954 3094 missi
975 3042 1073 3106 erant,
1094 3028 1258 3093 redierunt
1278 3028 1383 3116 legati,
1448 3039 1449 3044 ’

365 3116 398 3179 ui
421 3116 651 3191 renuntiarunt,
669 3115 868 3180 ‘Eumenem
890 3116 926 3179 in
945 3138 994 3193 ea,
1010 3115 1206 3181 Antiochum
1226 3116 1261 3179 in
1282 3114 1405 3204 Syris,²
1448 3193 1449 3202 χ

342 3138 580 3266 llPtolemaeum
595 3202 628 3265 iu
645 3201 842 3274 Alexandria
860 3224 927 3266 sese
947 3202 1139 3267 convenisse.
1187 3202 1310 3267 Omnes
1324 3200 1385 3265 sol·

344 3287 497 3353 ‘licitatos
518 3287 727 3375 legationibus
749 3287 867 3366 Persei,
890 3288 946 3353 sed
968 3288 1093 3377 egregie
1116 3289 1150 3353 in
1171 3288 1235 3353 fide
1260 3311 1385 3375 perma-

344 3384 354 3414 ‘
364 3398 450 3453 nere,
473 3373 692 3461 pollicitosque
715 3374 831 3451 omnia,
847 3398 928 3461 quae
946 3374 1083 3463 populus
1098 3375 1263 3440 Romanus
1283 3375 1385 3461 impe·
1448 3379 1449 3428 l

345 3472 468 3539 ‘resset
515 3474 710 3526 raestaturos
763 3460 806 3525 Et
827 3461 970 3526 civitates
990 3462 1090 3526 socias
1112 3462 1233 3527 adisse:
1266 3477 1385 3527 ceteras

345 3550 436 3615 ‘satis
457 3549 478 3613 fi
503 3571 554 3625 as3
578 3548 660 3613 solos
680 3546 825 3613 Rhodios
846 3548 1034 3613 fluctuantes
1056 3562 1091 3612 et
1115 3548 1254 3613 imbutos
1276 3548 1385 3614 Persei

345 3635 500 3700 ‘consiliis
515 3636 691 3700 invenisse!
734 3633 900 3700 Venerant
915 3635 1034 3700 Rhodii
1049 3634 1144 3721 legati
1162 3635 1205 3699 ad
1220 3635 1386 3722 purganda

342 3745 391 3799 ea,
407 3744 487 3808 quae
503 3720 598 3809 vulgo
618 3721 728 3785 iactari
749 3720 789 3786 de
810 3721 936 3786 civitate
953 3722 1113 3786 sciebant:
1138 3735 1278 3787 ceterum
1295 3744 1386 3786 scua-

345 3822 412 3872 tum
438 3808 476 3871 iis
501 3807 580 3884 dari,
604 3830 704 3894 quum
730 3808 805 3873 novi
831 3808 976 3873 consules
1002 3808 1218 3905 mpgistratum
1243 3808 1384 3886 inissent,

343 3893 471 3982 placuit.

378 4119 391 4169 7
409 4110 484 4157 Perse
494 4110 604 4168 auctore]
628 4109 736 4157 Priscam
748 4110 848 4173 scriptu·
913 4128 929 4176 9
943 4115 975 4163 Ut
983 4115 1038 4176 qni]
1047 4112 1183 4163 Crevierius
1190 4112 1288 4161 coniicit
1295 4115 1385 4177 linqui

343 4187 395 4219 ram
414 4175 489 4221 Perre
507 4172 629 4221 revocavit
647 4173 785 4222 Gronovius
804 4190 849 4237 pro
915 4190 926 4222 1
946 4180 995 4234 Qut
1007 4180 1064 4225 socii
1075 4179 1250 4239 quereremur]
1266 4180 1344 4235 Quod,
1354 4194 1385 4226 rc.

344 4239 442 4295 Perseo,
453 4236 519 4296 quod
535 4251 566 4283 ex
580 4238 611 4285 ed
623 4237 736 4286 Curionis
749 4239 847 4300 irrcpse
881 4241 1005 4301 quoniam,
1017 4243 1075 4289 socii
1093 4247 1262 4303 assererentur,
1273 4243 1384 4291 ernenda-

343 4305 389 4348 rat.
881 4303 916 4351 rit
927 4304 1034 4353 Gronov.
1046 4310 1071 4352 et
1083 4304 1211 4352 Bckkerus
1222 4306 1317 4365 probat.

367 4363 392 4427 ,8
409 4366 480 4423 Loca,
490 4365 582 4424 lautia]
601 4366 631 4413 cf.
639 4365 710 4427 Supr.
718 4365 801 4415 xxviii.
809 4368 863 4429 39(
914 4382 927 4414 e
943 4370 1077 4417 Eumenem
1088 4371 1114 4415 br
1125 4370 1168 4427 ea]
1186 4382 1220 4415 sc.
1233 4368 1263 4415 ln
1274 4368 1343 4418 Asia
