2934 4800
347 174 408 236 148
676 214 679 220 -
727 165 842 234 ΤΙΤΙ
871 165 1010 234 LIVII

220 345 229 362 ·
262 305 492 374 cusantium
511 317 611 371 matre
630 305 743 370 eadem
763 318 886 383 natum,
903 305 1025 370 habuit
1073 303 1147 368 Hoc
1161 313 1317 391 propter
1329 298 1400 384 igue

264 373 506 460 ‘¹⁶⁸·bilitatem
533 404 696 479 paternam
721 391 827 456 minus
852 403 1009 479 suspecto,
1035 389 1204 455 Platorem
1236 383 1403 452 occidite

351 479 432 544 duos
457 479 575 543 amieos
595 478 675 556 eius,
699 477 851 542 Ettritum
874 495 908 542 et
931 476 1118 564 Epicadum,
1133 476 1181 540 im
1212 474 1314 561 igros
1330 471 1403 544 vim

351 587 417 653 quo
446 565 546 629 tutius
573 579 727 650 regnaret.
779 563 877 628 Fama
904 563 974 641 fuit,
1006 562 1140 627 Honuni
1215 559 1406 625 adanorum

353 651 504 739 principis
529 650 628 715 filiam
652 650 783 724 Etutam
809 662 902 738 pacto
923 649 1021 726 fratri,
1044 670 1119 713 eum
1141 646 1331 721 invidiae,
1356 659 1420 706 rant

352 733 1409 907 llffirllmnllilrffiliiilliiilIv'i‘ffiilffoeg‘ffiii

355 908 470 972 Gravis
484 907 611 984 deinde,
627 907 758 995 dempto
772 907 874 972 fratris
896 920 995 984 metu,
1010 868 1222 993 po'pularibus
1250 926 1331 970 effic
1352 923 1411 966 coe·
1448 876 1450 947 l

353 995 419 1081 pit:
443 1006 477 1058 et
490 993 673 1058 violentiam
694 993 821 1058 insitam
843 993 973 1080 ingenio
994 993 1254 1078 intemperantia
1277 989 1353 1054 vini
1372 1009 1412 1051 ae

353 1079 520 1145 cendebat.
567 1077 731 1157 Ceterum,
747 1079 829 1144 sicut
848 1091 922 1144 aute
944 1079 1066 1144 dictum
1085 1090 1143 1154 est,
1158 1076 1205 1142 ad
1222 1077 1411 1142 Romnum

354 1165 503 1230 incitatus
524 1164 653 1242 bellum,
677 1164 804 1230 Lissum
824 1187 934 1230 omnes
952 1165 1059 1252 copies
1078 1164 1260 1229 contraxit.
1318 1161 1412 1236 Quin·

353 1251 460 1317 decim
474 1250 574 1316 millia
586 1263 776 1316 armatorum
791 1251 928 1316 fuerunt.
962 1249 1055 1328 Inde,
1068 1249 1163 1314 fratre
1179 1250 1219 1312 in
1233 1247 1412 1314 Caviorum

353 1350 494 1425 gentem,
509 1338 541 1402 vi
554 1349 611 1402 aut
624 1351 742 1402 terrore
764 1337 981 1424 subigendam,
996 1358 1071 1401 cum
1086 1335 1173 1400 mille
1193 1334 1375 1436 peditibu
1387 1345 1412 1393 et

354 1423 589 1512 quinquaginta
609 1423 772 1510 equitibus
793 1423 899 1501 misso,
922 1423 989 1511 ipse
1014 1421 1057 1486 ed
1078 1421 1276 1494 Bassaniam
1307 1419 1411 1484 urben

378 1511 500 1597 uiaque
521 1509 621 1574 millia
641 1510 682 1575 ab
704 1508 796 1574 Lisso
817 1508 915 1574 ducit
963 1507 1047 1574 Socii
1064 1521 1155 1572 erant
1170 1506 1410 1572 Romanorum·

355 1533 470 1696 ltaque
495 1619 554 1683 per
563 1595 765 1746 <praemissos
790 1596 919 1660 nuntios
942 1594 1029 1682 prius
1054 1593 1177 1671 tentati,
1196 1591 1409 1694 'obsitlionem

351 1680 998 1855 'lilffim‘isslisl‘l‘ulllliffil
1012 1679 1336 1852 siffis?
1356 1675 1410 1826 ‘³01

356 1852 495 1916 rotantis
512 1851 611 1916 altera
625 1854 700 1917 urbs
714 1853 865 1919 exclusit:
891 1865 933 1930 et,
950 1873 1051 1939 quum
1070 1874 1161 1939 agros
1175 1873 1300 1916 eorum
1318 1849 1408 1914 effuse

356 1933 1407 2112 tumultuiulutuluutuuffi

380 2131 455 2174 uem
477 2109 623 2188 aaut,
676 2071 859 2189 niumm:
875 2124 909 2176 et
928 2109 962 2174 A
1004 2109 1181 2176 sonituum
1202 2123 1239 2174 et
1261 2105 1407 2196 nyss*

357 2133 526 2260 (cirinum
551 2195 687 2273 auxiliis,
712 2196 871 2283 profectus
893 2219 936 2261 ex
983 2196 1109 2273 'bernis
1129 2195 1212 2260 circa
1234 2193 1404 2259 Genusum

357 2303 485 2347 amnem
497 2294 599 2346 castra
611 2281 748 2348 habebat
755 2307 764 2359 3
786 2282 897 2348 audito
906 2281 1034 2347 foedere
1046 2281 1128 2346 inter
1138 2280 1259 2345 Pemea
1269 2295 1312 2346 et
1326 2279 1405 2344 Geu-

359 2367 450 2447 tium,
477 2380 510 2434 et
534 2367 710 2457 legatorum
736 2368 924 2435 violatorum
952 2367 1070 2433 iniuria
1096 2388 1258 2445 accensus,
1290 2365 1403 2433 bellun

202 2476 285 2527 Anicii
296 2479 338 2531 Pr.
359 2455 447 2522 haud
469 2454 567 2521 dubie
589 2454 737 2520 adversus
757 2478 833 2520 eum
854 2469 1007 2543 gesturus.
1053 2454 1187 2519 Anicius
1208 2466 1357 2541 praetor,
1372 2472 1404 2515 eo

202 2548 340 2605 mew-
357 2554 502 2631 tempore
530 2540 719 2629 Apolloniae
746 2541 871 2619 auditis,
894 2564 976 2629 quae
998 2541 1033 2606 in
1054 2539 1094 2605 Ill
1133 2541 1182 2605 'co
1206 2552 1402 2626 gererentur,

359 2629 476 2715 praem'
510 2628 518 2643 ‘
558 2651 599 2694 ue
619 2627 660 2692 ad
679 2627 825 2715 Appium
840 2627 949 2705 literis,
964 2641 1001 2692 ut
1015 2650 1048 2692 se
1121 2626 1295 2691 Genusum
1312 2646 1405 2777 pp&

359 2714 484 2791 riretur,
500 2715 541 2778 tri
563 2727 606 2778 uo
620 2713 734 2801 etipse
749 2714 783 2777 in
799 2727 899 2779 castra
912 2713 1017 2778 venit:
1043 2728 1076 2777 et
1090 2712 1131 2777 ad
1145 2735 1192 2789 ea,
1208 2734 1295 2799 quae

360 2800 424 2877 bat,
439 2798 557 2863 auxilia
570 2799 798 2864 Parthinorum
819 2800 936 2864 iunctis
953 2798 1077 2864 dnobus
1098 2798 1237 2863 millibus
1333 2800 1403 2863 'tum

360 2898 395 2949 et
415 2884 576 2971 equitibus
597 2884 752 2961 ducentis,
774 2883 1142 3035 (peditibffissssfnffi‘lffi’
1163 2884 1265 2971 equiti
1283 2907 1333 2985 trs
1356 2882 1405 2948 Al-

360 2969 1404 3143 tlttlt‘tttltttltllltffiltmtttffltt

359 3140 537 3206 lemborum
555 3142 743 3207 vastantium
767 3144 955 3208 maritimum
975 3166 1070 3209 oram.
1119 3141 1294 3228 Octoginta
1317 3154 1403 3207 erant

360 3227 468 3307 lembi,
483 3239 611 3292 auctore
625 3227 811 3295 Pantaucho
829 3230 915 3294 missi
934 3252 954 3294 a
973 3227 1094 3294 Gentio
1108 3228 1149 3293 ad
1163 3228 1403 3315 Dyrrhachino

360 3334 433 3377 rum
446 3326 482 3377 et
495 3311 748 3400 Apolloniatium
827 3338 861 3380 os
883 3314 1089 3404 populandos.
1134 3314 1221 3379 Tum
1235 3313 1347 3379 classis
1369 3312 1419 3383 ull

353 3397 466 3487 [oram
487 3398 575 3464 haud
594 3400 706 3486 procul
727 3400 802 3488 Apo
826 3402 900 3466 onia
918 3401 1027 3466 stabnt
1074 3400 1150 3465 Huc
1171 3400 1307 3465 recurrit
1325 3402 1403 3465 Ani-

360 3486 439 3564 cius,
454 3509 492 3551 sc
508 3485 597 3550 brevi
611 3500 771 3551 assecutus
786 3485 910 3588 Illyrios
928 3486 1140 3575 praedatores,
1155 3508 1402 3573 congressusque

360 3594 434 3638 cum
456 3572 504 3650 iis,
527 3585 560 3637 et
581 3572 700 3659 perlevi
722 3595 763 3637 nc
787 3588 852 3638 otio
873 3574 982 3651 victor,
1004 3573 1127 3660 aliquot
1148 3594 1244 3637 naves
1265 3572 1402 3637 hostium

360 3659 455 3745 cepit,
471 3672 590 3723 ceteras
606 3670 750 3745 repetere
764 3595 927 3747 illyricum
942 3660 1055 3746 coegit.
1101 3658 1182 3725 Inde
1197 3658 1232 3721 in
1246 3671 1353 3723 castra
1365 3658 1402 3723 ad

390 3840 407 3886 8
422 3842 501 3889 Paeto
513 3841 607 3901 fratri]
630 3840 766 3903 Scriptores
783 3840 865 3889 Latini
898 3840 989 3916 partim
1003 3858 1030 3891 se
1044 3856 1075 3891 ex
1090 3842 1240 3903 coniectum,
1250 3858 1326 3904 quarn
1337 3858 1400 3893 mar·

360 3904 866 3979 plerumquepuellamsircpuotam,rsro
897 3920 948 3953 rme
972 3905 1050 3965 licut,
1077 3906 1197 3969 probabili
1221 3907 1254 3955 sd
1281 3922 1322 3967 ea,
1342 3923 1399 3969 quae

360 3968 865 4143 mptum
898 3970 1397 4097 mmm

359 4109 426 4154 tm.
470 4095 566 4142 bemus.
897 4110 942 4157 per
963 4098 1074 4156 clamem,
1095 4112 1145 4159 qua
1166 4096 1269 4147 Anicius
1290 4099 1396 4147 adrem

392 4159 469 4220 9Ad
497 4158 578 4215 [oran
603 4157 672 4204 laud
695 4160 863 4230 procul...]
899 4158 998 4221 Illyrios
1012 4160 1327 4224 pugnaviassintelligere
1339 4178 1396 4221 esu,

358 4219 565 4281 Supplementum
576 4220 769 4269 hoeCreuerius
777 4222 865 4281 partim
914 4238 962 4271 uae
986 4222 1068 4285 ipsum
1095 4229 1121 4272 et
1149 4224 1232 4287 copias
1264 4226 1394 4275 advexerat.

359 4284 392 4330 ab
400 4281 516 4345 Appiano
523 4283 681 4346 desumptum
691 4298 744 4332 esse
755 4288 866 4344 meatur,
898 4238 987 4337 l2nsu.
