2934 4800
343 233 408 298 396
716 219 1028 290 PRAEFATIO

344 403 378 458 et
404 389 444 454 Β.
457 387 592 473 -Cop.
617 386 670 450 nt.
695 385 736 450 L.
753 384 914 471 Apustius
936 403 997 468 pro
1023 381 1061 446 C.
1077 377 1262 466 Apustius
1281 373 1381 440 Atta

347 489 540 559 B.-Ibid.
567 489 609 555 P.
632 487 746 552 Villius
774 508 836 571 pro
862 485 904 550 P.
923 483 1029 550 ladini
1056 481 1171 546 Frob.
1201 482 1239 544 2.
1264 488 1299 542 et
1320 477 1381 540 Β·

345 595 448 678 *Cap.
479 595 533 658 25.
563 611 634 656 anm
661 588 706 653 iit
736 587 920 672 legionibus
947 608 1009 671 pro
1039 607 1112 649 oum
1144 583 1211 646 nis
1239 579 1384 667 degio&
1420 622 1422 645 .

349 696 424 762 Ald.
449 707 483 760 et
508 694 549 759 Β.
562 729 605 740 -
620 691 703 756 ibid.
730 692 932 754 mitterentur
960 711 1022 773 pro
1050 687 1236 750 mitterent
1262 683 1385 746 Fratri,

346 811 381 864 et
401 799 442 864 B.
454 833 498 844 -
510 795 589 880 Cap.
606 795 659 858 26.
676 793 792 879 quidni
807 791 999 877 Hispaniae
1013 788 1231 876 proriae-iae
1249 796 1386 850 mma!

347 923 409 988 pra
432 899 548 986 quitus
566 896 739 982 Hispania
757 894 933 980 provincia
955 901 1106 956 evenerat
1130 891 1164 954 F
1165 891 1251 953 rob.
1272 890 1303 950 2
1320 886 1387 949 etd

347 1003 487 1068 -lbid
514 1001 644 1087 spicata
670 1007 823 1064 arserant
849 1019 909 1080 pro
934 995 1167 1081 speculatores
1196 997 1299 1055 erant
1320 987 1387 1052 fni

350 1109 379 1173 l.
400 1117 434 1172 et
458 1103 669 1188 B.-†Cap.
685 1103 739 1166 27.
769 1099 940 1166 Cornelias
963 1097 1123 1161 mnam
1148 1116 1226 1179 pro
1255 1091 1388 1156 comto

349 1208 470 1274 Blaoia
499 1207 566 1272 oive
592 1207 701 1289 potius
732 1203 791 1268 Cn.
816 1202 985 1267 Corneliae
1011 1199 1133 1264 Blasio
1159 1195 1254 1261 Ald.
1279 1193 1388 1258 Pramo

350 1310 444 1376 minio
471 1320 548 1374 noto
575 1306 635 1372 Gn.
661 1306 783 1371 iamin
813 1304 912 1370 Frob.
935 1305 968 1367 2.
992 1301 1125 1366 adiecta
1147 1295 1389 1380 εει-ἨΕ

357 1411 525 1478 Tercininr
541 1429 601 1494 pro
618 1408 782 1472 Sertiniar
801 1408 868 1470 sive
888 1405 998 1490 potius
1013 1404 1056 1468 L.
1068 1403 1279 1468 Stertinius.
1320 1395 1389 1462 Gen

351 1514 435 1590 nius,
461 1534 561 1596 quum
590 1510 623 1574 in
653 1508 752 1574 Frob.
784 1511 810 1572 1.
836 1505 1013 1572 Stertinius
1035 1515 1126 1570 esset
1151 1505 1303 1579 editum,
1326 1519 1391 1584 pur

353 1616 489 1682 nominis
514 1625 625 1680 notam
651 1612 790 1690 addidit,
814 1623 943 1675 servato
966 1621 1085 1686 tomen,
1107 1607 1214 1692 quod
1240 1603 1389 1690 praeeedit,

353 1715 512 1784 vocabulo
534 1712 951 1802 quinquaqinta-‘Ibid.
973 1721 1009 1776 at
1027 1712 1054 1776 ii
1076 1733 1142 1795 pro
1165 1719 1206 1774 ut
1231 1710 1272 1773 to·
1288 1706 1391 1772 Ald-

352 1818 458 1884 *Ibid.
479 1826 630 1903 inspecto
650 1839 711 1902 pro
731 1825 882 1901 suscepto
897 1813 975 1880 Ald.
991 1825 1025 1880 et
1039 1811 1253 1878 B.—lbid.
1264 1812 1388 1897 secerni

353 1943 414 2008 pro
426 1921 581 2006 secarunt
597 1927 788 2004 praetorem
810 1917 908 1982 Frab.
928 1920 960 1982 2.
981 1928 1015 1980 et
1033 1915 1074 1980 B.
1087 1951 1134 1961 —
1146 1914 1244 1980 Ibid.
1268 1912 1390 1998 quidm!

353 2046 390 2090 oe
398 2023 549 2108 sntnrnm
568 2030 651 2086 erret
673 2043 733 2105 pro
754 2022 906 2105 quidnam
928 2021 968 2084 de
990 2019 1197 2102 restiturum
1214 2025 1306 2082 erret
1318 2012 1387 2077 Proh

355 2127 386 2188 2.
403 2135 436 2189 et
451 2123 491 2188 B.
503 2121 661 2188 -tlbit
681 2131 714 2188 et
730 2123 849 2203 inserto
869 2123 913 2187 iis
934 2143 995 2206 pro
1014 2130 1048 2186 et
1068 2120 1197 2205 inserto
1219 2119 1279 2183 lois
1292 2115 1390 2182 Ana

356 2223 447 2290 B.—
458 2225 539 2309 Cap.
556 2227 609 2290 28.
621 2224 732 2291 Aetati
747 2247 807 2308 pro
818 2224 961 2290 Aetolici
972 2223 1071 2288 Frob.
1083 2227 1115 2287 2.
1129 2236 1168 2288 et
1178 2222 1224 2288 B.
1233 2217 1388 2304 -'†lbid

356 2328 496 2415 qnadam
518 2349 580 2413 pra
603 2328 743 2414 qnodorn
761 2325 1010 2392 Ald.-·1bid.
1022 2325 1235 2411 fidissimum
1258 2319 1388 2410 [πολὺ

356 2430 510 2496 iiorimnm
538 2427 617 2495 Ald.
648 2439 682 2493 et
712 2427 903 2515 B.—Cap.
934 2430 1001 2518 29„
1018 2428 1198 2513 Efferaoit‘
1223 2452 1270 2493 ea
1301 2423 1389 2489 meda

357 2554 418 2617 pta
447 2532 661 2619 Efferaoerat
692 2532 809 2597 caeder
838 2532 938 2596 Frob.
967 2534 999 2596 2.
1030 2542 1065 2596 et
1097 2530 1140 2595 B.
1154 2530 1305 2595 —Ibid
1331 2546 1387 2591 ca*

356 2645 497 2701 meantes
519 2657 580 2719 pro
604 2644 798 2699 commeatur
821 2634 919 2700 Frob.
941 2639 974 2700 2.
997 2646 1032 2699 et
1054 2633 1277 2699 B.-·1bid.
1299 2650 1388 2715 arg*

357 2746 423 2801 tam
449 2738 483 2801 in
511 2737 604 2803 nonin
632 2737 787 2801 habentes
814 2759 876 2821 pro
905 2738 1035 2822 argenti
1059 2736 1234 2801 mintionir
1262 2734 1387 2799 hastata

359 2836 457 2903 Frob.
477 2840 505 2903 l.
521 2851 555 2903 et
570 2838 610 2903 B.
624 2874 668 2885 -
679 2838 764 2903 Ibid.
781 2838 915 2924 insaniis
932 2860 1003 2904 erae
1018 2838 1161 2903 Boeotia
1182 2838 1294 2902 omnis
1309 2830 1387 2916 caepi

357 2960 419 3023 pro
442 2938 576 3023 infamis
598 2961 641 3003 en
665 2940 807 3005 Boeotia
831 2962 938 3005 omnes
960 2940 1048 3025 cepit
1070 2939 1171 3004 Frob.
1203 2942 1233 3004 1.
1260 2952 1295 3003 ot
1317 2936 1387 3001 Β-

359 3038 444 3104 Ibid.
464 3040 580 3125 egredi
600 3041 718 3105 castris
740 3041 833 3105 miter
855 3063 916 3125 pro
938 3041 1054 3128 egredi
1076 3063 1180 3105 aaran
1200 3043 1296 3107 miter
1313 3035 1387 3102 Fron

208 3142 216 3159 ’
357 3144 389 3207 2.
420 3154 453 3207 et
483 3140 675 3209 B.-Ibid.
712 3142 891 3228 Copaidem
918 3166 979 3228 pro
1009 3144 1166 3229 Copidem
1198 3143 1303 3209 Frob.
1329 3142 1386 3203 l.-

358 3244 443 3309 Ibid.
471 3253 503 3309 et
529 3268 598 3309 cnm
618 3254 720 3331 parte
745 3247 912 3331 copiarum
937 3268 998 3331 pro
1023 3256 1223 3331 camparte
1248 3245 1387 3331 copiam

359 3345 460 3411 Frob.
489 3350 521 3413 2.
552 3357 586 3411 et
613 3347 807 3413 B.-Ibid.
840 3372 905 3434 qna
932 3350 976 3415 ab
1004 3349 1124 3414 Elatia
1153 3371 1220 3433 pro
1247 3362 1338 3434 quan
1358 3340 1385 3403 αὖ

359 3447 479 3515 Elatia
505 3448 605 3513 Frob.
631 3452 661 3513 2.
687 3461 722 3515 et
748 3449 941 3516 B.-·-1bid.
968 3450 1036 3514 iere
1056 3472 1118 3535 pro
1131 3451 1230 3535 sere.
1258 3450 1350 3515 Frain
1368 3447 1386 3506 l·

361 3560 396 3615 et
414 3548 455 3615 Β.
467 3585 511 3596 --
522 3549 607 3615 ibid.
628 3552 759 3617 tradere
779 3574 840 3637 pro
862 3553 993 3618 trahere
1009 3551 1108 3617 Frob.
1127 3554 1156 3617 1.
1172 3564 1210 3617 et
1224 3550 1383 3629 B.-cn

359 3652 413 3719 30.
430 3651 633 3739 Pedasisque
650 3676 711 3738 pro
726 3654 917 3741 Pisidisqne
935 3654 1035 3721 Frob.
1051 3658 1083 3720 2.
1098 3666 1132 3719 et
1147 3653 1190 3719 B.
1202 3691 1253 3703 —-
1263 3656 1339 3740 Cap.
1350 3650 1384 3713 31.

358 3754 472 3820 inanes
494 3777 578 3819 rana
600 3778 661 3840 pro
683 3756 780 3823 inane
801 3780 866 3823 nna
887 3757 987 3823 Frob.
1007 3759 1036 3823 l.
1051 3768 1086 3823 et
1106 3756 1146 3822 Β.
1163 3794 1205 3805 -
1217 3758 1325 3842 flbid.
1342 3750 1383 3817 rii

359 3865 395 3921 nt
416 3878 478 3941 pro
500 3858 565 3923 nini
588 3858 655 3925 sive
677 3862 788 3945 potius
808 3862 875 3927 nisi
896 3861 986 3948 qaod
1004 3859 1032 3924 F
1035 3860 1103 3925 rab.
1120 3863 1150 3925 2.
1163 3896 1211 3906 -
1223 3861 1309 3927 Ibid.
1327 3874 1385 3943 qttt

359 3959 393 4023 in
408 3958 493 4025 Aria
514 3960 581 4023 sint
601 3983 663 4046 pro
686 3984 833 4049 quaeqae
854 3964 888 4027 in
902 3962 989 4027 Asia
1009 3963 1077 4026 rint
1096 3961 1198 4027 Frob.
1215 3965 1252 4027 2.
1268 3975 1301 4028 et
1318 3960 1383 4025 B.-

354 4058 445 4125 ‘Ibid.
464 4062 605 4145 oifidem
612 4062 736 4145 sacore
757 4088 817 4149 pro
835 4066 866 4129 ni
883 4065 967 4129 idem
984 4086 1065 4142 erre,
1079 4065 1301 4149 idemsaoere
1312 4061 1380 4129 Fra

363 4159 391 4221 1.
408 4172 441 4223 et
457 4159 498 4223 B.
509 4161 649 4227 -lbid.
666 4166 713 4229 ad
728 4189 765 4231 oe
786 4188 848 4252 pro
865 4168 980 4233 adeste
1000 4167 1099 4233 Frob.
1120 4170 1147 4231 1.
1163 4180 1199 4232 et
1214 4167 1261 4233 B.
1272 4160 1381 4230 -lhit

354 4258 517 4343 praesidii
534 4262 675 4329 Romani
696 4289 758 4350 pro
774 4269 894 4353 popili
912 4269 1055 4334 Romani
1077 4269 1175 4334 Frob.
1200 4274 1235 4335 2.
1261 4282 1296 4337 et
1314 4269 1382 4334 Bx
