<?xml version="1.0" encoding="UTF-8"?>
<!DOCTYPE html PUBLIC "-//W3C//DTD XHTML 1.0 Transitional//EN"
    "http://www.w3.org/TR/xhtml1/DTD/xhtml1-transitional.dtd">
<html xmlns="http://www.w3.org/1999/xhtml" xml:lang="en" lang="en">
 <head>
  <title>
</title>
<meta http-equiv="Content-Type" content="text/html;charset=utf-8" />
  <meta name='ocr-system' content='tesseract 3.04.00' />
  <meta name='ocr-capabilities' content='ocr_page ocr_carea ocr_par ocr_line ocrx_word'/>
</head>
<body>
  <div class='ocr_page' id='page_1' title='image "./tliviipatavinih01kreygoog/tliviipatavinih01kreygoog_0054.png"; bbox 0 0 2934 4800; ppageno 0'>
   <div class='ocr_carea' id='block_1_1' title="bbox 336 209 995 278">
    <p class='ocr_par' dir='ltr' id='par_1_1' title="bbox 336 209 995 278">
     <span class='ocr_line' id='line_1_1' title="bbox 336 209 995 278; baseline -0.003 0"><span class='ocrx_word' id='word_1_1' title='bbox 336 219 380 278; x_wconf 82' lang='grc'><strong>44</strong></span> <span class='ocrx_word' id='word_1_2' title='bbox 718 210 830 276; x_wconf 87' lang='grc' dir='ltr'><strong>ΤΙΤΙ</strong></span> <span class='ocrx_word' id='word_1_3' title='bbox 860 209 995 278; x_wconf 90' lang='lat' dir='ltr'><strong>LIVIl</strong></span> 
     </span>
    </p>
   </div>
   <div class='ocr_carea' id='block_1_2' title="bbox 178 345 1457 3641">
    <p class='ocr_par' dir='ltr' id='par_1_2' title="bbox 178 345 1457 3641">
     <span class='ocr_line' id='line_1_2' title="bbox 183 345 1392 436; baseline 0.001 -23"><span class='ocrx_word' id='word_1_4' title='bbox 183 362 217 413; x_wconf 88' lang='lat' dir='ltr'><strong>U.</strong></span> <span class='ocrx_word' id='word_1_5' title='bbox 228 363 258 413; x_wconf 78' lang='grc' dir='ltr'><strong>σ.</strong></span> <span class='ocrx_word' id='word_1_6' title='bbox 274 374 331 428; x_wconf 85' lang='lat'><strong>579·</strong></span> <span class='ocrx_word' id='word_1_7' title='bbox 338 371 426 426; x_wconf 92' lang='lat' dir='ltr'><strong>num,</strong></span> <span class='ocrx_word' id='word_1_8' title='bbox 448 350 524 436; x_wconf 88' lang='lat' dir='ltr'><strong>ipsis</strong></span> <span class='ocrx_word' id='word_1_9' title='bbox 545 369 660 436; x_wconf 87' lang='lat' dir='ltr'><strong>magna</strong></span> <span class='ocrx_word' id='word_1_10' title='bbox 680 345 721 413; x_wconf 88' lang='lat' dir='ltr'><strong>ex</strong></span> <span class='ocrx_word' id='word_1_11' title='bbox 745 362 834 436; x_wconf 81' lang='lat' dir='ltr'><strong>parte</strong></span> <span class='ocrx_word' id='word_1_12' title='bbox 857 348 1116 426; x_wconf 86' lang='lat' dir='ltr'><strong>concedentibus,</strong></span> <span class='ocrx_word' id='word_1_13' title='bbox 1131 351 1187 436; x_wconf 92' lang='lat' dir='ltr'><strong>qui</strong></span> <span class='ocrx_word' id='word_1_14' title='bbox 1203 363 1392 426; x_wconf 72' lang='lat' dir='ltr'><strong>onerarunt,</strong></span> 
     </span>
     <span class='ocr_line' id='line_1_3' title="bbox 181 427 1412 524; baseline -0.002 -24"><span class='ocrx_word' id='word_1_15' title='bbox 181 427 213 478; x_wconf 65' lang='grc' dir='ltr'><strong>Δ·</strong></span> <span class='ocrx_word' id='word_1_16' title='bbox 230 429 259 478; x_wconf 80' lang='lat'><strong>⁰·</strong></span> <span class='ocrx_word' id='word_1_17' title='bbox 277 435 479 513; x_wconf 77' lang='lat' dir='ltr'><strong>¹7³·levasset,</strong></span> <span class='ocrx_word' id='word_1_18' title='bbox 502 435 575 500; x_wconf 85' lang='lat' dir='ltr'><strong>iusti</strong></span> <span class='ocrx_word' id='word_1_19' title='bbox 598 435 709 500; x_wconf 85' lang='lat' dir='ltr'><strong>crediti</strong></span> <span class='ocrx_word' id='word_1_20' title='bbox 733 436 924 500; x_wconf 85' lang='lat' dir='ltr'><strong>solutionem</strong></span> <span class='ocrx_word' id='word_1_21' title='bbox 946 436 980 499; x_wconf 92' lang='lat' dir='ltr'><strong>in</strong></span> <span class='ocrx_word' id='word_1_22' title='bbox 999 435 1017 470; x_wconf 68' lang='lat'><strong>⁴</strong></span> <span class='ocrx_word' id='word_1_23' title='bbox 1037 457 1192 500; x_wconf 87' lang='lat' dir='ltr'><strong>annorum</strong></span> <span class='ocrx_word' id='word_1_24' title='bbox 1213 437 1412 524; x_wconf 71' lang='lat' dir='ltr'><strong>pensiones:</strong></span> 
     </span>
     <span class='ocr_line' id='line_1_4' title="bbox 339 522 1393 609; baseline -0.001 -23"><span class='ocrx_word' id='word_1_25' title='bbox 339 522 505 587; x_wconf 78' lang='lat' dir='ltr'><strong>distribuit.</strong></span> <span class='ocrx_word' id='word_1_26' title='bbox 551 522 615 587; x_wconf 90' lang='lat' dir='ltr'><strong>Per</strong></span> <span class='ocrx_word' id='word_1_27' title='bbox 637 523 774 587; x_wconf 88' lang='lat' dir='ltr'><strong>eundem</strong></span> <span class='ocrx_word' id='word_1_28' title='bbox 800 523 945 609; x_wconf 90' lang='lat' dir='ltr'><strong>Appium</strong></span> <span class='ocrx_word' id='word_1_29' title='bbox 970 522 1147 608; x_wconf 90' lang='lat' dir='ltr'><strong>eodemque</strong></span> <span class='ocrx_word' id='word_1_30' title='bbox 1174 524 1271 588; x_wconf 90' lang='lat' dir='ltr'><strong>modo</strong></span> <span class='ocrx_word' id='word_1_31' title='bbox 1296 547 1393 587; x_wconf 89' lang='lat' dir='ltr'><strong>com-</strong></span> 
     </span>
     <span class='ocr_line' id='line_1_5' title="bbox 361 608 1456 681; baseline 0 -8"><span class='ocrx_word' id='word_1_32' title='bbox 361 610 458 673; x_wconf 86' lang='lat' dir='ltr'><strong>ositae</strong></span> <span class='ocrx_word' id='word_1_33' title='bbox 484 609 518 672; x_wconf 91' lang='lat' dir='ltr'><strong>in</strong></span> <span class='ocrx_word' id='word_1_34' title='bbox 544 608 737 674; x_wconf 75' lang='lat' dir='ltr'><strong>Perrhaebia</strong></span> <span class='ocrx_word' id='word_1_35' title='bbox 760 631 819 673; x_wconf 82' lang='lat' dir='ltr'><strong>res</strong></span> <span class='ocrx_word' id='word_1_36' title='bbox 864 609 1053 673; x_wconf 87' lang='lat' dir='ltr'><strong>Aetolorum</strong></span> <span class='ocrx_word' id='word_1_37' title='bbox 1080 630 1187 673; x_wconf 87' lang='lat' dir='ltr'><strong>causas</strong></span> <span class='ocrx_word' id='word_1_38' title='bbox 1209 609 1392 674; x_wconf 77' lang='lat' dir='ltr'><strong>Marcellus</strong></span> <span class='ocrx_word' id='word_1_39' title='bbox 1455 674 1456 681; x_wconf 10' lang='grc' dir='ltr'>ι</span> 
     </span>
     <span class='ocr_line' id='line_1_6' title="bbox 373 684 1456 796; baseline -0.005 -37"><span class='ocrx_word' id='word_1_40' title='bbox 373 695 475 796; x_wconf 89' lang='lat' dir='ltr'><strong>elphis</strong></span> <span class='ocrx_word' id='word_1_41' title='bbox 496 718 553 783; x_wconf 90' lang='lat' dir='ltr'><strong>per</strong></span> <span class='ocrx_word' id='word_1_42' title='bbox 573 696 659 760; x_wconf 86' lang='lat' dir='ltr'><strong>idern</strong></span> <span class='ocrx_word' id='word_1_43' title='bbox 678 711 806 783; x_wconf 87' lang='lat' dir='ltr'><strong>tempus</strong></span> <span class='ocrx_word' id='word_1_44' title='bbox 821 695 987 760; x_wconf 86' lang='lat' dir='ltr'><strong>hostilibus</strong></span> <span class='ocrx_word' id='word_1_45' title='bbox 1002 708 1085 760; x_wconf 83' lang='lat' dir='ltr'><strong>actas</strong></span> <span class='ocrx_word' id='word_1_46' title='bbox 1099 695 1220 772; x_wconf 87' lang='lat' dir='ltr'><strong>animis,</strong></span> <span class='ocrx_word' id='word_1_47' title='bbox 1237 719 1319 784; x_wconf 89' lang='lat' dir='ltr'><strong>quos</strong></span> <span class='ocrx_word' id='word_1_48' title='bbox 1334 696 1414 759; x_wconf 81' lang='lat' dir='ltr'><strong>in·2</strong></span> <span class='ocrx_word' id='word_1_49' title='bbox 1455 684 1456 719; x_wconf 57' lang='lat'>¹</span> 
     </span>
     <span class='ocr_line' id='line_1_7' title="bbox 339 781 1456 870; baseline -0.001 -24"><span class='ocrx_word' id='word_1_50' title='bbox 339 795 453 847; x_wconf 85' lang='lat' dir='ltr'><strong>testmo</strong></span> <span class='ocrx_word' id='word_1_51' title='bbox 474 797 634 870; x_wconf 81' lang='lat' dir='ltr'><strong>gesserant</strong></span> <span class='ocrx_word' id='word_1_52' title='bbox 655 781 748 860; x_wconf 89' lang='lat' dir='ltr'><strong>bello,</strong></span> <span class='ocrx_word' id='word_1_53' title='bbox 769 783 925 869; x_wconf 80' lang='lat' dir='ltr'><strong>cognovit.</strong></span> <span class='ocrx_word' id='word_1_54' title='bbox 975 782 1085 856; x_wconf 87' lang='lat' dir='ltr'><strong>Quum</strong></span> <span class='ocrx_word' id='word_1_55' title='bbox 1100 795 1253 847; x_wconf 85' lang='lat' dir='ltr'><strong>certaturn</strong></span> <span class='ocrx_word' id='word_1_56' title='bbox 1268 783 1392 846; x_wconf 87' lang='lat' dir='ltr'><strong>utrim-</strong></span> <span class='ocrx_word' id='word_1_57' title='bbox 1455 844 1456 865; x_wconf 45' lang='lat'><strong>,</strong></span> 
     </span>
     <span class='ocr_line' id='line_1_8' title="bbox 338 866 1456 956; baseline 0.001 -24"><span class='ocrx_word' id='word_1_58' title='bbox 338 891 401 954; x_wconf 90' lang='lat' dir='ltr'><strong>que</strong></span> <span class='ocrx_word' id='word_1_59' title='bbox 416 869 591 934; x_wconf 74' lang='lat' dir='ltr'><strong>temeritate</strong></span> <span class='ocrx_word' id='word_1_60' title='bbox 610 883 705 956; x_wconf 88' lang='lat' dir='ltr'><strong>atque</strong></span> <span class='ocrx_word' id='word_1_61' title='bbox 721 868 853 933; x_wconf 90' lang='lat' dir='ltr'><strong>audacia</strong></span> <span class='ocrx_word' id='word_1_62' title='bbox 867 882 1020 945; x_wconf 84' lang='lat' dir='ltr'><strong>cerneret,</strong></span> <span class='ocrx_word' id='word_1_63' title='bbox 1035 867 1163 933; x_wconf 81' lang='lat' dir='ltr'><strong>decreto</strong></span> <span class='ocrx_word' id='word_1_64' title='bbox 1176 866 1309 955; x_wconf 88' lang='lat' dir='ltr'><strong>quidem</strong></span> <span class='ocrx_word' id='word_1_65' title='bbox 1323 891 1391 933; x_wconf 86' lang='lat' dir='ltr'><strong>suo</strong></span> <span class='ocrx_word' id='word_1_66' title='bbox 1455 870 1456 911; x_wconf 67' lang='grc' dir='ltr'>ἶ</span> 
     </span>
     <span class='ocr_line' id='line_1_9' title="bbox 339 944 1456 1042; baseline -0.001 -23"><span class='ocrx_word' id='word_1_67' title='bbox 339 969 483 1020; x_wconf 85' lang='lat' dir='ltr'><strong>neutram</strong></span> <span class='ocrx_word' id='word_1_68' title='bbox 504 969 626 1042; x_wconf 89' lang='lat' dir='ltr'><strong>partem</strong></span> <span class='ocrx_word' id='word_1_69' title='bbox 645 969 700 1020; x_wconf 91' lang='lat' dir='ltr'><strong>aut</strong></span> <span class='ocrx_word' id='word_1_70' title='bbox 719 955 833 1032; x_wconf 84' lang='lat' dir='ltr'><strong>levare,</strong></span> <span class='ocrx_word' id='word_1_71' title='bbox 849 968 904 1019; x_wconf 92' lang='lat' dir='ltr'><strong>aut</strong></span> <span class='ocrx_word' id='word_1_72' title='bbox 918 977 1047 1020; x_wconf 90' lang='lat' dir='ltr'><strong>onerare</strong></span> <span class='ocrx_word' id='word_1_73' title='bbox 1062 953 1179 1019; x_wconf 88' lang='lat' dir='ltr'><strong>voluit:</strong></span> <span class='ocrx_word' id='word_1_74' title='bbox 1202 957 1391 1020; x_wconf 88' lang='lat' dir='ltr'><strong>communi·</strong></span> <span class='ocrx_word' id='word_1_75' title='bbox 1455 944 1456 965; x_wconf 56' lang='lat'>¹</span> 
     </span>
     <span class='ocr_line' id='line_1_10' title="bbox 339 1040 1456 1128; baseline 0 -22"><span class='ocrx_word' id='word_1_76' title='bbox 339 1055 386 1106; x_wconf 90' lang='lat' dir='ltr'><strong>ter</strong></span> <span class='ocrx_word' id='word_1_77' title='bbox 408 1043 448 1107; x_wconf 89' lang='lat' dir='ltr'><strong>ab</strong></span> <span class='ocrx_word' id='word_1_78' title='bbox 469 1043 611 1128; x_wconf 88' lang='lat' dir='ltr'><strong>utrisque</strong></span> <span class='ocrx_word' id='word_1_79' title='bbox 675 1043 735 1118; x_wconf 85' lang='lat' dir='ltr'><strong>tiit,</strong></span> <span class='ocrx_word' id='word_1_80' title='bbox 750 1044 945 1107; x_wconf 85' lang='lat' dir='ltr'><strong>abstinerent</strong></span> <span class='ocrx_word' id='word_1_81' title='bbox 962 1040 1054 1119; x_wconf 89' lang='lat' dir='ltr'><strong>bello,</strong></span> <span class='ocrx_word' id='word_1_82' title='bbox 1070 1055 1104 1106; x_wconf 90' lang='lat' dir='ltr'><strong>et</strong></span> <span class='ocrx_word' id='word_1_83' title='bbox 1118 1040 1276 1106; x_wconf 83' lang='lat' dir='ltr'><strong>oblivione</strong></span> <span class='ocrx_word' id='word_1_84' title='bbox 1290 1065 1389 1128; x_wconf 86' lang='lat' dir='ltr'><strong>prae-</strong></span> <span class='ocrx_word' id='word_1_85' title='bbox 1455 1040 1456 1043; x_wconf 50' lang='lat'>&#39;</span> 
     </span>
     <span class='ocr_line' id='line_1_11' title="bbox 337 1127 1390 1194; baseline -0.002 -1"><span class='ocrx_word' id='word_1_86' title='bbox 337 1129 503 1193; x_wconf 87' lang='lat' dir='ltr'><strong>teritorum</strong></span> <span class='ocrx_word' id='word_1_87' title='bbox 517 1128 620 1194; x_wconf 84' lang='lat' dir='ltr'><strong>discor</strong></span> <span class='ocrx_word' id='word_1_88' title='bbox 644 1129 687 1193; x_wconf 83' lang='lat' dir='ltr'><strong>‘as</strong></span> <span class='ocrx_word' id='word_1_89' title='bbox 701 1129 839 1193; x_wconf 77' lang='lat' dir='ltr'><strong>finirent.</strong></span> <span class='ocrx_word' id='word_1_90' title='bbox 886 1128 992 1192; x_wconf 87' lang='lat' dir='ltr'><strong>Huius</strong></span> <span class='ocrx_word' id='word_1_91' title='bbox 1013 1127 1276 1193; x_wconf 78' lang='lat' dir='ltr'><strong>reconciliationis</strong></span> <span class='ocrx_word' id='word_1_92' title='bbox 1299 1130 1390 1192; x_wconf 85' lang='lat' dir='ltr'><strong>inter</strong></span> 
     </span>
     <span class='ocr_line' id='line_1_12' title="bbox 337 1215 1457 1316; baseline 0.001 -38"><span class='ocrx_word' id='word_1_93' title='bbox 337 1215 422 1316; x_wconf 89' lang='lat' dir='ltr'><strong>ipsos</strong></span> <span class='ocrx_word' id='word_1_94' title='bbox 442 1215 522 1280; x_wconf 86' lang='lat' dir='ltr'><strong>fides</strong></span> <span class='ocrx_word' id='word_1_95' title='bbox 544 1215 704 1280; x_wconf 87' lang='lat' dir='ltr'><strong>obsidibus</strong></span> <span class='ocrx_word' id='word_1_96' title='bbox 721 1215 806 1280; x_wconf 91' lang='lat' dir='ltr'><strong>ultro</strong></span> <span class='ocrx_word' id='word_1_97' title='bbox 819 1216 962 1301; x_wconf 87' lang='lat' dir='ltr'><strong>citroque</strong></span> <span class='ocrx_word' id='word_1_98' title='bbox 977 1215 1059 1280; x_wconf 87' lang='lat' dir='ltr'><strong>datis</strong></span> <span class='ocrx_word' id='word_1_99' title='bbox 1072 1215 1197 1279; x_wconf 84' lang='lat' dir='ltr'><strong>firmata</strong></span> <span class='ocrx_word' id='word_1_100' title='bbox 1210 1228 1267 1279; x_wconf 85' lang='lat' dir='ltr'><strong>cst.</strong></span> <span class='ocrx_word' id='word_1_101' title='bbox 1316 1215 1389 1279; x_wconf 88' lang='lat' dir='ltr'><strong>Co-</strong></span> <span class='ocrx_word' id='word_1_102' title='bbox 1455 1236 1457 1303; x_wconf 62' lang='grc' dir='ltr'>ι</span> 
     </span>
     <span class='ocr_line' id='line_1_13' title="bbox 260 1301 1456 1403; baseline -0.001 -38"><span class='ocrx_word' id='word_1_103' title='bbox 260 1356 268 1372; x_wconf 89' lang='grc'><strong>.</strong></span> <span class='ocrx_word' id='word_1_104' title='bbox 337 1302 471 1380; x_wconf 84' lang='lat' dir='ltr'><strong>nnthus,</strong></span> <span class='ocrx_word' id='word_1_105' title='bbox 486 1314 523 1366; x_wconf 92' lang='lat' dir='ltr'><strong>ut</strong></span> <span class='ocrx_word' id='word_1_106' title='bbox 537 1303 582 1368; x_wconf 93' lang='lat' dir='ltr'><strong>ibi</strong></span> <span class='ocrx_word' id='word_1_107' title='bbox 596 1302 833 1403; x_wconf 82' lang='lat' dir='ltr'><strong>deponerentur</strong></span> <span class='ocrx_word' id='word_1_108' title='bbox 845 1302 979 1378; x_wconf 89' lang='lat' dir='ltr'><strong>obsides,</strong></span> <span class='ocrx_word' id='word_1_109' title='bbox 995 1303 1153 1366; x_wconf 75' lang='lat' dir='ltr'><strong>convenit.</strong></span> <span class='ocrx_word' id='word_1_110' title='bbox 1196 1303 1228 1365; x_wconf 88' lang='lat' dir='ltr'>A</span> <span class='ocrx_word' id='word_1_111' title='bbox 1243 1301 1388 1388; x_wconf 85' lang='lat' dir='ltr'><strong>Delphis</strong></span> <span class='ocrx_word' id='word_1_112' title='bbox 1455 1322 1456 1393; x_wconf 51' lang='grc' dir='ltr'>ι</span> 
     </span>
     <span class='ocr_line' id='line_1_14' title="bbox 225 1387 1456 1475; baseline 0.002 -22"><span class='ocrx_word' id='word_1_113' title='bbox 225 1433 226 1436; x_wconf 25' lang='lat'>¹</span> <span class='ocrx_word' id='word_1_114' title='bbox 337 1403 370 1454; x_wconf 86' lang='lat' dir='ltr'><strong>et</strong></span> <span class='ocrx_word' id='word_1_115' title='bbox 392 1387 539 1454; x_wconf 89' lang='lat' dir='ltr'><strong>Aetolico</strong></span> <span class='ocrx_word' id='word_1_116' title='bbox 561 1389 695 1454; x_wconf 78' lang='lat' dir='ltr'><strong>concilio</strong></span> <span class='ocrx_word' id='word_1_117' title='bbox 717 1388 890 1453; x_wconf 81' lang='lat' dir='ltr'><strong>Marcellus</strong></span> <span class='ocrx_word' id='word_1_118' title='bbox 911 1389 947 1452; x_wconf 91' lang='lat' dir='ltr'><strong>in</strong></span> <span class='ocrx_word' id='word_1_119' title='bbox 966 1388 1222 1475; x_wconf 83' lang='lat' dir='ltr'><strong>Peloponnesum</strong></span> <span class='ocrx_word' id='word_1_120' title='bbox 1244 1388 1410 1466; x_wconf 74' lang='lat' dir='ltr'><strong>traiecit,3</strong></span> <span class='ocrx_word' id='word_1_121' title='bbox 1455 1418 1456 1455; x_wconf 76' lang='grc' dir='ltr'>ι</span> 
     </span>
     <span class='ocr_line' id='line_1_15' title="bbox 337 1473 1456 1562; baseline -0.002 -22"><span class='ocrx_word' id='word_1_122' title='bbox 337 1499 402 1562; x_wconf 94' lang='lat' dir='ltr'><strong>quo</strong></span> <span class='ocrx_word' id='word_1_123' title='bbox 418 1475 556 1542; x_wconf 84' lang='lat' dir='ltr'><strong>Achaeis</strong></span> <span class='ocrx_word' id='word_1_124' title='bbox 573 1475 717 1541; x_wconf 83' lang='lat' dir='ltr'><strong>edixerat</strong></span> <span class='ocrx_word' id='word_1_125' title='bbox 731 1491 932 1540; x_wconf 81' lang='lat' dir='ltr'><strong>conventum.</strong></span> <span class='ocrx_word' id='word_1_126' title='bbox 979 1475 1054 1553; x_wconf 92' lang='lat' dir='ltr'><strong>Ubi,</strong></span> <span class='ocrx_word' id='word_1_127' title='bbox 1075 1473 1252 1539; x_wconf 72' lang='lat' dir='ltr'><strong>collaudem</strong></span> <span class='ocrx_word' id='word_1_128' title='bbox 1272 1490 1386 1560; x_wconf 76' lang='lat' dir='ltr'><strong>gente,</strong></span> <span class='ocrx_word' id='word_1_129' title='bbox 1455 1482 1456 1513; x_wconf 77' lang='lat'><em>³</em></span> 
     </span>
     <span class='ocr_line' id='line_1_16' title="bbox 337 1561 1385 1649; baseline 0 -23"><span class='ocrx_word' id='word_1_130' title='bbox 337 1561 425 1649; x_wconf 92' lang='lat' dir='ltr'><strong>quod</strong></span> <span class='ocrx_word' id='word_1_131' title='bbox 444 1576 625 1628; x_wconf 86' lang='lat' dir='ltr'><strong>constanter</strong></span> <span class='ocrx_word' id='word_1_132' title='bbox 638 1576 729 1627; x_wconf 83' lang='lat' dir='ltr'><strong>vetus</strong></span> <span class='ocrx_word' id='word_1_133' title='bbox 743 1562 908 1627; x_wconf 87' lang='lat' dir='ltr'><strong>decretum</strong></span> <span class='ocrx_word' id='word_1_134' title='bbox 927 1561 968 1626; x_wconf 93' lang='lat' dir='ltr'><strong>de</strong></span> <span class='ocrx_word' id='word_1_135' title='bbox 990 1561 1134 1626; x_wconf 87' lang='lat' dir='ltr'><strong>arcendis</strong></span> <span class='ocrx_word' id='word_1_136' title='bbox 1155 1561 1244 1626; x_wconf 86' lang='lat' dir='ltr'><strong>aditu</strong></span> <span class='ocrx_word' id='word_1_137' title='bbox 1265 1561 1385 1626; x_wconf 85' lang='lat' dir='ltr'><strong>finium</strong></span> 
     </span>
     <span class='ocr_line' id='line_1_17' title="bbox 337 1647 1386 1749; baseline 0 -37"><span class='ocrx_word' id='word_1_138' title='bbox 337 1651 464 1749; x_wconf 73' lang='lat' dir='ltr'><strong>regibus</strong></span> <span class='ocrx_word' id='word_1_139' title='bbox 487 1649 703 1714; x_wconf 87' lang='lat' dir='ltr'><strong>Macedonum</strong></span> <span class='ocrx_word' id='word_1_140' title='bbox 728 1649 914 1726; x_wconf 70' lang='lat' dir='ltr'><strong>tenuioeent,</strong></span> <span class='ocrx_word' id='word_1_141' title='bbox 940 1649 1063 1734; x_wconf 82' lang='lat' dir='ltr'><strong>insigne</strong></span> <span class='ocrx_word' id='word_1_142' title='bbox 1089 1648 1237 1713; x_wconf 76' lang='lat' dir='ltr'><strong>adversm</strong></span> <span class='ocrx_word' id='word_1_143' title='bbox 1263 1647 1386 1712; x_wconf 85' lang='lat' dir='ltr'><strong>Persea</strong></span> 
     </span>
     <span class='ocr_line' id='line_1_18' title="bbox 336 1733 1384 1823; baseline 0.002 -25"><span class='ocrx_word' id='word_1_144' title='bbox 336 1735 446 1798; x_wconf 79' lang='lat' dir='ltr'><strong>odium</strong></span> <span class='ocrx_word' id='word_1_145' title='bbox 470 1737 689 1800; x_wconf 87' lang='lat' dir='ltr'><strong>Romanorum</strong></span> <span class='ocrx_word' id='word_1_146' title='bbox 714 1735 807 1800; x_wconf 82' lang='lat' dir='ltr'><strong>fecit:</strong></span> <span class='ocrx_word' id='word_1_147' title='bbox 838 1735 926 1823; x_wconf 93' lang='lat' dir='ltr'><strong>quod</strong></span> <span class='ocrx_word' id='word_1_148' title='bbox 948 1750 985 1798; x_wconf 88' lang='lat' dir='ltr'><strong>ut</strong></span> <span class='ocrx_word' id='word_1_149' title='bbox 1009 1733 1163 1800; x_wconf 82' lang='lat' dir='ltr'><strong>maturius</strong></span> <span class='ocrx_word' id='word_1_150' title='bbox 1187 1747 1384 1822; x_wconf 84' lang='lat' dir='ltr'><strong>erumperet,</strong></span> 
     </span>
     <span class='ocr_line' id='line_1_19' title="bbox 337 1819 1384 1908; baseline 0.002 -24"><span class='ocrx_word' id='word_1_151' title='bbox 337 1819 499 1885; x_wconf 87' lang='lat' dir='ltr'><strong>Eumenes</strong></span> <span class='ocrx_word' id='word_1_152' title='bbox 514 1844 580 1899; x_wconf 84' lang='lat' dir='ltr'><strong>rex,</strong></span> <span class='ocrx_word' id='word_1_153' title='bbox 596 1821 857 1885; x_wconf 85' lang='lat' dir='ltr'><strong>commentarium</strong></span> <span class='ocrx_word' id='word_1_154' title='bbox 870 1821 974 1885; x_wconf 87' lang='lat' dir='ltr'><strong>ferens</strong></span> <span class='ocrx_word' id='word_1_155' title='bbox 988 1841 1105 1898; x_wconf 89' lang='lat' dir='ltr'><strong>secum,</strong></span> <span class='ocrx_word' id='word_1_156' title='bbox 1122 1821 1210 1908; x_wconf 92' lang='lat' dir='ltr'><strong>quod</strong></span> <span class='ocrx_word' id='word_1_157' title='bbox 1224 1822 1266 1885; x_wconf 95' lang='lat' dir='ltr'><strong>de</strong></span> <span class='ocrx_word' id='word_1_158' title='bbox 1281 1845 1325 1908; x_wconf 90' lang='lat' dir='ltr'><strong>ap</strong></span> <span class='ocrx_word' id='word_1_159' title='bbox 1367 1858 1384 1871; x_wconf 92' lang='lat'><strong>·</strong></span> 
     </span>
     <span class='ocr_line' id='line_1_20' title="bbox 180 1907 1456 1993; baseline 0 -21"><span class='ocrx_word' id='word_1_160' title='bbox 180 1922 265 1986; x_wconf 78' lang='lat' dir='ltr'><strong>Legati</strong></span> <span class='ocrx_word' id='word_1_161' title='bbox 275 1922 302 1972; x_wconf 83' lang='lat' dir='ltr'><strong>in</strong></span> <span class='ocrx_word' id='word_1_162' title='bbox 336 1907 454 1971; x_wconf 79' lang='lat' dir='ltr'><strong>ratibus</strong></span> <span class='ocrx_word' id='word_1_163' title='bbox 474 1907 548 1971; x_wconf 91' lang='lat' dir='ltr'><strong>belli</strong></span> <span class='ocrx_word' id='word_1_164' title='bbox 568 1908 675 1972; x_wconf 90' lang='lat' dir='ltr'><strong>omnia</strong></span> <span class='ocrx_word' id='word_1_165' title='bbox 695 1907 859 1993; x_wconf 89' lang='lat' dir='ltr'><strong>inquirens</strong></span> <span class='ocrx_word' id='word_1_166' title='bbox 879 1907 1005 1985; x_wconf 85' lang='lat' dir='ltr'><strong>fecerat,</strong></span> <span class='ocrx_word' id='word_1_167' title='bbox 1022 1908 1159 1972; x_wconf 86' lang='lat' dir='ltr'><strong>Romam</strong></span> <span class='ocrx_word' id='word_1_168' title='bbox 1172 1908 1269 1972; x_wconf 76' lang='lat' dir='ltr'><strong>venit.</strong></span> <span class='ocrx_word' id='word_1_169' title='bbox 1347 1931 1385 1972; x_wconf 91' lang='lat' dir='ltr'><strong>er</strong></span> <span class='ocrx_word' id='word_1_170' title='bbox 1455 1918 1456 1921; x_wconf 75' lang='grc'>’</span> 
     </span>
     <span class='ocr_line' id='line_1_21' title="bbox 179 1988 1456 2094; baseline -0.001 -34"><span class='ocrx_word' id='word_1_171' title='bbox 179 1988 294 2061; x_wconf 66' lang='lat' dir='ltr'><strong>maome</strong></span> <span class='ocrx_word' id='word_1_172' title='bbox 335 1993 422 2058; x_wconf 87' lang='lat' dir='ltr'><strong>idern</strong></span> <span class='ocrx_word' id='word_1_173' title='bbox 444 2007 568 2080; x_wconf 86' lang='lat' dir='ltr'><strong>tempus</strong></span> <span class='ocrx_word' id='word_1_174' title='bbox 591 1995 733 2094; x_wconf 88' lang='lat' dir='ltr'><strong>quinque</strong></span> <span class='ocrx_word' id='word_1_175' title='bbox 760 1993 789 2058; x_wconf 91' lang='lat' dir='ltr'><strong>le</strong></span> <span class='ocrx_word' id='word_1_176' title='bbox 830 1995 855 2058; x_wconf 86' lang='lat' dir='ltr'><strong>ti</strong></span> <span class='ocrx_word' id='word_1_177' title='bbox 880 1995 921 2058; x_wconf 89' lang='lat' dir='ltr'><strong>ad</strong></span> <span class='ocrx_word' id='word_1_178' title='bbox 944 2016 1051 2082; x_wconf 85' lang='lat' dir='ltr'><strong>regem</strong></span> <span class='ocrx_word' id='word_1_179' title='bbox 1074 1995 1169 2072; x_wconf 90' lang='lat' dir='ltr'><strong>missi,</strong></span> <span class='ocrx_word' id='word_1_180' title='bbox 1192 1993 1249 2080; x_wconf 92' lang='lat' dir='ltr'><strong>qui</strong></span> <span class='ocrx_word' id='word_1_181' title='bbox 1271 2017 1325 2059; x_wconf 87' lang='lat' dir='ltr'><strong>res</strong></span> <span class='ocrx_word' id='word_1_182' title='bbox 1347 1996 1384 2058; x_wconf 89' lang='lat' dir='ltr'><strong>in</strong></span> <span class='ocrx_word' id='word_1_183' title='bbox 1455 2046 1456 2049; x_wconf 63' lang='lat'><strong>,</strong></span> 
     </span>
     <span class='ocr_line' id='line_1_22' title="bbox 179 2058 1384 2179; baseline 0.002 -35"><span class='ocrx_word' id='word_1_184' title='bbox 179 2058 328 2179; x_wconf 48' lang='lat' dir='ltr'><strong>{ww</strong></span> <span class='ocrx_word' id='word_1_185' title='bbox 336 2079 529 2145; x_wconf 87' lang='lat' dir='ltr'><strong>Macedonia</strong></span> <span class='ocrx_word' id='word_1_186' title='bbox 542 2094 725 2168; x_wconf 78' lang='lat' dir='ltr'><strong>aspicerent</strong></span> <span class='ocrx_word' id='word_1_187' title='bbox 758 2082 790 2144; x_wconf 90' lang='lat' dir='ltr'>A</span> <span class='ocrx_word' id='word_1_188' title='bbox 802 2081 986 2145; x_wconf 80' lang='lat' dir='ltr'><strong>exandriam</strong></span> <span class='ocrx_word' id='word_1_189' title='bbox 1000 2081 1097 2145; x_wconf 92' lang='lat' dir='ltr'><strong>iidem</strong></span> <span class='ocrx_word' id='word_1_190' title='bbox 1109 2081 1149 2145; x_wconf 92' lang='lat' dir='ltr'><strong>ad</strong></span> <span class='ocrx_word' id='word_1_191' title='bbox 1159 2081 1384 2146; x_wconf 89' lang='lat' dir='ltr'><strong>Ptolemaeum</strong></span> 
     </span>
     <span class='ocr_line' id='line_1_23' title="bbox 325 2165 1384 2254; baseline 0.002 -24"><span class='ocrx_word' id='word_1_192' title='bbox 325 2165 534 2243; x_wconf 45' lang='lat' dir='ltr'><strong>¹renovandae</strong></span> <span class='ocrx_word' id='word_1_193' title='bbox 556 2167 712 2232; x_wconf 86' lang='lat' dir='ltr'><strong>amicitiae</strong></span> <span class='ocrx_word' id='word_1_194' title='bbox 735 2189 828 2232; x_wconf 85' lang='lat' dir='ltr'><strong>causa</strong></span> <span class='ocrx_word' id='word_1_195' title='bbox 848 2167 1004 2254; x_wconf 85' lang='lat' dir='ltr'><strong>proficisci</strong></span> <span class='ocrx_word' id='word_1_196' title='bbox 1025 2167 1109 2232; x_wconf 87' lang='lat' dir='ltr'><strong>iussi.</strong></span> <span class='ocrx_word' id='word_1_197' title='bbox 1243 2168 1268 2231; x_wconf 90' lang='lat' dir='ltr'><strong>ti</strong></span> <span class='ocrx_word' id='word_1_198' title='bbox 1289 2182 1384 2233; x_wconf 86' lang='lat' dir='ltr'><strong>erant</strong></span> 
     </span>
     <span class='ocr_line' id='line_1_24' title="bbox 336 2252 1380 2332; baseline 0.002 -16"><span class='ocrx_word' id='word_1_199' title='bbox 336 2253 379 2330; x_wconf 90' lang='lat' dir='ltr'><strong>hi,</strong></span> <span class='ocrx_word' id='word_1_200' title='bbox 398 2252 437 2318; x_wconf 81' lang='lat' dir='ltr'><strong>O.</strong></span> <span class='ocrx_word' id='word_1_201' title='bbox 448 2253 603 2331; x_wconf 87' lang='lat' dir='ltr'><strong>Valerius,</strong></span> <span class='ocrx_word' id='word_1_202' title='bbox 626 2256 687 2319; x_wconf 91' lang='lat' dir='ltr'><strong>Cn.</strong></span> <span class='ocrx_word' id='word_1_203' title='bbox 699 2253 847 2318; x_wconf 89' lang='lat' dir='ltr'><strong>Lutatius</strong></span> <span class='ocrx_word' id='word_1_204' title='bbox 864 2253 977 2330; x_wconf 89' lang='lat' dir='ltr'><strong>Cerco,</strong></span> <span class='ocrx_word' id='word_1_205' title='bbox 995 2253 1037 2330; x_wconf 71' lang='lat' dir='ltr'>Q</span> <span class='ocrx_word' id='word_1_206' title='bbox 1051 2253 1189 2318; x_wconf 90' lang='lat' dir='ltr'><strong>Baebius</strong></span> <span class='ocrx_word' id='word_1_207' title='bbox 1233 2254 1313 2332; x_wconf 87' lang='lat' dir='ltr'><strong>ulca,</strong></span> <span class='ocrx_word' id='word_1_208' title='bbox 1331 2255 1380 2318; x_wconf 81' lang='lat' dir='ltr'><strong>M</strong></span> 
     </span>
     <span class='ocr_line' id='line_1_25' title="bbox 179 2338 1456 2422; baseline -0.001 -17"><span class='ocrx_word' id='word_1_209' title='bbox 179 2346 307 2422; x_wconf 71' lang='lat' dir='ltr'><strong>Legatiab</strong></span> <span class='ocrx_word' id='word_1_210' title='bbox 338 2338 506 2406; x_wconf 88' lang='lat' dir='ltr'><strong>Cornelius</strong></span> <span class='ocrx_word' id='word_1_211' title='bbox 516 2339 702 2419; x_wconf 86' lang='lat' dir='ltr'><strong>Mammula,</strong></span> <span class='ocrx_word' id='word_1_212' title='bbox 712 2339 761 2405; x_wconf 90' lang='lat' dir='ltr'><strong>M.</strong></span> <span class='ocrx_word' id='word_1_213' title='bbox 774 2340 934 2406; x_wconf 85' lang='lat' dir='ltr'><strong>Caecilius</strong></span> <span class='ocrx_word' id='word_1_214' title='bbox 945 2341 1077 2406; x_wconf 84' lang='lat' dir='ltr'><strong>Denter.</strong></span> <span class='ocrx_word' id='word_1_215' title='bbox 1109 2340 1153 2405; x_wconf 90' lang='lat' dir='ltr'><strong>Et</strong></span> <span class='ocrx_word' id='word_1_216' title='bbox 1162 2341 1204 2406; x_wconf 89' lang='lat' dir='ltr'><strong>ab</strong></span> <span class='ocrx_word' id='word_1_217' title='bbox 1215 2340 1384 2407; x_wconf 87' lang='lat' dir='ltr'><strong>Antiocho</strong></span> <span class='ocrx_word' id='word_1_218' title='bbox 1455 2401 1456 2404; x_wconf 74' lang='grc'>,</span> 
     </span>
     <span class='ocr_line' id='line_1_26' title="bbox 178 2411 1383 2524; baseline 0 -31"><span class='ocrx_word' id='word_1_219' title='bbox 178 2411 301 2524; x_wconf 53' lang='lat' dir='ltr'><strong>fflffl</strong></span> <span class='ocrx_word' id='word_1_220' title='bbox 335 2450 409 2515; x_wconf 81' lang='lat' dir='ltr'><strong>rege</strong></span> <span class='ocrx_word' id='word_1_221' title='bbox 429 2430 487 2493; x_wconf 89' lang='lat' dir='ltr'><strong>sub</strong></span> <span class='ocrx_word' id='word_1_222' title='bbox 510 2427 596 2493; x_wconf 89' lang='lat' dir='ltr'><strong>idern</strong></span> <span class='ocrx_word' id='word_1_223' title='bbox 616 2442 741 2514; x_wconf 83' lang='lat' dir='ltr'><strong>tempus</strong></span> <span class='ocrx_word' id='word_1_224' title='bbox 763 2427 858 2514; x_wconf 75' lang='lat' dir='ltr'><strong>legati</strong></span> <span class='ocrx_word' id='word_1_225' title='bbox 880 2442 1052 2493; x_wconf 82' lang='lat' dir='ltr'><strong>venemnt:</strong></span> <span class='ocrx_word' id='word_1_226' title='bbox 1076 2450 1211 2515; x_wconf 82' lang='lat' dir='ltr'><strong>qnorum</strong></span> <span class='ocrx_word' id='word_1_227' title='bbox 1230 2429 1383 2516; x_wconf 87' lang='lat' dir='ltr'><strong>prinecps</strong></span> 
     </span>
     <span class='ocr_line' id='line_1_27' title="bbox 179 2514 1384 2602; baseline 0.001 -23"><span class='ocrx_word' id='word_1_228' title='bbox 179 2539 288 2589; x_wconf 81' lang='lat' dir='ltr'><strong>veniunt.</strong></span> <span class='ocrx_word' id='word_1_229' title='bbox 335 2514 535 2602; x_wconf 89' lang='lat' dir='ltr'><strong>Apollonius,</strong></span> <span class='ocrx_word' id='word_1_230' title='bbox 551 2518 585 2578; x_wconf 90' lang='lat' dir='ltr'><strong>in</strong></span> <span class='ocrx_word' id='word_1_231' title='bbox 606 2529 751 2579; x_wconf 88' lang='lat' dir='ltr'><strong>senatum</strong></span> <span class='ocrx_word' id='word_1_232' title='bbox 765 2514 973 2593; x_wconf 85' lang='lat' dir='ltr'><strong>introductus,</strong></span> <span class='ocrx_word' id='word_1_233' title='bbox 988 2514 1096 2579; x_wconf 87' lang='lat' dir='ltr'><strong>multis</strong></span> <span class='ocrx_word' id='word_1_234' title='bbox 1108 2516 1263 2601; x_wconf 84' lang='lat' dir='ltr'><strong>iustisque</strong></span> <span class='ocrx_word' id='word_1_235' title='bbox 1278 2516 1384 2580; x_wconf 76' lang='lat' dir='ltr'><strong>eurisis</strong></span> 
     </span>
     <span class='ocr_line' id='line_1_28' title="bbox 334 2599 1406 2689; baseline 0.001 -24"><span class='ocrx_word' id='word_1_236' title='bbox 334 2624 441 2689; x_wconf 85' lang='lat' dir='ltr'><strong>regem</strong></span> <span class='ocrx_word' id='word_1_237' title='bbox 457 2602 628 2680; x_wconf 84' lang='lat' dir='ltr'><strong>excusavit,</strong></span> <span class='ocrx_word' id='word_1_238' title='bbox 645 2599 755 2688; x_wconf 87' lang='lat' dir='ltr'><strong>‘quod</strong></span> <span class='ocrx_word' id='word_1_239' title='bbox 776 2602 815 2664; x_wconf 86' lang='lat' dir='ltr'><strong>sti</strong></span> <span class='ocrx_word' id='word_1_240' title='bbox 858 2602 971 2665; x_wconf 91' lang='lat' dir='ltr'><strong>ndium</strong></span> <span class='ocrx_word' id='word_1_241' title='bbox 992 2602 1091 2665; x_wconf 88' lang='lat' dir='ltr'><strong>serius</strong></span> <span class='ocrx_word' id='word_1_242' title='bbox 1112 2623 1209 2688; x_wconf 91' lang='lat' dir='ltr'><strong>quam</strong></span> <span class='ocrx_word' id='word_1_243' title='bbox 1231 2601 1272 2665; x_wconf 89' lang='lat' dir='ltr'><strong>ad</strong></span> <span class='ocrx_word' id='word_1_244' title='bbox 1293 2602 1406 2676; x_wconf 85' lang='lat' dir='ltr'><strong>diem4</strong></span> 
     </span>
     <span class='ocr_line' id='line_1_29' title="bbox 336 2624 1381 2775; baseline 0 -25"><span class='ocrx_word' id='word_1_245' title='bbox 336 2696 533 2775; x_wconf 83' lang='lat' dir='ltr'><strong>‘praestaret</strong></span> <span class='ocrx_word' id='word_1_246' title='bbox 570 2687 609 2752; x_wconf 94' lang='lat' dir='ltr'><strong>Id</strong></span> <span class='ocrx_word' id='word_1_247' title='bbox 624 2710 657 2752; x_wconf 89' lang='lat' dir='ltr'><strong>sc</strong></span> <span class='ocrx_word' id='word_1_248' title='bbox 673 2710 767 2752; x_wconf 91' lang='lat' dir='ltr'><strong>omne</strong></span> <span class='ocrx_word' id='word_1_249' title='bbox 782 2624 955 2766; x_wconf 60' lang='lat' dir='ltr'><strong>adieexisse,</strong></span> <span class='ocrx_word' id='word_1_250' title='bbox 971 2710 1013 2752; x_wconf 93' lang='lat' dir='ltr'><strong>ne</strong></span> <span class='ocrx_word' id='word_1_251' title='bbox 1028 2689 1128 2766; x_wconf 86' lang='lat' dir='ltr'><strong>cuius,</strong></span> <span class='ocrx_word' id='word_1_252' title='bbox 1140 2688 1201 2752; x_wconf 91' lang='lat' dir='ltr'><strong>nisi</strong></span> <span class='ocrx_word' id='word_1_253' title='bbox 1217 2690 1381 2775; x_wconf 89' lang='lat' dir='ltr'><strong>temporis,</strong></span> 
     </span>
     <span class='ocr_line' id='line_1_30' title="bbox 336 2774 1384 2862; baseline 0.002 -24"><span class='ocrx_word' id='word_1_254' title='bbox 336 2774 454 2862; x_wconf 79' lang='lat' dir='ltr'><strong>‘gratia</strong></span> <span class='ocrx_word' id='word_1_255' title='bbox 475 2776 543 2861; x_wconf 83' lang='lat' dir='ltr'><strong>regi</strong></span> <span class='ocrx_word' id='word_1_256' title='bbox 563 2774 663 2839; x_wconf 83' lang='lat' dir='ltr'><strong>fieret</strong></span> <span class='ocrx_word' id='word_1_257' title='bbox 710 2774 843 2838; x_wconf 91' lang='lat' dir='ltr'><strong>Donum</strong></span> <span class='ocrx_word' id='word_1_258' title='bbox 863 2788 1027 2862; x_wconf 86' lang='lat' dir='ltr'><strong>praeterea</strong></span> <span class='ocrx_word' id='word_1_259' title='bbox 1047 2776 1168 2851; x_wconf 86' lang='lat' dir='ltr'><strong>afferre,</strong></span> <span class='ocrx_word' id='word_1_260' title='bbox 1189 2796 1263 2838; x_wconf 88' lang='lat' dir='ltr'><strong>vasa</strong></span> <span class='ocrx_word' id='word_1_261' title='bbox 1284 2797 1384 2840; x_wconf 86' lang='lat' dir='ltr'><strong>aurea</strong></span> 
     </span>
     <span class='ocr_line' id='line_1_31' title="bbox 336 2859 1382 2949; baseline 0.002 -24"><span class='ocrx_word' id='word_1_262' title='bbox 336 2861 564 2949; x_wconf 81' lang='lat' dir='ltr'><strong>‘quingentum</strong></span> <span class='ocrx_word' id='word_1_263' title='bbox 586 2860 702 2947; x_wconf 92' lang='lat' dir='ltr'><strong>pondo.</strong></span> <span class='ocrx_word' id='word_1_264' title='bbox 748 2859 863 2925; x_wconf 83' lang='lat' dir='ltr'><strong>Petere</strong></span> <span class='ocrx_word' id='word_1_265' title='bbox 886 2882 1004 2949; x_wconf 81' lang='lat' dir='ltr'><strong>regem,</strong></span> <span class='ocrx_word' id='word_1_266' title='bbox 1024 2876 1070 2939; x_wconf 82' lang='lat' dir='ltr'><strong>ut,</strong></span> <span class='ocrx_word' id='word_1_267' title='bbox 1093 2879 1268 2949; x_wconf 89' lang='lat' dir='ltr'><strong>quaecum</strong></span> <span class='ocrx_word' id='word_1_268' title='bbox 1289 2875 1382 2948; x_wconf 76' lang='lat' dir='ltr'><strong>patre</strong></span> 
     </span>
     <span class='ocr_line' id='line_1_32' title="bbox 336 2947 1381 3047; baseline 0.002 -36"><span class='ocrx_word' id='word_1_269' title='bbox 336 2956 411 3012; x_wconf 88' lang='lat' dir='ltr'><strong>‘suo</strong></span> <span class='ocrx_word' id='word_1_270' title='bbox 426 2948 558 3012; x_wconf 88' lang='lat' dir='ltr'><strong>societas</strong></span> <span class='ocrx_word' id='word_1_271' title='bbox 571 2959 665 3047; x_wconf 85' lang='lat' dir='ltr'><strong>atque</strong></span> <span class='ocrx_word' id='word_1_272' title='bbox 681 2947 820 3013; x_wconf 86' lang='lat' dir='ltr'><strong>amicitia</strong></span> <span class='ocrx_word' id='word_1_273' title='bbox 833 2947 952 3025; x_wconf 75' lang='lat' dir='ltr'><strong>frrhset,</strong></span> <span class='ocrx_word' id='word_1_274' title='bbox 968 2970 1008 3012; x_wconf 90' lang='lat' dir='ltr'><strong>ea</strong></span> <span class='ocrx_word' id='word_1_275' title='bbox 1025 2970 1134 3012; x_wconf 91' lang='lat' dir='ltr'><strong>secum</strong></span> <span class='ocrx_word' id='word_1_276' title='bbox 1155 2962 1381 3026; x_wconf 82' lang='lat' dir='ltr'><strong>renovaretur3</strong></span> 
     </span>
     <span class='ocr_line' id='line_1_33' title="bbox 336 3033 1382 3121; baseline 0.003 -24"><span class='ocrx_word' id='word_1_277' title='bbox 336 3034 586 3121; x_wconf 88' lang='lat' dir='ltr'><strong>‘imperaretque</strong></span> <span class='ocrx_word' id='word_1_278' title='bbox 606 3034 666 3098; x_wconf 84' lang='lat' dir='ltr'><strong>arbi</strong></span> <span class='ocrx_word' id='word_1_279' title='bbox 687 3033 824 3121; x_wconf 92' lang='lat' dir='ltr'><strong>populus</strong></span> <span class='ocrx_word' id='word_1_280' title='bbox 839 3034 1014 3111; x_wconf 86' lang='lat' dir='ltr'><strong>Romanus,</strong></span> <span class='ocrx_word' id='word_1_281' title='bbox 1030 3055 1112 3121; x_wconf 90' lang='lat' dir='ltr'><strong>quae</strong></span> <span class='ocrx_word' id='word_1_282' title='bbox 1126 3036 1211 3100; x_wconf 93' lang='lat' dir='ltr'><strong>bono</strong></span> <span class='ocrx_word' id='word_1_283' title='bbox 1226 3034 1382 3121; x_wconf 89' lang='lat' dir='ltr'><strong>fidelique</strong></span> 
     </span>
     <span class='ocr_line' id='line_1_34' title="bbox 336 3120 1383 3208; baseline 0.002 -24"><span class='ocrx_word' id='word_1_284' title='bbox 336 3120 438 3184; x_wconf 84' lang='lat' dir='ltr'><strong>‘socio</strong></span> <span class='ocrx_word' id='word_1_285' title='bbox 453 3122 520 3208; x_wconf 87' lang='lat' dir='ltr'><strong>regi</strong></span> <span class='ocrx_word' id='word_1_286' title='bbox 535 3132 641 3185; x_wconf 87' lang='lat' dir='ltr'><strong>essent</strong></span> <span class='ocrx_word' id='word_1_287' title='bbox 655 3120 856 3208; x_wconf 81' lang='lat' dir='ltr'><strong>imperanda:</strong></span> <span class='ocrx_word' id='word_1_288' title='bbox 883 3144 917 3185; x_wconf 87' lang='lat' dir='ltr'><strong>se</strong></span> <span class='ocrx_word' id='word_1_289' title='bbox 931 3120 1020 3185; x_wconf 91' lang='lat' dir='ltr'><strong>nullo</strong></span> <span class='ocrx_word' id='word_1_290' title='bbox 1036 3142 1170 3207; x_wconf 87' lang='lat' dir='ltr'><strong>usquam</strong></span> <span class='ocrx_word' id='word_1_291' title='bbox 1186 3133 1383 3186; x_wconf 86' lang='lat' dir='ltr'><strong>cessaturum</strong></span> 
     </span>
     <span class='ocr_line' id='line_1_35' title="bbox 336 3206 1383 3295; baseline 0.001 -24"><span class='ocrx_word' id='word_1_292' title='bbox 336 3207 465 3271; x_wconf 79' lang='lat' dir='ltr'><strong>‘officio</strong></span> <span class='ocrx_word' id='word_1_293' title='bbox 512 3206 561 3272; x_wconf 90' lang='lat' dir='ltr'><strong>Ea</strong></span> <span class='ocrx_word' id='word_1_294' title='bbox 575 3207 687 3271; x_wconf 89' lang='lat' dir='ltr'><strong>merita</strong></span> <span class='ocrx_word' id='word_1_295' title='bbox 706 3208 741 3270; x_wconf 90' lang='lat' dir='ltr'><strong>iu</strong></span> <span class='ocrx_word' id='word_1_296' title='bbox 760 3230 793 3271; x_wconf 87' lang='lat' dir='ltr'><strong>se</strong></span> <span class='ocrx_word' id='word_1_297' title='bbox 811 3220 939 3271; x_wconf 87' lang='lat' dir='ltr'><strong>senatus</strong></span> <span class='ocrx_word' id='word_1_298' title='bbox 952 3206 1058 3285; x_wconf 81' lang='lat' dir='ltr'><strong>fuisse,</strong></span> <span class='ocrx_word' id='word_1_299' title='bbox 1074 3230 1175 3295; x_wconf 89' lang='lat' dir='ltr'><strong>quum</strong></span> <span class='ocrx_word' id='word_1_300' title='bbox 1192 3208 1315 3273; x_wconf 86' lang='lat' dir='ltr'><strong>Romae</strong></span> <span class='ocrx_word' id='word_1_301' title='bbox 1330 3230 1383 3272; x_wconf 87' lang='lat' dir='ltr'><strong>es-</strong></span> 
     </span>
     <span class='ocr_line' id='line_1_36' title="bbox 336 3293 1383 3382; baseline 0 -23"><span class='ocrx_word' id='word_1_302' title='bbox 336 3302 411 3370; x_wconf 73' lang='lat' dir='ltr'><strong>‘set</strong></span> <span class='ocrx_word' id='word_1_303' title='bbox 427 3316 497 3358; x_wconf 88' lang='lat' dir='ltr'><strong>eam</strong></span> <span class='ocrx_word' id='word_1_304' title='bbox 520 3293 700 3357; x_wconf 86' lang='lat' dir='ltr'><strong>comitatem</strong></span> <span class='ocrx_word' id='word_1_305' title='bbox 722 3294 905 3372; x_wconf 87' lang='lat' dir='ltr'><strong>iuventutis,</strong></span> <span class='ocrx_word' id='word_1_306' title='bbox 921 3307 958 3357; x_wconf 93' lang='lat' dir='ltr'><strong>ut</strong></span> <span class='ocrx_word' id='word_1_307' title='bbox 979 3317 1037 3381; x_wconf 90' lang='lat' dir='ltr'><strong>pro</strong></span> <span class='ocrx_word' id='word_1_308' title='bbox 1056 3316 1142 3380; x_wconf 81' lang='lat' dir='ltr'><strong>rege,</strong></span> <span class='ocrx_word' id='word_1_309' title='bbox 1156 3316 1223 3359; x_wconf 91' lang='lat' dir='ltr'><strong>non</strong></span> <span class='ocrx_word' id='word_1_310' title='bbox 1244 3318 1303 3382; x_wconf 89' lang='lat' dir='ltr'><strong>pro</strong></span> <span class='ocrx_word' id='word_1_311' title='bbox 1323 3296 1383 3359; x_wconf 88' lang='lat' dir='ltr'><strong>ob·</strong></span> 
     </span>
     <span class='ocr_line' id='line_1_37' title="bbox 335 3378 1383 3469; baseline 0 -24"><span class='ocrx_word' id='word_1_312' title='bbox 335 3380 430 3457; x_wconf 88' lang='lat' dir='ltr'><strong>‘side,</strong></span> <span class='ocrx_word' id='word_1_313' title='bbox 446 3380 593 3445; x_wconf 91' lang='lat' dir='ltr'><strong>omnibus</strong></span> <span class='ocrx_word' id='word_1_314' title='bbox 608 3378 772 3445; x_wconf 90' lang='lat' dir='ltr'><strong>ordinibus</strong></span> <span class='ocrx_word' id='word_1_315' title='bbox 786 3380 900 3445; x_wconf 83' lang='lat' dir='ltr'><strong>fuerit&#39;</strong></span> <span class='ocrx_word' id='word_1_316' title='bbox 943 3380 1073 3469; x_wconf 77' lang='lat' dir='ltr'><strong>legatis</strong></span> <span class='ocrx_word' id='word_1_317' title='bbox 1089 3381 1228 3468; x_wconf 70' lang='lat' dir='ltr'><strong>benigna</strong></span> <span class='ocrx_word' id='word_1_318' title='bbox 1248 3403 1383 3468; x_wconf 89' lang='lat' dir='ltr'><strong>respon·</strong></span> 
     </span>
     <span class='ocr_line' id='line_1_38' title="bbox 334 3467 1380 3555; baseline 0 -22"><span class='ocrx_word' id='word_1_319' title='bbox 334 3491 414 3545; x_wconf 90' lang='lat' dir='ltr'><strong>sum,</strong></span> <span class='ocrx_word' id='word_1_320' title='bbox 431 3482 465 3533; x_wconf 92' lang='lat' dir='ltr'><strong>et</strong></span> <span class='ocrx_word' id='word_1_321' title='bbox 478 3467 660 3532; x_wconf 88' lang='lat' dir='ltr'><strong>societatem</strong></span> <span class='ocrx_word' id='word_1_322' title='bbox 675 3488 825 3531; x_wconf 87' lang='lat' dir='ltr'><strong>renovare</strong></span> <span class='ocrx_word' id='word_1_323' title='bbox 837 3490 911 3532; x_wconf 89' lang='lat' dir='ltr'><strong>cum</strong></span> <span class='ocrx_word' id='word_1_324' title='bbox 921 3467 1093 3546; x_wconf 91' lang='lat' dir='ltr'><strong>Antiocho,</strong></span> <span class='ocrx_word' id='word_1_325' title='bbox 1104 3490 1186 3554; x_wconf 88' lang='lat' dir='ltr'><strong>quae</strong></span> <span class='ocrx_word' id='word_1_326' title='bbox 1200 3490 1275 3532; x_wconf 89' lang='lat' dir='ltr'><strong>cum</strong></span> <span class='ocrx_word' id='word_1_327' title='bbox 1288 3482 1380 3555; x_wconf 85' lang='lat' dir='ltr'><strong>patre</strong></span> 
     </span>
     <span class='ocr_line' id='line_1_39' title="bbox 333 3553 1381 3641; baseline 0.001 -22"><span class='ocrx_word' id='word_1_328' title='bbox 333 3556 402 3620; x_wconf 89' lang='lat' dir='ltr'><strong>eius</strong></span> <span class='ocrx_word' id='word_1_329' title='bbox 416 3555 527 3633; x_wconf 86' lang='lat' dir='ltr'><strong>fuerat,</strong></span> <span class='ocrx_word' id='word_1_330' title='bbox 544 3554 584 3618; x_wconf 92' lang='lat' dir='ltr'><strong>A.</strong></span> <span class='ocrx_word' id='word_1_331' title='bbox 599 3553 718 3619; x_wconf 87' lang='lat' dir='ltr'><strong>Atilius</strong></span> <span class='ocrx_word' id='word_1_332' title='bbox 732 3568 859 3641; x_wconf 88' lang='lat' dir='ltr'><strong>praetor</strong></span> <span class='ocrx_word' id='word_1_333' title='bbox 876 3555 1015 3619; x_wconf 84' lang='lat' dir='ltr'><strong>urbanus</strong></span> <span class='ocrx_word' id='word_1_334' title='bbox 1029 3555 1138 3619; x_wconf 88' lang='lat' dir='ltr'><strong>iussus</strong></span> <span class='ocrx_word' id='word_1_335' title='bbox 1187 3553 1381 3630; x_wconf 89' lang='lat' dir='ltr'><strong>Quaestores</strong></span> 
     </span>
    </p>
   </div>
   <div class='ocr_carea' id='block_1_3' title="bbox 335 3642 1379 3729">
    <p class='ocr_par' dir='ltr' id='par_1_3' title="bbox 335 3642 1379 3729">
     <span class='ocr_line' id='line_1_40' title="bbox 335 3642 1379 3729; baseline 0 -24"><span class='ocrx_word' id='word_1_336' title='bbox 335 3642 446 3707; x_wconf 89' lang='lat' dir='ltr'><strong>urbani</strong></span> <span class='ocrx_word' id='word_1_337' title='bbox 465 3642 668 3728; x_wconf 88' lang='lat' dir='ltr'><strong>stipendium,</strong></span> <span class='ocrx_word' id='word_1_338' title='bbox 684 3663 759 3705; x_wconf 86' lang='lat' dir='ltr'><strong>vasa</strong></span> <span class='ocrx_word' id='word_1_339' title='bbox 771 3664 866 3706; x_wconf 89' lang='lat' dir='ltr'><strong>aurea</strong></span> <span class='ocrx_word' id='word_1_340' title='bbox 885 3664 1031 3707; x_wconf 88' lang='lat' dir='ltr'><strong>censores</strong></span> <span class='ocrx_word' id='word_1_341' title='bbox 1045 3654 1252 3729; x_wconf 87' lang='lat' dir='ltr'><strong>acceperunt:</strong></span> <span class='ocrx_word' id='word_1_342' title='bbox 1276 3642 1379 3728; x_wconf 90' lang='lat' dir='ltr'><strong>iisque</strong></span> 
     </span>
    </p>
   </div>
   <div class='ocr_carea' id='block_1_4' title="bbox 293 3858 1379 4427">
    <p class='ocr_par' dir='ltr' id='par_1_4' title="bbox 293 3858 1379 4427">
     <span class='ocr_line' id='line_1_41' title="bbox 293 3858 1379 3924; baseline 0.002 -17"><span class='ocrx_word' id='word_1_343' title='bbox 293 3902 297 3907; x_wconf 90' lang='lat'><strong>.</strong></span> <span class='ocrx_word' id='word_1_344' title='bbox 368 3858 720 3921; x_wconf 75' lang='lat' dir='ltr'><strong>11n*uonorumpcmionea]</strong></span> <span class='ocrx_word' id='word_1_345' title='bbox 732 3860 839 3907; x_wconf 86' lang='lat' dir='ltr'><strong>Videtur</strong></span> <span class='ocrx_word' id='word_1_346' title='bbox 904 3875 917 3921; x_wconf 83' lang='lat'>3</span> <span class='ocrx_word' id='word_1_347' title='bbox 936 3863 1314 3924; x_wconf 74' lang='lat' dir='ltr'><strong>MarcellminPelopoaaarum</strong></span> <span class='ocrx_word' id='word_1_348' title='bbox 1329 3868 1379 3909; x_wconf 81' lang='lat' dir='ltr'><strong>tra-</strong></span> 
     </span>
     <span class='ocr_line' id='line_1_42' title="bbox 334 3921 1378 3987; baseline 0.004 -18"><span class='ocrx_word' id='word_1_349' title='bbox 334 3921 483 3971; x_wconf 88' lang='lat' dir='ltr'><strong>intercidisse</strong></span> <span class='ocrx_word' id='word_1_350' title='bbox 493 3937 608 3971; x_wconf 86' lang='lat' dir='ltr'><strong>numerus</strong></span> <span class='ocrx_word' id='word_1_351' title='bbox 617 3938 744 3973; x_wconf 87' lang='lat' dir='ltr'><strong>annorum.</strong></span> <span class='ocrx_word' id='word_1_352' title='bbox 758 3925 838 3974; x_wconf 84' lang='lat' dir='ltr'><strong>Caav.</strong></span> <span class='ocrx_word' id='word_1_353' title='bbox 871 3926 1005 3987; x_wconf 64' lang='lat' dir='ltr'><strong>iactaque]</strong></span> <span class='ocrx_word' id='word_1_354' title='bbox 1030 3925 1136 3974; x_wconf 86' lang='lat' dir='ltr'><strong>Videtur</strong></span> <span class='ocrx_word' id='word_1_355' title='bbox 1152 3926 1270 3974; x_wconf 81' lang='lat' dir='ltr'><strong>excidisse</strong></span> <span class='ocrx_word' id='word_1_356' title='bbox 1289 3938 1378 3974; x_wconf 86' lang='lat' dir='ltr'><strong>nomen</strong></span> 
     </span>
     <span class='ocr_line' id='line_1_43' title="bbox 368 3988 1378 4048; baseline 0.005 -15"><span class='ocrx_word' id='word_1_357' title='bbox 368 4000 381 4033; x_wconf 80' lang='lat' dir='ltr'><strong>a</strong></span> <span class='ocrx_word' id='word_1_358' title='bbox 401 3988 466 4044; x_wconf 81' lang='lat' dir='ltr'><strong>Quor</strong></span> <span class='ocrx_word' id='word_1_359' title='bbox 486 3988 600 4035; x_wconf 60' lang='lat' dir='ltr'><strong>lontano</strong></span> <span class='ocrx_word' id='word_1_360' title='bbox 619 3994 745 4048; x_wconf 64' lang='lat' dir='ltr'><strong>quaerant</strong></span> <span class='ocrx_word' id='word_1_361' title='bbox 764 3988 837 4047; x_wconf 74' lang='lat' dir='ltr'><strong>aeuo]</strong></span> <span class='ocrx_word' id='word_1_362' title='bbox 872 3988 925 4035; x_wconf 85' lang='lat' dir='ltr'><strong>eiua</strong></span> <span class='ocrx_word' id='word_1_363' title='bbox 934 3988 1007 4048; x_wconf 91' lang='lat' dir='ltr'><strong>urbis,</strong></span> <span class='ocrx_word' id='word_1_364' title='bbox 1018 3990 1061 4037; x_wconf 89' lang='lat' dir='ltr'><strong>ubi</strong></span> <span class='ocrx_word' id='word_1_365' title='bbox 1071 3990 1133 4039; x_wconf 92' lang='lat' dir='ltr'><strong>illud</strong></span> <span class='ocrx_word' id='word_1_366' title='bbox 1145 3989 1275 4038; x_wconf 83' lang='lat' dir='ltr'><strong>concilium</strong></span> <span class='ocrx_word' id='word_1_367' title='bbox 1285 3990 1378 4038; x_wconf 70' lang='lat' dir='ltr'><strong>Achae</strong></span> 
     </span>
     <span class='ocr_line' id='line_1_44' title="bbox 335 4050 1218 4113; baseline 0.006 -15"><span class='ocrx_word' id='word_1_368' title='bbox 335 4050 473 4099; x_wconf 86' lang='lat' dir='ltr'><strong>Gronovius</strong></span> <span class='ocrx_word' id='word_1_369' title='bbox 486 4064 571 4099; x_wconf 83' lang='lat' dir='ltr'><strong>vocem</strong></span> <span class='ocrx_word' id='word_1_370' title='bbox 584 4060 710 4111; x_wconf 73' lang='lat' dir='ltr'><strong>yemarent</strong></span> <span class='ocrx_word' id='word_1_371' title='bbox 723 4052 839 4113; x_wconf 85' lang='lat' dir='ltr'><strong>supplen-</strong></span> <span class='ocrx_word' id='word_1_372' title='bbox 872 4067 941 4099; x_wconf 88' lang='lat' dir='ltr'><strong>orum</strong></span> <span class='ocrx_word' id='word_1_373' title='bbox 953 4053 1065 4101; x_wconf 86' lang='lat' dir='ltr'><strong>habitum</strong></span> <span class='ocrx_word' id='word_1_374' title='bbox 1076 4061 1120 4103; x_wconf 70' lang='lat' dir='ltr'><strong>ert.</strong></span> <span class='ocrx_word' id='word_1_375' title='bbox 1137 4055 1218 4104; x_wconf 82' lang='lat' dir='ltr'><strong>Caav.</strong></span> 
     </span>
     <span class='ocr_line' id='line_1_45' title="bbox 323 4113 1377 4178; baseline 0.001 -13"><span class='ocrx_word' id='word_1_376' title='bbox 323 4115 381 4165; x_wconf 75' lang='lat' dir='ltr'><strong>dae</strong></span> <span class='ocrx_word' id='word_1_377' title='bbox 398 4114 532 4164; x_wconf 83' lang='lat' dir='ltr'><strong>sententiae</strong></span> <span class='ocrx_word' id='word_1_378' title='bbox 547 4113 656 4162; x_wconf 86' lang='lat' dir='ltr'><strong>additam</strong></span> <span class='ocrx_word' id='word_1_379' title='bbox 672 4115 746 4164; x_wconf 77' lang='lat' dir='ltr'><strong>haime</strong></span> <span class='ocrx_word' id='word_1_380' title='bbox 763 4113 839 4177; x_wconf 81' lang='lat' dir='ltr'><strong>auspi·</strong></span> <span class='ocrx_word' id='word_1_381' title='bbox 903 4132 919 4176; x_wconf 81' lang='grc'><strong>4</strong></span> <span class='ocrx_word' id='word_1_382' title='bbox 936 4120 1142 4178; x_wconf 73' lang='lat' dir='ltr'><strong>Qrmmaddiem]</strong></span> <span class='ocrx_word' id='word_1_383' title='bbox 1158 4118 1230 4166; x_wconf 83' lang='lat' dir='ltr'><strong>Haec</strong></span> <span class='ocrx_word' id='word_1_384' title='bbox 1239 4118 1377 4166; x_wconf 83' lang='lat' dir='ltr'><strong>emendatio</strong></span> 
     </span>
     <span class='ocr_line' id='line_1_46' title="bbox 335 4178 1377 4244; baseline 0.006 -20"><span class='ocrx_word' id='word_1_385' title='bbox 335 4184 447 4236; x_wconf 82' lang='lat' dir='ltr'><strong>catur‚et</strong></span> <span class='ocrx_word' id='word_1_386' title='bbox 461 4180 656 4242; x_wconf 75' lang='lat' dir='ltr'><strong>qrmsiintastt&#39;no</strong></span> <span class='ocrx_word' id='word_1_387' title='bbox 668 4178 840 4237; x_wconf 69' lang='lat' dir='ltr'><strong>oenomaum,</strong></span> <span class='ocrx_word' id='word_1_388' title='bbox 871 4196 888 4227; x_wconf 87' lang='lat' dir='ltr'><strong>a</strong></span> <span class='ocrx_word' id='word_1_389' title='bbox 911 4195 987 4229; x_wconf 86' lang='lat' dir='ltr'><strong>manu</strong></span> <span class='ocrx_word' id='word_1_390' title='bbox 1008 4182 1166 4231; x_wconf 84' lang='lat' dir='ltr'><strong>Gronoviana</strong></span> <span class='ocrx_word' id='word_1_391' title='bbox 1193 4182 1313 4244; x_wconf 83' lang='lat' dir='ltr'><strong>provenit,</strong></span> <span class='ocrx_word' id='word_1_392' title='bbox 1334 4198 1377 4244; x_wconf 89' lang='lat' dir='ltr'><strong>pm</strong></span> 
     </span>
     <span class='ocr_line' id='line_1_47' title="bbox 335 4242 1377 4308; baseline 0.005 -20"><span class='ocrx_word' id='word_1_393' title='bbox 335 4256 409 4303; x_wconf 89' lang='lat' dir='ltr'><strong>quum</strong></span> <span class='ocrx_word' id='word_1_394' title='bbox 428 4257 477 4291; x_wconf 89' lang='lat' dir='ltr'><strong>non</strong></span> <span class='ocrx_word' id='word_1_395' title='bbox 496 4242 588 4291; x_wconf 87' lang='lat' dir='ltr'><strong>bellum</strong></span> <span class='ocrx_word' id='word_1_396' title='bbox 607 4247 679 4301; x_wconf 76' lang='lat' dir='ltr'><strong>emet,</strong></span> <span class='ocrx_word' id='word_1_397' title='bbox 695 4243 738 4291; x_wconf 83' lang='lat' dir='ltr'><strong>scd</strong></span> <span class='ocrx_word' id='word_1_398' title='bbox 755 4242 840 4290; x_wconf 81' lang='lat' dir='ltr'><strong>factio-</strong></span> <span class='ocrx_word' id='word_1_399' title='bbox 872 4244 937 4304; x_wconf 82' lang='lat' dir='ltr'><strong>vulg.</strong></span> <span class='ocrx_word' id='word_1_400' title='bbox 956 4248 1044 4308; x_wconf 77' lang='lat' dir='ltr'><strong>quoad,</strong></span> <span class='ocrx_word' id='word_1_401' title='bbox 1062 4246 1127 4306; x_wconf 85' lang='lat' dir='ltr'><strong>quod</strong></span> <span class='ocrx_word' id='word_1_402' title='bbox 1149 4246 1313 4307; x_wconf 74' lang='lat' dir='ltr'><strong>grammaticis</strong></span> <span class='ocrx_word' id='word_1_403' title='bbox 1331 4246 1377 4294; x_wconf 81' lang='lat' dir='ltr'><strong>dis-</strong></span> 
     </span>
     <span class='ocr_line' id='line_1_48' title="bbox 335 4305 1376 4373; baseline 0.003 -18"><span class='ocrx_word' id='word_1_404' title='bbox 335 4320 394 4355; x_wconf 90' lang='lat' dir='ltr'><strong>num</strong></span> <span class='ocrx_word' id='word_1_405' title='bbox 407 4305 491 4355; x_wconf 84' lang='lat' dir='ltr'><strong>rabies.</strong></span> <span class='ocrx_word' id='word_1_406' title='bbox 524 4309 640 4369; x_wconf 80' lang='lat' dir='ltr'><strong>Quaeque</strong></span> <span class='ocrx_word' id='word_1_407' title='bbox 651 4321 766 4368; x_wconf 76' lang='lat' dir='ltr'><strong>proqraas</strong></span> <span class='ocrx_word' id='word_1_408' title='bbox 778 4306 839 4353; x_wconf 89' lang='lat' dir='ltr'><strong>Dra-</strong></span> <span class='ocrx_word' id='word_1_409' title='bbox 871 4308 999 4369; x_wconf 83' lang='lat' dir='ltr'><strong>plicuerat.</strong></span> <span class='ocrx_word' id='word_1_410' title='bbox 1038 4309 1089 4358; x_wconf 83' lang='lat' dir='ltr'><strong>Alii</strong></span> <span class='ocrx_word' id='word_1_411' title='bbox 1110 4312 1174 4373; x_wconf 77' lang='lat' dir='ltr'><strong>qaod</strong></span> <span class='ocrx_word' id='word_1_412' title='bbox 1193 4312 1228 4358; x_wconf 81' lang='lat' dir='ltr'><strong>ad</strong></span> <span class='ocrx_word' id='word_1_413' title='bbox 1246 4312 1310 4360; x_wconf 77' lang='lat' dir='ltr'><strong>diem</strong></span> <span class='ocrx_word' id='word_1_414' title='bbox 1327 4325 1376 4358; x_wconf 89' lang='lat' dir='ltr'><strong>ma·</strong></span> 
     </span>
     <span class='ocr_line' id='line_1_49' title="bbox 335 4369 933 4427; baseline 0.008 -10"><span class='ocrx_word' id='word_1_415' title='bbox 335 4370 496 4427; x_wconf 78' lang='lat' dir='ltr'><strong>lenborahiua</strong></span> <span class='ocrx_word' id='word_1_416' title='bbox 507 4371 686 4423; x_wconf 81' lang='lat' dir='ltr'><strong>emendandum</strong></span> <span class='ocrx_word' id='word_1_417' title='bbox 698 4369 803 4419; x_wconf 75' lang='lat' dir='ltr'><strong>conficit</strong></span> <span class='ocrx_word' id='word_1_418' title='bbox 872 4370 933 4422; x_wconf 86' lang='lat' dir='ltr'><strong>lunt.</strong></span> 
     </span>
    </p>
   </div>
   <div class='ocr_carea' id='block_1_5' title="bbox 0 0 1472 4800">
    <p class='ocr_par' dir='ltr' id='par_1_5' title="bbox 0 0 1472 4800">
     <span class='ocr_line' id='line_1_50' title="bbox 0 0 1472 4800; baseline 0 3"><span class='ocrx_word' id='word_1_419' title='bbox 0 0 1472 4800; x_wconf 95' lang='lat' dir='ltr'><strong> </strong></span> 
     </span>
    </p>
   </div>
  </div>
 </body>
</html>
