2934 4800
240 234 629 305 FRAGMENTUM
659 233 757 303 LIB.
773 236 884 303 XCI.
1026 240 1090 301 309

325 890 796 987 EPILOGUS

74 1208 479 1284 FRANCISCI
524 1209 1015 1286 CANCELLERII.

458 1540 659 1583 —4—

46 1852 224 2030 QUUM
248 1852 348 1920 libelli
373 1854 538 1943 impressio
561 1854 603 1921 ad
625 1855 813 1923 umbilicum
835 1856 902 1923 iere
931 1854 1086 1945 perducta

137 1953 238 2019 esset,
253 1939 421 2029 multiplex
437 1954 506 2007 tota
519 1942 598 2007 urbe
613 1957 724 2008 exorta
740 1966 777 2009 ae
794 1966 852 2033 pro
934 1956 967 2008 ta
981 1936 1085 2008 est'de

46 2029 171 2094 iviauo
189 2027 253 2093 hoc
266 2026 444 2115 fragmento
459 2028 647 2117 opinionum
660 2029 823 2095 dissensio.
958 2029 1084 2106 renim,

46 2115 78 2179 ri
106 2136 183 2180 rem
208 2112 244 2178 in
266 2114 479 2205 suspicionem
502 2115 674 2181 ementitae
697 2116 837 2181 veritatis
862 2115 1083 2192 adducebant3

46 2214 132 2279 unt,
158 2200 219 2289 qui
242 2199 338 2302 plane
361 2199 472 2267 falsam
497 2224 535 2266 ac
559 2202 811 2268 commentitiam
834 2202 1083 2304 praedicabant3

46 2288 177 2375 enique
204 2287 337 2374 qurdam
362 2310 463 2375 quum
491 2289 690 2354 membranas
717 2289 939 2377 inspensseut,
968 2286 1087 2353 nihilo·

46 2374 142 2440 linus
155 2374 193 2438 in
207 2372 283 2453 sole,
298 2386 336 2440 ut
350 2374 447 2440 estin
460 2375 638 2476 proverbio,
653 2374 835 2464 caligantes,
851 2374 940 2463 quod
954 2374 1087 2440 suismet

47 2461 134 2526 culis
150 2474 388 2548 usurpaverunt,
403 2461 520 2526 vidisse
534 2483 567 2526 se
605 2462 758 2528 raefracte
772 2464 969 2550 negsbmtw.
1016 2459 1087 2524 Etsi

47 2571 108 2614 ero
129 2547 265 2612 istorum
284 2546 441 2613 tumultus
454 2569 492 2613 ac
504 2485 746 2614 rocildrationes
765 2569 876 2613 omnes
893 2545 1000 2635 psullo
1017 2567 1088 2610 cor-

47 2635 177 2699 lstiores
191 2633 267 2711 risu,
281 2645 320 2698 ut
335 2655 394 2722 par
407 2646 485 2713 crat,
500 2656 538 2698 ac
556 2635 720 2700 cachinnis
740 2635 945 2723 exciperent3
968 2645 1086 2710 tamen,

47 2743 141 2808 [uum
154 2741 221 2785 nou
232 2719 389 2798 deessent,
401 2721 458 2808 qui
473 2733 522 2786 tot
535 2720 713 2799 bominum,
724 2733 877 2809 tantaque
892 2717 1088 2784 confidentis

47 2805 187 2873 ›rofectis
202 2806 334 2872 vocibus
354 2827 422 2872 non
443 2806 645 2873 mediocriter
664 2818 950 2885 commoverentur,
967 2805 1088 2870 lactum

48 2909 97 2972 st,
121 2905 161 2958 ut
182 2892 286 2958 omnis
310 2893 390 2958 haec
411 2891 610 2959 literatorum
632 2895 722 2959 natio
745 2893 850 2960 studia
871 2894 907 2958 in
932 2892 1090 2958 contraria

48 2980 258 3046 scinderetur:
282 3000 383 3067 quum
406 3002 447 3044 ue
466 2979 521 3044 ille
540 2978 641 3045 libelli
660 2979 835 3046 editionem
855 2980 890 3044 in
907 2979 1030 3068 vulgus,
1046 3000 1088 3044 ne

48 3065 123 3154 quid
147 3063 321 3131 Vaticanae
348 3066 406 3132 bib
418 3065 560 3131 'ethecae
585 3066 709 3132 nomini
739 3067 927 3145 officeretur,
956 3065 1089 3131 omnino

48 3151 279 3242 impediendum
303 3153 417 3218 acriter
437 3151 673 3229 contendebat3
694 3152 748 3217 hic
762 3153 851 3220 vanis
872 3151 1090 3218 blateronibus

48 3263 80 3304 os
100 3237 341 3316 occludendum,
356 3261 417 3304 nec
432 3237 552 3304 diutius
574 3238 731 3304 literariae
754 3237 946 3327 reipublicae
966 3249 1088 3303 tautam

49 3326 238 3412 voluptatem
252 3324 458 3390 invidendum
472 3325 684 3404 existimabat,
708 3325 764 3390 ‘hi
778 3337 884 3391 motus
898 3325 1088 3401 animorum,

51 3420 162 3500 ‘etque
175 3409 254 3477 baec
268 3411 442 3477 certamina
456 3411 557 3477 tauta’
576 3411 618 3478 ad
639 3433 731 3477 aures
752 3410 975 3499 sapientissimi
992 3431 1012 3474 a
1047 3431 1088 3474 ue

51 3499 143 3563 unius
155 3497 295 3563 omnium
352 3497 571 3584 rspicacissimi
587 3521 624 3564 ac
641 3496 909 3586 providentissimi
924 3496 996 3561 Pon
1011 3496 1019 3511 “
1045 3495 1091 3560 cis

56 3583 224 3650 Clementis
244 3521 352 3649 llllPe
361 3583 467 3648 delata
488 3597 583 3661 nmt3
607 3585 664 3672 qui
681 3604 782 3672 quum
805 3582 866 3648 hae
889 3582 986 3647 etiam
1003 3581 1089 3659 dote,

57 3693 132 3758 quae
143 3670 292 3736 maximos
303 3691 430 3771 semper
461 3671 599 3758 rincipes
609 3669 760 3736 comitata
770 3683 827 3748 est,
837 3667 1028 3757 spectandus
1037 3668 1089 3746 sit,

58 3773 91 3822 ut
114 3779 213 3822 amore
237 3755 416 3822 incredibili
482 3779 540 3822 nas
566 3769 648 3822 artes
675 3756 846 3858 litemque
871 3767 1089 3844 prosequatm,

60 3843 190 3930 nihilque
218 3842 299 3921 leve,
325 3841 407 3908 nihil
435 3842 706 3910 contemnendum
731 3845 910 3921 orbaretur,
936 3842 1024 3930 quod
1050 3841 1092 3908 ad

62 3951 158 3994 eamn
173 3928 292 3994 cultum
312 3943 409 4030 atque
427 3929 659 3996 incrementum
674 3952 805 4019 quoquo
825 3929 921 3996 modo
935 3929 1093 4016 intelliget
1196 3993 1200 4002 ,

63 4016 213 4116 pertinere,
228 4029 298 4081 tum
314 4015 412 4080 hurus
429 4017 599 4105 praecipue
618 4017 737 4104 reperti
756 4017 896 4082 novitate
917 4017 1092 4081 maximum

65 4125 96 4166 ιιι
115 4101 233 4167 modum
254 4123 421 4190 percussus
442 4116 499 4168 est
547 4103 765 4180 Quamobrem
791 4125 857 4168 uon
880 4102 982 4167 solum
1004 4101 1093 4190 quod

67 4189 124 4276 ipse
137 4203 211 4255 esset
224 4189 266 4254 de
281 4201 388 4254 tautae
402 4190 450 4255 rei
463 4190 596 4256 veritate
610 4190 690 4254 mire
703 4188 867 4266 sollicitus,
878 4188 935 4253 sed
950 4189 1094 4254 etiam'ut

253 4375 285 4436 3⁸
302 4373 360 4424 Vid.
373 4373 495 4425 luvenatii
506 4379 590 4424 notum
602 4381 626 4424 et
636 4373 766 4434 fragmenti
776 4371 819 4424 lin.
833 4387 885 4434 ιιι.
