2934 4800
332 173 375 236 46
720 166 830 235 ΤΙΤΙ
857 165 991 235 LIVII

176 323 252 375 uc.
269 327 442 390 579.eorom
465 301 627 368 vendidit:
651 302 706 368 lite
779 327 820 370 ue
840 306 964 370 senatui
985 304 1026 368 de
1047 305 1141 369 rebus
1161 306 1202 368 ab
1224 327 1258 369 se
1278 305 1396 392 gestis

174 389 205 436 A.
222 390 252 440 0·
268 391 426 455 ¹73·misit.
473 389 563 465 Quas
582 413 682 476 quum
704 391 774 455 A..
793 391 880 456 tilius
898 406 1025 478 praetor
1043 391 1078 454 in
1095 392 1182 455 curia
1201 391 1392 465 recitasset,

331 479 420 563 (nam
435 476 546 542 consul
559 476 639 542 alter
653 476 844 555 Postumius,
856 479 938 564 agris
953 477 1214 564 recognoscendis
1228 478 1263 540 in
1276 477 1392 541 Cam·
1446 538 1447 543 ,

331 563 427 650 panis
437 577 615 651 occupatus,
625 564 749 649 aberat)
758 578 847 629 atrox
858 564 1125 629 resvisasenatui:
1151 563 1391 639 ‘Statiellatea

332 650 411 800 ‘qui
432 649 487 715 uni
510 672 550 714 ex
572 649 728 737 Ligurum
749 665 846 738 gente
867 673 932 716 non
952 649 1097 715 tulissent
1117 673 1204 716 arma
1224 651 1389 716 adversm

331 745 341 774 ί

331 824 373 887 ‘b
387 759 539 886 qlmanos,d
546 749 626 888 tplrpo
637 759 767 887 quoqu
785 750 1004 887 oppugnqtoslg
1013 759 1077 801 non
1098 737 1181 836 ultro
1201 737 1390 888 &stillim
1446 836 1447 867 1

309 845 709 996 o‘cdudlelit’atiseexersnpillo
727 845 1254 975 lachllatddpsllcldeldffidndsdenintbt
1274 845 1388 1008 millies

331 995 489 1082 ‘capitum
510 995 723 1074 innoxiorum,
747 997 843 1061 fidem
869 996 1068 1083 implorantis
1089 995 1200 1096 populi
1221 996 1384 1072 Romam,

332 1090 342 1119 ‘
351 1105 391 1146 ne
406 1082 477 1168 quis
492 1105 632 1169 unquam
648 1105 681 1147 se
696 1095 806 1169 postea
822 1083 939 1148 dedere
958 1082 1098 1160 auderet,
1113 1105 1249 1170 pessimo
1263 1105 1386 1146 exem·
1446 1058 1447 1141 l

332 1168 406 1256 ‘plo
420 1169 562 1233 venisse:
587 1181 620 1233 et
633 1168 798 1234 distractos
814 1170 928 1256 passim
944 1169 1033 1234 iustis
1050 1169 1211 1255 quondam
1229 1169 1406 1233 hostibusr
1446 1224 1447 1259 ,

175 1277 273 1326 Redimi
287 1277 321 1326 iu·
333 1255 462 1342 ‘populi
483 1255 621 1320 Romani
640 1255 760 1342 pacatis
778 1256 902 1320 servire.
951 1256 1039 1330 Quas
1058 1255 1099 1320 ob
1118 1277 1168 1320 res
1184 1255 1311 1342 placere
1326 1277 1383 1318 se-

173 1343 267 1390 uentu.
335 1342 454 1419 ‘natui,
471 1341 519 1406 M.
533 1341 705 1428 Popillium
720 1342 881 1407 consulem
898 1341 1041 1428 Ligures,
1056 1341 1160 1428 pretio
1177 1343 1385 1428 emptoribus
1446 1374 1447 1401 ;

334 1428 485 1505 ‘reddita
508 1429 591 1516 ipsos
614 1430 780 1494 restituere
806 1429 841 1493 in
863 1428 1059 1504 libertatem3
1090 1429 1236 1513 bonaque
1262 1441 1301 1492 ut
1326 1428 1381 1504 iis,
1446 1406 1447 1457 l

332 1515 506 1603 ‘quicquid
520 1515 588 1580 eius
606 1516 784 1603 recuperari
798 1515 905 1602 possit,
920 1515 1094 1580 reddantur
1107 1537 1225 1579 curare.
1271 1515 1402 1578 Armaa

332 1602 455 1688 ‘primo
477 1624 541 1687 quo
565 1623 604 1664 ue
621 1615 763 1688 tempore
778 1602 864 1678 fieri;
889 1624 948 1666 uec
968 1614 1042 1665 ante
1062 1601 1222 1666 consulem
1243 1600 1285 1664 de
1299 1624 1381 1688 pro·

332 1688 454 1752 ‘vincia
468 1624 633 1764 decedere,
648 1709 746 1773 quam
759 1686 884 1752 deditos
898 1688 933 1752 in
947 1688 1054 1752 sedem
1070 1709 1159 1752 suam
1173 1686 1310 1774 Ligures
1324 1711 1379 1752 re-

332 1773 509 1837 ‘stituisset
558 1772 686 1837 Claram
706 1773 868 1838 victoriam
887 1773 1045 1839 vincendo
1062 1796 1126 1861 opp
1233 1787 1291 1852 tes,
1307 1796 1399 1845 noas

232 1875 262 1934 9,
333 1858 522 1923 ‘saeviendo
542 1859 578 1922 in
603 1858 743 1936 afflictos,
765 1859 853 1923 fieri.’
898 1858 1030 1938 Consul,
1053 1797 1252 1947 qmffi
1272 1861 1378 1924 animi

173 1957 288 2006 consum
331 1969 406 2010 usus
420 1957 488 2010 erat
502 1945 534 2009 in
556 1945 737 2033 Liguribus,
753 1945 886 2011 eandem
906 1946 948 2010 ad
967 1969 1033 2012 non
1052 1945 1228 2032 parendum
1247 1948 1377 2012 senatui

173 2028 297 2132 ἔξω·
331 2031 450 2097 habuit.
495 2031 690 2119 legionibus
704 2030 865 2119 extemplo
883 2032 971 2098 Pisas
984 2033 1019 2096 in
1038 2033 1240 2098 hibernacula
1259 2034 1375 2110 missis,

211 2121 218 2134 '
330 2119 427 2184 iratus
441 2118 597 2196 Patribus,
613 2118 745 2184 infestus
759 2119 905 2205 praetori,
918 2119 1054 2184 Romam
1065 2119 1172 2184 rediit:
1195 2134 1377 2208 senatuque

330 2203 490 2293 extemplo
505 2204 546 2269 ad
559 2205 672 2269 aedem
687 2203 839 2270 Bellonae
854 2218 974 2284 vocato,
990 2204 1098 2270 multis
1111 2206 1213 2280 verbis
1227 2205 1376 2272 invectus

330 2305 379 2356 est
393 2291 427 2355 iu
444 2305 637 2393 praetorem:
664 2299 674 2329 ‘
684 2292 751 2377 qui,
766 2314 867 2378 quum
887 2294 927 2357 ob
946 2315 1015 2357 rem
1034 2292 1118 2356 bello
1137 2294 1219 2358 bene
1238 2308 1374 2380 gestam,

331 2379 397 2445 ‘uti
412 2378 472 2444 dis
486 2377 713 2443 immortalibus
728 2378 829 2444 honos
843 2378 1021 2457 haberetur,
1036 2378 1151 2445 referre
1166 2379 1207 2445 ad
1226 2394 1374 2447 senatum

331 2466 521 2543 ‘debuisset
533 2465 680 2531 adversus
695 2488 728 2529 se
744 2489 801 2553 pro
811 2467 954 2531 hostibus
965 2467 1269 2531 senatusconsultum
1280 2467 1375 2533 fecis-

332 2561 406 2630 ‘set‚
427 2575 492 2639 quo
511 2552 674 2617 victoriam
694 2575 783 2616 suam
803 2552 844 2616 ad
866 2552 1001 2639 Ligures
1022 2553 1212 2630 transferret,
1230 2553 1374 2641 dedique
1446 2553 1448 2684 p

332 2640 388 2702 ‘iis
402 2661 499 2726 prope
514 2638 676 2704 consulem
690 2652 816 2725 praetor
832 2640 967 2704 iuberet
1012 2637 1125 2726 Itaque
1144 2639 1277 2704 multam
1293 2641 1324 2705 ei
1338 2662 1374 2705 se
1446 2687 1447 2712 ,

331 2724 474 2790 ‘diceret
499 2748 519 2789 a
538 2726 685 2807 Patribus
707 2725 875 2811 postulare,
896 2740 932 2790 ut
954 2725 1259 2791 senatusconsultum
1282 2726 1317 2791 in
1338 2750 1373 2792 se

331 2811 467 2875 ‘factum
484 2809 552 2875 tolli
571 2811 736 2876 iuberent:
760 2810 1097 2912 supplicationemque,
1112 2836 1208 2899 quam
1226 2814 1394 2885 absentesr
1446 2845 1447 2894 3

331 2905 393 2961 ‘ex
407 2897 514 2975 literis,
530 2897 571 2961 de
586 2898 667 2962 bene
681 2912 771 2984 gesta
784 2897 946 2985 republica
963 2899 1073 2975 missis,
1087 2898 1258 2963 decernere
1271 2900 1375 2965 debu·
1446 2945 1447 2978 ,

331 2984 445 3061 ‘erint
458 2998 637 3071 praesentes
652 2984 779 3049 honoris
794 2984 926 3049 deorum
940 2985 1077 3071 primum
1091 3009 1195 3063 causa,
1207 2985 1324 3051 deinde
1340 3000 1374 3051 et
1446 3001 1447 3042 ὲ

331 3070 399 3135 ‘sui
418 3070 524 3158 aliquo
544 3084 651 3135 mmen
670 3085 826 3157 respectu,
840 3070 1067 3136 decemerent'
1111 3071 1222 3136 Nihilo
1243 3071 1373 3141 leniori·

329 3158 398 3233 bus,
414 3179 509 3243 quam
524 3158 645 3234 abraen,
657 3170 838 3224 senatorum
852 3157 974 3243 aliquot
985 3158 1178 3222 orationibus
1188 3159 1372 3245 increpitus,
1446 3153 1447 3162 ¹

329 3256 443 3308 neutra
466 3244 632 3330 impetrata
655 3266 699 3320 re,
726 3244 761 3307 iu
784 3243 978 3330 provinciam
1001 3244 1092 3308 redit
1137 3244 1232 3309 Alter
1260 3248 1372 3310 consul

329 3329 520 3407 Postumius,
541 3342 728 3429 consumpta
745 3343 862 3394 aestate
882 3330 917 3394 in
937 3331 1200 3417 recognoscendis
1217 3332 1309 3418 agris,
1329 3356 1372 3398 ne
1446 3365 1447 3370 ¹

329 3417 394 3481 visa
404 3416 534 3504 quidem
546 3416 707 3503 provincia
721 3438 787 3493 sua,
797 3417 997 3481 comitiorum
1010 3440 1106 3481 causa
1120 3416 1255 3483 Romam
1265 3419 1370 3485 rediit.
1446 3449 1447 3470 1

331 3503 488 3569 Consules
504 3502 542 3568 C.
555 3502 726 3591 Popillium
742 3502 926 3581 Laenatem,
937 3503 979 3568 ιΡ.
991 3503 1123 3568 Aelium
1137 3503 1289 3592 Ligurem
1303 3525 1391 3573 cre-s
1446 3529 1447 3566 l

364 3683 652 3741 rlustis...lrostibru]
680 3680 731 3757 Qui
744 3697 800 3730 vere
810 3687 836 3729 et
875 3694 877 3699 ·
900 3683 1055 3759 asserendo
1076 3686 1257 3744 opprementes]
1292 3683 1371 3733 Recte

328 3744 835 3873 lltlthlhlt‘ttlnl‘letffit
867 3745 1370 3870 ⁰¹i¹¹lt¹nt¹tmtttafftffma

329 3873 410 3922 cmv.
865 3888 910 3935 pro
921 3889 970 3934 qua
984 3875 1077 3922 αὸκηιί
1091 3876 1139 3922 sibi
1151 3875 1368 3924 emendatGmno
1446 3911 1447 3932 ,

362 3952 375 3984 a
394 3938 471 3985 Arma
481 3938 560 3998 primo
570 3954 663 4001 qaoque
674 3945 779 4001 tempore
786 3939 834 3999 fie—
867 3937 928 3995 rius,
942 3938 974 3984 ad
990 3942 1103 3985 senatum
1119 3938 1245 3987 referenda
1260 3946 1305 3995 est,
1320 3940 1368 4001 qui,

329 4002 366 4062 ri]
393 4000 495 4049 Addidit
513 3999 624 4063 Sigonius
643 4016 725 4049 vocem
746 4004 834 4063 prinis.
866 4000 1368 4062 utGrerieriusanimadvertimamabemt

329 4066 444 4113 Ceterum
455 4064 511 4112 ideo
522 4064 589 4112 iubet
599 4071 696 4112 senatu
704 4080 772 4113 arma
781 4065 834 4113 fieri
866 4064 1010 4127 aPopillio‚
1020 4080 1093 4126 quarn
1110 4066 1232 4127 Popillius
1245 4083 1263 4115 a
1277 4074 1367 4117 senatu.

330 4128 354 4175 iu
372 4144 401 4175 oa
415 4134 496 4189 gente,
507 4133 535 4175 ut
549 4127 668 4176 rescindat
683 4128 709 4177 id
720 4130 786 4190 quod
801 4129 834 4176 fe
866 4129 983 4177 Ceterum
991 4132 1116 4189 praesenti
1127 4146 1171 4191 pro
1184 4140 1324 4193 pascentes
1334 4148 1368 4181 re·
1446 4101 1447 4178 l

330 4197 395 4240 cerat
412 4194 504 4250 consul,
516 4192 558 4253 qui
574 4207 642 4240 arma
657 4192 835 4241 Statiellatibus
866 4191 936 4253 ponit
948 4193 1091 4242 Gmuoviua

328 4256 462 4313 ademerat,
482 4271 511 4304 ae
533 4271 596 4304 nora
616 4254 726 4304 fabricari
749 4257 833 4318 procul
898 4257 1221 4319 50onmle20.Popillima
1231 4261 1366 4317 hemum.

329 4320 403 4368 dubio
416 4325 530 4369 vetuerat
549 4321 628 4369 Cnsv.
866 4321 1123 4381 P.Aeliambiparem
1133 4324 1238 4383 mavit]
1252 4323 1288 4370 Hi
1297 4326 1367 4371 ambo
