2934 4800
464 235 785 306 KREYSSIGII.
1085 247 1147 310 331

57 395 195 482 iisque
221 394 412 482 gravissimis
431 418 598 484 operarum
621 397 760 486 peccetis
773 395 949 462 deformem
965 411 1023 478 est,
1038 399 1073 466 in
1092 423 1152 468 sua

58 495 286 562 adornando
315 508 466 562 uteretur.
523 497 622 574 Quod
654 519 756 585 quum
788 496 843 564 iile
875 499 1027 585 epistolae
1059 523 1150 569 mese

60 597 293 686 respondere
312 598 503 686 dedignatus
522 599 631 666 nescio
650 623 749 688 quem
767 601 810 666 ob
824 622 952 667 anunm
969 603 1074 670 facere
1090 627 1151 672 no·

60 699 222 779 luisset,
244 701 303 766 sed
328 713 454 767 textum
476 703 563 768 vitiis
587 703 778 790 turpissimis
801 703 1005 790 inquinatum
1027 729 1069 772 ex
1089 707 1151 774 Es-

63 803 247 869 nestiane
260 803 315 868 illa
330 803 417 868 Livii
436 803 576 870 editione
596 805 732 870 describi
751 805 900 884 iussisset,
915 807 971 872 vix
984 830 1022 873 sc
1038 830 1081 874 ne
1095 811 1151 876 vix

64 905 233 993 quidem
257 906 363 994 potuit
385 906 544 994 impediri,
565 930 631 996 quo
654 908 760 973 minus
782 929 825 972 ex
843 910 1043 996 contagione,
1063 912 1152 979 velut

67 1009 194 1086 tabes,
207 1009 242 1073 in
253 1007 492 1075 Berolinensem
501 1029 631 1097 quoque
642 1008 728 1074 Livii
737 1007 912 1076 editionem
920 1010 955 1076 id
963 1013 1152 1100 pervaderet

68 1117 228 1185 malum.
276 1117 552 1196 Bekkemsenim,
567 1117 892 1207 praeterquamquod
906 1119 979 1186 Lib.
996 1105 1150 1190 XXXII.

72 1225 138 1287 39.
154 1223 227 1308 agi
239 1230 385 1310 coeptum
399 1231 514 1307 estpro
524 1231 671 1308 coaptum
686 1222 747 1307 agi
760 1229 819 1297 est,
829 1218 903 1286 Lib.
914 1222 1085 1289 XXXIII.
1095 1226 1149 1290 27.

74 1325 252 1391 denarim
263 1343 322 1409 pro
333 1325 509 1400 denarium,
521 1321 598 1388 ibid.
611 1345 667 1388 eos
677 1345 750 1388 esse
763 1323 927 1400 credebat,
941 1345 1001 1410 pro
1011 1347 1068 1391 eas
1081 1347 1152 1392 cre·

75 1427 210 1504 debat,
231 1445 301 1510 cap.
318 1427 371 1488 34.
392 1434 425 1489 el
439 1425 590 1511 Dolopes
609 1424 706 1490 liberi
727 1445 853 1510 quoque
866 1427 1075 1511 pronuntiati
1092 1447 1151 1513 pro

79 1537 116 1593 et
133 1527 297 1614 Dolopes
311 1547 438 1612 quoque
452 1527 550 1591 liberi
561 1525 781 1612 pronuntiati,
801 1545 871 1611 oap.
886 1529 941 1591 41.
957 1536 1079 1592 tantum
1091 1549 1151 1615 pro

79 1631 204 1708 modo,
231 1639 266 1691 et
292 1626 364 1692 Lib.
392 1627 543 1692 XXXV.
571 1630 624 1692 20.
652 1627 793 1714 quinque
814 1627 907 1692 milia
922 1628 1070 1715 peditum
1091 1652 1151 1717 pro

84 1731 286 1818 quindecim
299 1729 393 1794 milia
401 1729 549 1816 peditum
563 1725 641 1793 falso
659 1726 794 1792 retinuit
812 1738 909 1814 atque
929 1727 1003 1794 Lib.
1020 1730 1150 1800 XLIV.

84 1838 147 1899 29.
166 1829 360 1898 vocabulum
384 1830 448 1896 loci
467 1840 500 1894 ot
520 1829 594 1895 Lib.
612 1829 723 1896 XLV.
743 1833 795 1895 10.
815 1829 1004 1896 vocabulum
1025 1855 1153 1921 quoque

87 1951 221 2000 temere
246 1933 361 2009 omisit,
386 1931 460 1997 Lib.
477 1931 522 1996 X.
542 1935 572 1997 l.
600 1931 735 1997 Marcia
756 1953 815 2019 pro
837 1933 978 2013 Marcis,
1001 1955 1072 2022 cap.
1094 1941 1150 2004 44.

88 2041 224 2103 ducunt
237 2057 296 2124 pro
311 2035 458 2123 legiones
472 2035 600 2112 ducunt,
617 2034 692 2100 Lib.
709 2033 809 2099 XXI.
822 2037 876 2100 53.
892 2044 925 2101 et
938 2038 1080 2103 iumenta
1094 2059 1153 2124 pro

91 2149 127 2205 el
144 2140 293 2206 homines
306 2139 422 2204 multos
435 2145 468 2202 et
482 2137 633 2212 iumenta,
651 2155 722 2222 asp.
740 2137 793 2199 61.
809 2136 974 2200 duodecim
988 2137 1079 2203 milia
1093 2159 1153 2225 pro

92 2244 146 2306 ad
168 2241 337 2306 duodecim
359 2237 462 2316 milia,
486 2237 562 2304 Lib.
579 2235 696 2302 XXII.
714 2239 765 2302 12.
788 2238 823 2300 in
845 2247 1018 2324 conspectu
1039 2261 1098 2326 pro
1118 2241 1154 2308 in

95 2351 278 2432 conspeetu
295 2341 443 2419 hostium,
458 2359 528 2427 cap.
545 2343 597 2405 20.
615 2337 775 2427 pepecit,
790 2336 879 2425 quod
895 2359 937 2404 ex
954 2338 1004 2407 ed
1022 2339 1101 2409 Em.
1117 2345 1153 2409 in

95 2444 182 2511 alias
199 2456 250 2510 eet
270 2456 490 2531 propagatum,
504 2464 564 2529 pro
581 2442 740 2527 provecti,
755 2463 824 2529 oep.
841 2446 895 2507 31.
911 2465 971 2508 nec
988 2444 1040 2509 illi
1061 2454 1154 2511 terra

97 2570 161 2635 pro
180 2570 284 2634 neqsee
305 2546 357 2611 illi
375 2556 478 2623 terra,
500 2564 569 2631 oep.
586 2546 640 2609 53.
663 2544 710 2608 ad
728 2566 839 2630 regen
857 2544 1008 2630 aliquem,
1025 2543 1067 2609 de
1088 2567 1153 2631 quo

98 2646 391 2715 videVenn.c1it.
413 2668 445 2733 p.
462 2648 515 2711 58.
536 2643 592 2710 ubi
614 2642 710 2709 huius
733 2642 878 2708 lectionis
901 2643 1074 2711 vanitatem
1096 2667 1154 2711 ex·

99 2752 196 2839 pioei,
212 2772 270 2838 pro
284 2752 331 2816 ad
345 2772 459 2837 regum
476 2749 627 2835 aliquem,
646 2744 718 2813 Lib.
737 2745 872 2813 XXIII.
890 2751 940 2812 11.
956 2749 1154 2835 recipiendis

100 2854 301 2929 civitatium,
316 2872 374 2938 pro
389 2852 423 2915 in
437 2850 634 2937 recipiendis
653 2849 840 2915 civitatibus
853 2870 922 2937 asp.
939 2853 991 2915 35.
1014 2851 1052 2917 Τ.
1065 2850 1155 2917 Senn-

99 2956 252 3041 pronius,
266 2952 354 3041 quod
372 2951 437 3016 iem
456 2950 491 3015 in
505 2950 555 3015 ed.
578 2948 657 3016 Em.
672 2949 838 3037 reperitur,
853 2973 912 3039 pro
932 2952 983 3018 li.
1003 2950 1156 3039 Sempro-

103 3058 189 3133 nius,
219 3077 286 3142 cap.
309 3058 364 3120 44.
388 3054 507 3131 educit,
528 3050 616 3139 quod
639 3074 681 3117 ex
700 3051 751 3117 ed.
779 3050 1018 3119 Drakenborch.
1042 3054 1078 3119 in
1101 3052 1153 3119 ed.

105 3156 184 3222 Em.
206 3155 390 3221 translatum
413 3164 471 3231 est,
486 3174 545 3241 pro
560 3154 684 3231 educit,
700 3153 789 3239 quod
810 3154 873 3219 iam
887 3167 961 3219 ante
978 3155 1156 3220 Strothium

105 3258 255 3325 Millems
279 3272 313 3324 et
341 3256 589 3323 Ruddimannus
617 3256 833 3334 restituerunt,
865 3256 939 3324 Lib.
966 3256 1098 3324 XXIV.
1123 3260 1153 3325 5.

106 3362 168 3439 ila,
183 3360 272 3447 quod
293 3382 334 3426 ex
356 3359 408 3427 ed.
425 3358 501 3425 Em.
518 3360 553 3424 in
568 3358 643 3424 alias
662 3373 873 3448 propagatum
887 3372 946 3437 est,
960 3380 1019 3447 pro
1033 3360 1155 3447 itaque,

105 3486 174 3551 oep.
192 3468 240 3529 14.
262 3464 300 3528 Τ.
315 3463 497 3539 Gracchus,
508 3460 597 3549 quod
611 3461 675 3526 iam
688 3461 723 3526 in
737 3461 791 3528 ed.
804 3460 882 3526 Em.
895 3460 1020 3549 legitur,
1029 3482 1088 3549 pro
1103 3461 1154 3527 Ti.

110 3566 294 3642 Gracchus,
317 3586 385 3651 cap.
410 3566 462 3628 36.
487 3572 603 3629 nactus
622 3585 681 3650 pro
697 3574 814 3630 nactas
832 3586 898 3643 eos,
922 3584 990 3650 oap.
1006 3564 1059 3629 47.
1077 3562 1157 3629 Μα·
1293 3568 1298 3576 ’

107 3676 198 3733 tutae
211 3689 269 3754 pro
283 3666 399 3732 malnis
413 3664 578 3741 Matutae,
595 3664 668 3730 Lib.
685 3664 801 3730 XXV.
818 3668 869 3729 23.
886 3667 933 3729 ad
948 3674 1016 3728 rem
1032 3672 1158 3730 tantam

107 3792 167 3856 pro
187 3770 312 3834 adrem
327 3774 451 3833 taniam
466 3768 627 3853 agendam
642 3768 894 3851 audendamque,
913 3764 986 3831 Lib.
1003 3764 1156 3833 XXXII.

109 3876 164 3937 34.
185 3894 243 3939 nec
261 3892 323 3958 ego
342 3891 400 3957 pro
420 3892 523 3955 neque
542 3892 615 3955 ego,
636 3867 710 3933 Lib.
736 3866 904 3933 XXXIV.
928 3871 980 3932 45.
1010 3868 1048 3933 Τ.
1069 3868 1158 3934 Sens-

104 3975 253 4060 pronius,
278 3970 366 4058 quod
396 3993 438 4035 ex
468 3969 519 4035 ed.
541 3970 618 4035 Em.
639 3970 673 4034 in
696 3968 773 4034 alias
791 3982 840 4033 est
860 3982 1080 4057 propagatum,
1099 3991 1159 4057 pro

115 4076 167 4141 Ti.
188 4074 408 4159 Sempronius,
425 4070 499 4138 Lib.
526 4072 675 4138 XXXV.
700 4077 755 4137 43.
770 4072 965 4158 exprobans,
987 4070 1076 4158 quod
1094 4072 1159 4139 iam

109 4177 144 4241 in
163 4174 213 4240 ed.
236 4173 315 4239 Em.
332 4174 497 4261 reperitur,
515 4194 573 4260 pro
593 4175 808 4260 euprobrans,
831 4172 902 4237 Lib.
927 4174 1095 4242 XXXVI.
1127 4181 1157 4242 3.

110 4280 153 4344 ali
168 4278 247 4343 urbe
262 4278 422 4353 Ronsana,
438 4274 527 4362 quod
547 4274 659 4340 itidem
678 4273 713 4339 in
733 4273 784 4341 ed.
802 4272 880 4342 Ern.
897 4275 1022 4364 legitur,
1037 4299 1096 4365 pro
1114 4279 1159 4345 ab
