2934 4800
341 253 382 316 oa
724 245 838 313 rm
864 225 1001 312 L1v'11

185 400 220 452 υ.
231 399 262 452 c.
277 385 377 464 atain
391 383 563 472 Liguribus
584 383 680 472 gestis
699 383 875 450 dissereret
923 384 1189 450 succlamationes
1203 383 1391 473 hequentes

184 465 216 516 ¹·
232 465 263 516 ⁰·
280 477 290 513 ¹
296 475 333 527 ⁷²·
342 486 433 537 erant
454 471 788 560 interrogationeeque,
804 495 861 537 cur
881 471 998 538 scelere
1019 471 1123 537 fiunis
1143 493 1311 560 oppressos
1334 469 1392 534 Li·

184 565 299 618 comitts.
341 581 436 660 gures
453 559 487 622 iu
506 558 684 660 libertatern
706 578 781 659 nonss
792 559 999 659 restituimeti
1044 557 1185 709 Cpmitia
1195 556 1390 708 consulalriia,

342 645 617 801 {bilbili
628 645 846 798 sini‘aiiid'
866 645 1391 809 “hia‘iihnliiffii'ffimh

345 816 487 896 Crassus,
504 817 543 884 C.
557 817 685 884 Caesius
700 817 751 884 Lo
795 820 874 884 ‘nus
912 818 1045 884 Postero
1058 818 1111 884 die
1126 832 1286 907 praetores
1299 817 1389 894 facti,

345 903 384 970 C.
400 904 558 993 Sulpicius
576 904 689 984 Galba,
705 905 744 970 1.
785 905 871 970 urius
886 904 1007 983 Philus,
1023 905 1062 970 L.
1078 905 1253 970 Canuleius
1272 903 1388 981 Dives,

345 991 384 1056 O.
396 991 564 1056 Lucretius
575 991 697 1070 Gallus,
715 991 755 1058 C.
767 991 924 1058 Caninius
935 991 1078 1069 Rebilus,
1094 991 1133 1057 L.
1144 989 1260 1056 Villius
1271 991 1390 1056 Anna·

342 1077 389 1144 lis
430 1077 492 1143 His
528 1079 702 1144 rectoribus
716 1079 895 1167 provinciae
907 1077 1069 1144 decretae:
1092 1077 1175 1144 duae
1186 1078 1249 1143 iuri
1260 1077 1389 1142 Romae

343 1165 489 1244 dicendo,
545 1165 675 1253 ispania,
691 1183 724 1230 et
740 1164 855 1244 Sicilia,
870 1178 905 1231 et
926 1164 1091 1242 Sardinia3
1114 1178 1152 1230 ut
1170 1165 1227 1229 uni
1248 1186 1315 1229 sors
1338 1165 1389 1229 in·

343 1265 431 1353 tegra
444 1265 536 1352 esset,
552 1275 616 1340 quo
630 1265 758 1320 senatus
771 1252 968 1354 censuisset..
999 1251 1193 1353 Consulibus
1212 1249 1408 1353 designatiso

342 1354 513 1490 litt-“ll
527 1338 1388 1512 ilitlfbhaimrihlidi'ii‘luhmiiiuhoeffi

342 1511 392 1578 lus
415 1513 580 1578 Romanus
605 1511 640 1578 in
664 1513 771 1578 animo
787 1449 925 1578 haberet
948 1534 1067 1600 gerere,
1085 1523 1122 1576 nt
1142 1511 1178 1576 id
1220 1533 1387 1598 rosperum

342 1599 491 1664 eveniret
538 1598 661 1666 Eodem
675 1599 728 1665 die
743 1599 885 1665 decrevit
898 1597 1035 1677 ierimus,
1052 1597 1092 1664 C.
1105 1597 1184 1686 Pop·
1211 1599 1259 1662 ‘ue
1273 1597 1387 1662 consul

341 1685 434 1751 ludos
455 1707 512 1774 per
529 1685 597 1750 dies
611 1686 723 1751 decem
737 1684 808 1751 Iovi
824 1685 958 1772 Optimo
973 1684 1117 1750 Maximo
1131 1699 1269 1762 voveret,
1285 1683 1387 1749 dona-

342 1794 406 1858 que
422 1772 506 1836 circa
519 1773 625 1836 omnia
641 1771 820 1859 pulvinaria
832 1771 911 1850 dari,
925 1773 953 1836 si
966 1771 1144 1860 respublica
1157 1770 1269 1836 decem
1284 1793 1387 1836 annos

342 1858 378 1922 in
392 1857 504 1922 eodem
519 1871 603 1922 statu
617 1857 735 1923 firisset.
780 1858 832 1924 Ita
845 1871 882 1923 ut
895 1871 1091 1936 censuerant,
1106 1858 1142 1922 in
1153 1857 1316 1945 Capitolio
1329 1881 1384 1922 vo-

342 1944 389 2009 vit
410 1943 520 2009 consul
541 1944 634 2010 ludos
647 1945 726 2023 fieri,
743 1945 935 2034 donatisque
950 1945 1028 2024 dari,
1043 1957 1165 2033 quanta
1185 1967 1226 2010 ex
1247 1945 1386 2032 pecrima

293 2057 301 2074 ⁸
342 2029 499 2097 decresset
519 2045 656 2109 senatus,
672 2055 773 2118 quum
792 2045 921 2097 centum
935 2030 1215 2133 et'quinquaginta
1235 2053 1304 2096 non
1324 2031 1386 2094 mi·

341 2139 403 2183 nus
424 2116 578 2183 adessent
623 2118 802 2184 Praeeunte
816 2119 913 2187 verba
927 2118 1052 2207 Lep1do
1065 2117 1217 2207 pontifice
1231 2117 1384 2194 maximo,

342 2202 377 2269 id
390 2217 500 2269 votmn
515 2219 696 2293 susceptum
711 2219 768 2270 est.

386 2289 436 2357 Eo
457 2313 541 2356 anno
563 2291 740 2358 sacerdotes
760 2292 880 2380 publici
900 2292 1027 2370 mortui,
1048 2291 1087 2357 1.
1099 2289 1258 2357 Aemilius
1277 2289 1386 2378 Papus

341 2377 502 2445 decemvir
526 2399 694 2458 sacrorum,
719 2391 753 2444 et
778 2379 819 2455 Q.
836 2377 966 2445 Fulvius
989 2378 1120 2445 Flaccus
1146 2377 1301 2467 pontifex,
1327 2401 1385 2529 quxr

341 2466 444 2554 priore
465 2488 550 2532 anno
570 2466 673 2532 fuerat
694 2488 814 2533 censor.
860 2465 925 2531 Hic
946 2465 1040 2531 foeda
1059 2479 1161 2531 morte
1182 2464 1286 2553 periit.

341 2552 466 2619 duobus
479 2552 552 2618 filiis
567 2553 645 2632 eius,
656 2554 713 2641 qui
728 2566 797 2619 tum
811 2552 846 2617 in
861 2552 989 2641 Illyrico
1002 2552 1189 2629 militabant,
1200 2552 1385 2617 nuntiatum

341 2639 474 2705 alterum
489 2640 668 2718 decessisse,
684 2640 818 2705 alterum
839 2640 928 2727 gravi
948 2652 982 2704 et
1002 2638 1179 2727 periculoso
1200 2639 1312 2703 morbo
1332 2660 1386 2702 ac·

185 2740 288 2793 Fulvius
299 2744 432 2827 la-grum
448 2748 524 2792 esse.
571 2726 687 2792 Obruit
701 2727 844 2791 animum
854 2725 949 2790 simul
963 2725 1067 2791 luctus
1081 2740 1265 2813 metusque:
1289 2748 1383 2789 mane

185 2822 300 2920 ffiffi·
341 2812 472 2899 ingressi
485 2813 681 2914 ‘cubiculum
707 2814 788 2878 servi
817 2812 932 2913 laqueo
956 2812 1192 2901 dependentem
1221 2810 1383 2913 invenere.

185 2935 280 2998 ’ΜΨ
341 2898 846 3072 ῗέζοἝὲἑῒῑέῧὶῑῗὲἓοἫ,
862 2899 1402 3073 ἑῖᾛιὲῗῖἕοὲέᾟρῖἓΐὲὲῗ

287 3095 293 3104 ·
341 3094 409 3136 asse
434 3086 574 3137 mentem
597 3072 750 3138 ferebant.
797 3072 953 3137 Suffectus
978 3074 1011 3136 in
1038 3072 1170 3138 Aemilii
1194 3071 1302 3136 locum
1327 3072 1385 3136 de·

342 3158 459 3223 cemvir
470 3157 518 3222 M.
528 3156 674 3224 Valerius
686 3158 852 3224 Messalla:
875 3159 910 3222 in
921 3157 1023 3223 Fulvii
1038 3159 1182 3247 pontifex
1195 3156 1257 3224 Cu.
1269 3158 1404 3223 Domi-²

341 3244 404 3309 tius
420 3245 660 3323 Ahenobarbus,
676 3246 794 3347 oppido
808 3244 989 3310 adolescens
1004 3246 1158 3323 sacerdos,
1174 3258 1222 3310 est
1235 3244 1347 3310 lectus.

231 3338 283 3399 29.
383 3331 420 3397 P.
432 3331 567 3410 Licinio,
586 3331 625 3396 0.
640 3330 751 3397 Cassio
772 3331 963 3409 consulibus,
985 3354 1052 3397 non
1073 3334 1148 3396 urbs
1170 3345 1295 3396 tantum
1316 3330 1385 3397 Ro-

185 3420 220 3471 U·
232 3422 262 3471 0·
278 3422 402 3497 58¹·ma,
418 3442 477 3484 nec
493 3434 575 3484 terra
589 3418 690 3497 Italia,
705 3418 762 3483 sed
776 3441 886 3484 omnes
904 3440 995 3507 reges
1014 3418 1229 3505 civitatesque,
1244 3441 1328 3505 quae
1350 3420 1384 3482 in

182 3485 213 3596 A·
222 3486 308 3597 32¹7
313 3500 332 3535 ¹·
343 3506 429 3571 Euro
452 3530 479 3584 a,
490 3529 635 3607 quaeque
650 3505 685 3571 in
700 3506 780 3571 Asia
793 3519 893 3583 erant,
908 3518 1129 3570 converterant
1142 3505 1265 3569 animos
1278 3505 1313 3569 in
1328 3528 1385 3571 cu·

183 3564 324 3664 eschetii?
341 3615 408 3657 ram
463 3593 626 3659 acedomci
640 3616 677 3659 ac
694 3592 832 3657 Romani
854 3592 938 3658 belli.
985 3591 1163 3657 Eumenem
1178 3614 1278 3678 quum
1293 3606 1385 3657 vetus

183 3677 252 3727 0⁰³
276 3740 282 3753 ,
341 3678 450 3745 odium
465 3680 655 3757 stimulabat,
671 3693 740 3745 tum
754 3680 933 3755 recensita,
950 3678 1038 3766 quod
1059 3677 1176 3744 scelere
1194 3676 1262 3743 eius
1283 3702 1384 3767 prope

184 3740 324 3818 Eupomtur
340 3778 376 3830 ut
390 3766 519 3830 victima
533 3780 686 3831 mactatus
701 3766 837 3854 Delphis
851 3778 943 3831 esset.
981 3764 1116 3843 Prusias,
1130 3764 1303 3853 Bithyniae
1316 3788 1383 3842 rex,

182 3812 327 3933 idemd-
340 3865 492 3917 statuerat
512 3852 668 3918 abstinere
691 3854 797 3931 armis,
819 3866 1034 3939 eventumque
1056 3864 1248 3941 exspectare.
1297 3850 1384 3917 Nam

370 4046 387 4097 9
403 4034 457 4091 Quo
466 4038 566 4081 motas
576 4034 720 4093 coemisset]
739 4046 772 4082 ac.
785 4031 845 4089 Quo
877 4030 1024 4079 vocabulum
1037 4032 1119 4079 mium
1134 4028 1161 4078 in
1177 4028 1262 4078 codice
1277 4030 1386 4093 repertu,

339 4098 403 4145 loco.
420 4096 451 4145 ol.
463 4110 528 4158 supr.
539 4094 614 4161 xxcii.
627 4110 665 4145 aa.
790 4114 796 4125 ·
876 4093 931 4157 ipso
940 4096 1060 4157 probante
1067 4096 1150 4143 ninus
1156 4100 1284 4157 comptem
1295 4093 1322 4142 in
1332 4100 1384 4143 tex·

374 4174 385 4207 r
403 4162 493 4207 Minue
502 4166 629 4221 mmpotem
640 4160 734 4221 statae]
757 4160 789 4209 In
800 4165 845 4208 ete·
878 4164 932 4206 tum
942 4159 1061 4207 revocari.
1255 4190 1263 4203 .

276 4242 282 4251 ·
339 4222 846 4286 reotypseditioneaoampccmltrays
911 4224 1060 4283 aemon
1072 4256 1080 4270 .
1091 4256 1098 4270 .
1110 4222 1235 4284 ..oppido
1249 4222 1386 4271 &dmm

339 4287 413 4349 siglae
423 4291 522 4335 auctore
534 4286 576 4335 Ko
595 4286 663 4335 iterio
675 4289 847 4336 emendaverat
878 4288 1000 4347 neerdot]
1026 4284 1187 4335 Manifestum
1202 4286 1240 4333 eet
1254 4300 1343 4335 vacare
1357 4285 1386 4332 τδ

340 4366 371 4399 ex
384 4350 505 4399 incuriosa
515 4351 568 4399 cod.
606 4350 687 4400 indob.
699 4351 847 4408 motatione,
878 4350 996 4411 maon,
1013 4364 1043 4399 ac
1059 4348 1161 4412 proinde
1176 4348 1310 4399 delendam
1326 4365 1386 4400 ene.

340 4415 382 4464 sed
402 4428 478 4477 quum
501 4418 587 4477 postea
608 4415 695 4464 certior
716 4415 796 4464 factus
816 4414 847 4462 sit
880 4414 962 4463 θην,
