2934 4800
342 167 403 229 104
725 161 839 229 ΤΙΤΙ
864 161 999 228 LIVII

189 314 223 364 U.
234 315 264 365 c,
279 314 334 376 εει.
344 297 446 385 Igitur
466 297 576 363 relicta
590 297 689 385 Epiro
702 298 860 386 navigavit
876 298 1072 387 Anticyram,
1088 296 1175 362 unde
1198 296 1239 360 in
1259 292 1399 358 Tam

188 381 220 436 A·
236 380 267 430 ⁰·
283 390 336 441 ¹7¹·
345 384 420 450 liam
435 383 607 449 contendit.
652 383 703 450 Ibi
716 399 847 474 accepto
862 385 1003 450 exercitu
1023 384 1065 449 ad
1086 382 1212 449 hostem
1238 379 1401 470 perrexit

349 470 413 536 Sed
427 469 527 535 nihilo
540 469 661 536 felicius
675 470 794 536 bellum
815 471 1052 547 administravit,
1067 491 1162 558 quam
1177 470 1304 558 priore
1321 489 1401 530 anno

346 570 469 645 gestum
482 556 591 623 iuerat.
637 556 722 623 Nam
738 572 771 623 et
806 557 904 623 roelio
917 557 1082 623 commisso
1096 578 1169 621 cum
1184 577 1274 642 rege
1291 553 1404 642 pulsis

346 658 404 721 est,
418 657 451 709 et
465 666 565 731 quum
586 643 688 730 primo
709 666 766 730 per
784 579 941 710 illimatam
955 645 1020 708 vim
1033 643 1134 708 facere
1149 654 1337 718 tentaaeet,
1353 639 1405 703 de·

347 729 421 797 inde
435 751 492 818 per
505 729 701 796 Thessaliam
714 730 837 796 occulte
860 730 961 796 moliri
979 731 1048 807 iter,
1065 728 1182 816 ubique
1198 739 1403 794 oecurrente

347 817 473 894 Perseo,
492 838 574 882 rano
595 829 710 882 conatu
730 816 879 882 absistere
901 830 1026 882 coactus
1048 829 1102 880 est
1148 813 1222 880 Nec
1248 812 1404 888 Horten-

346 904 411 968 sius
429 916 563 990 praetor,
578 904 630 968 cui
648 903 753 969 classis
772 903 935 990 obtigerat,
950 903 1120 989 quicquam
1138 902 1215 966 satis
1234 902 1334 966 scite
1353 911 1404 962 aut

345 991 503 1055 fortunate
526 989 600 1076 egit,
622 989 712 1054 cuius
733 1012 775 1054 ex
797 992 890 1055 rebus
914 989 1009 1077 gestis
1031 987 1111 1052 nihil
1132 988 1173 1053 ad
1197 986 1403 1054 memoriam

347 1076 500 1163 insignius
517 1089 574 1154 est,
589 1099 685 1164 qnam
706 1076 843 1141 crudelis
864 1089 897 1141 et
918 1075 1038 1162 perfida
1054 1075 1140 1140 urbis
1156 1074 1402 1140 Abderitamm

346 1161 492 1250 direptio,
508 1184 608 1250 quum
622 1163 820 1228 intoleranda
832 1163 891 1228 sibi
906 1161 1052 1250 imposita
1065 1183 1161 1226 onera
1174 1161 1402 1248 depremoen·

347 1263 407 1317 tur.
460 1248 563 1337 Igitur
587 1250 721 1315 Perseus
747 1249 909 1314 Romanos
933 1249 996 1314 iam
1021 1247 1207 1348 despiciens,
1234 1269 1278 1312 ac
1310 1244 1419 1310 velata

346 1336 464 1401 otiosus
482 1335 576 1424 plane
593 1347 628 1402 et
644 1358 772 1414 vacuus,
792 1334 946 1402 corollarii
964 1335 1064 1400 vicem
1084 1357 1118 1398 m
1137 1333 1321 1399 Dardanos
1345 1355 1399 1396 er·

347 1423 523 1488 cursionem
537 1422 622 1499 lecit,
636 1435 680 1501 et,
694 1422 806 1488 decem
824 1421 961 1487 millibus
974 1421 1176 1487 barbarorum
1197 1418 1397 1494 interfectis,

348 1509 355 1522 '
421 1523 508 1574 ntem
522 1509 670 1596 praedam
684 1508 825 1574 abduxit.

408 1594 539 1661 Movere
559 1596 620 1660 boc
643 1618 727 1659 anno
744 1593 896 1660 Celtiberi
917 1595 952 1659 in
972 1594 1128 1683 Hispania
1145 1593 1280 1671 bellum,
1302 1591 1397 1657 insti·

346 1696 440 1767 gante
455 1705 537 1746 novo
551 1681 633 1746 duoc
646 1680 800 1758 Olonico;
826 1679 1029 1747 Salondicum
1039 1681 1169 1768 quidam
1180 1693 1313 1745 vocant.
1354 1677 1395 1754 Is,

346 1789 469 1832 summa
485 1767 656 1832 ealliditate
677 1781 711 1832 et
731 1766 872 1844 audacia,
887 1767 1008 1832 hastam
1029 1781 1210 1854 argenteam
1225 1767 1393 1852 quatiens,

347 1851 434 1917 velut
447 1851 535 1917 coelo
549 1852 685 1930 missam,
699 1852 884 1918 vaticinanti
904 1853 1023 1930 similis,
1039 1853 1180 1918 omnium
1194 1853 1229 1916 in
1244 1875 1280 1917 se
1297 1873 1393 1916 men·

348 1953 394 2005 tes
408 1951 611 2005 converterat.
651 1939 715 2005 Sed
728 1962 826 2026 quum
842 1940 910 2040 pari
925 1941 1099 2005 temeritate
1114 1952 1215 2004 castra
1228 1937 1392 2026 praetoris

349 2026 495 2103 Romani,
517 2048 583 2091 uno
603 2025 711 2092 furiosi
734 2025 856 2090 consilii
877 2027 962 2092 socio
984 2039 1152 2112 assumpto,
1174 2026 1233 2090 sub
1254 2039 1391 2091 noctem

346 2112 482 2190 adiisset,
494 2126 670 2212 praetorem
685 2112 831 2178 videlicet
845 2113 1096 2191 obtruncaturus,
1105 2113 1194 2177 iuxta
1208 2113 1389 2177 tentorium

346 2198 449 2285 ipsum
471 2199 537 2349 pllo
550 2198 653 2285 vigilis
666 2211 819 2286 exceptus
833 2213 897 2266 est:
921 2200 1022 2264 socius
1035 2221 1126 2287 pares
1139 2197 1247 2284 stolidi
1261 2198 1390 2286 incepti

346 2307 464 2372 poenas
490 2287 545 2350 uit
590 2285 768 2351 Amborum
782 2284 885 2372 capita
900 2286 1040 2374 praecidi
1057 2285 1162 2351 statim
1182 2285 1272 2350 iussit
1291 2307 1390 2372 prae·

346 2386 405 2450 tor,
419 2386 515 2459 atque
532 2370 629 2437 hastis
642 2372 755 2437 suffixa
767 2370 897 2438 delectis
911 2395 929 2438 e
945 2395 1077 2439 numero
1091 2371 1286 2460 captivorum
1302 2370 1388 2437 tradi
1448 2385 1449 2409 ¹

247 2464 277 2522 4.
346 2460 386 2525 ad
405 2483 478 2525 suos
497 2458 691 2547 perferenda.
737 2458 799 2546 Hi]
816 2458 833 2495 *
848 2460 866 2495 ⁴
882 2460 922 2525 tis
936 2472 1059 2525 tantum
1121 2480 1227 2525 vorem
1249 2457 1405 2545 ingresi:
1448 2472 1451 2549 ¹t

191 2544 266 2595 UO·
282 2547 454 2623 58²·castra,
465 2559 659 2613 ostentantes
672 2546 785 2634 capita,
797 2546 949 2624 fecerunt,
962 2546 1046 2624 ut,si
1102 2557 1205 2611 motus
1219 2544 1386 2632 extemplo
1448 2550 1449 2563 ¹

190 2613 221 2661 Α·
238 2614 267 2663 ⁰·
285 2626 500 2699 ¹⁷⁰·exercitus
519 2633 609 2710 soret,
629 2634 700 2722 capi
721 2646 822 2699 casua
843 2634 1024 2720 potuerint'
1057 2632 1142 2697 Tum
1156 2654 1200 2719 qn
1243 2654 1284 2696 ue
1307 2632 1387 2719 firga

345 2718 458 2805 ingens
470 2720 552 2785 facta
566 2733 630 2785 est:
653 2732 801 2797 sterant,
816 2719 872 2806 qui
887 2718 1005 2805 legatos
1020 2654 1247 2784 mittendosdd
1268 2738 1386 2805 paoem

344 2805 490 2891 precibus
554 2806 682 2870 tendam
701 2818 884 2871 censerent:
910 2805 1112 2893 civitatesque
1134 2804 1324 2891 complures,
1346 2828 1385 2869 eo

290 2908 299 2925 ‘
344 2890 458 2955 nuntio
472 2914 513 2955 au
536 2891 590 2969 ‘to,
604 2891 640 2955 in
653 2891 847 2958 deditionem
863 2904 1026 2957 venerunt.
1073 2891 1198 2968 Quibus
1217 2892 1385 2979 purganti·

345 2977 403 3041 bus
424 2999 501 3054 sese,
521 2977 710 3066 culpamque
731 2978 766 3042 in
786 2977 921 3043 duorum
943 2978 1112 3043 amentiam
1135 2976 1383 3058 conferentibus,

368 3063 401 3127 ni
421 3086 454 3127 se
474 3063 556 3129 ultro
573 3062 614 3128 ad
630 3086 766 3151 poenam
783 3064 843 3152 ipsi
860 3065 1054 3141 obtulissent,
1070 3086 1169 3153 quum
1183 3064 1308 3129 veniam
1325 3064 1384 3129 de·

345 3087 442 3215 disset
461 3164 602 3235 praetor3
624 3150 782 3238 profectus
795 3150 956 3238 extemplo
966 3151 1007 3216 ad
1021 3150 1095 3216 alias
1110 3150 1261 3229 civitates,
1277 3152 1384 3215 omni·

345 3236 403 3300 bus
424 3236 468 3299 im
510 3249 577 3300 rata
592 3236 787 3315 facientibus,
803 3238 912 3324 quieto
931 3238 1072 3303 exercitu
1093 3250 1239 3325 pacatum
1338 3261 1381 3316 m,

344 3322 401 3408 qui
415 3345 476 3409 pau
489 3321 520 3386 lo
537 3334 610 3387 ante
630 3323 752 3409 ingenti
768 3323 905 3389 tumultu
919 3338 1043 3401 arserat,
1058 3324 1241 3425 peragravit.
1256 3260 1382 3389 fisidiam

344 3407 456 3475 lenitas
476 3409 637 3496 praetoris,
656 3432 721 3496 qua
742 3409 809 3475 sine
831 3413 983 3497 sanguine
1004 3410 1225 3475 ferocissimam
1249 3424 1380 3498 gentem

342 3494 517 3574 domuerat,
534 3519 574 3561 eo
594 3496 711 3584 gratior
731 3495 817 3583 plebi
832 3496 1041 3585 Patribusqne
1055 3497 1125 3574 fuit,
1164 3519 1205 3562 uo
1219 3496 1379 3562 crudelius

342 3582 526 3671 avaritiaque
546 3583 581 3647 in
605 3582 740 3660 Graecia
761 3582 921 3661 bellatum,
942 3598 976 3649 et
994 3585 1033 3648 ab
1055 3520 1182 3648 constile
1196 3581 1324 3649 Licinio
1346 3598 1379 3648 et

189 3685 220 3734 ln
232 3688 319 3737 Lucre
343 3668 382 3733 ab
397 3668 547 3735 Lucretio
564 3684 719 3770 praetore,
734 3683 810 3734 erat.
855 3668 1040 3735 Lucretium
1062 3670 1179 3735 tribuni
1201 3669 1302 3757 plebis
1323 3670 1378 3735 ab·

186 3750 248 3800 tium
259 3753 323 3801 inve
342 3766 463 3817 sentem
484 3756 688 3822 concionibus
709 3755 840 3821 assiduis
861 3755 1048 3833 lacerabant,
1064 3778 1163 3857 quum
1185 3755 1377 3856 reipublicae

186 3814 278 3930 ippum
288 3816 329 3867 Tr.
340 3862 435 3905 causa
448 3840 555 3907 abesse
569 3855 787 3909 excusaretur:
811 3840 867 3907 sed
882 3854 951 3907 tum
965 3842 1044 3908 adeo
1059 3866 1162 3908 vrcma
1176 3856 1273 3908 enam
1287 3844 1376 3908 inex-

377 3997 703 4070 1...tistantumpsoorem]
718 3996 840 4044 Hocloeo
873 3996 996 4046 sortitione
1023 3994 1207 4059 provinciarum.
1249 3996 1288 4043 Ad
1316 3994 1374 4043 hacc

341 4059 505 4109 desiderantur
520 4059 627 4108 comatia'
635 4058 778 4117 consularia,
789 4060 840 4121 qui·
874 4075 930 4109 vero
941 4062 1028 4109 desunt
1043 4076 1080 4109 ras
1093 4076 1109 4109 a
1125 4061 1154 4109 P.
1164 4056 1259 4107 Licinio
1276 4072 1372 4120 procon-

340 4125 386 4172 bus
396 4125 426 4172 A.
437 4123 558 4173 Hostilius
569 4123 700 4172 Mancinus
714 4130 740 4172 et
751 4126 781 4172 A.
790 4124 841 4171 Ati-
874 4125 926 4172 sule
937 4124 962 4172 in
975 4124 1121 4173 Macedonia
1130 4128 1219 4186 gestae.
1237 4124 1362 4171 Sicanios.

341 4188 388 4235 lius
414 4187 530 4236 &nanus
557 4188 668 4235 eonsules
692 4186 751 4235 facti
778 4193 842 4237 sunt.
907 4203 920 4235 s
942 4190 1023 4249 Ipitur
1046 4188 1165 4247 Perseus]
1199 4187 1229 4236 cl.
1255 4186 1323 4236 Plut.
1347 4184 1371 4233 in

342 4251 450 4304 Hostilio
478 4252 624 4301 Macedonia
650 4250 741 4309 evenit,
768 4251 844 4299 Atilio
879 4252 965 4302 Paula.

341 4316 422 4369 ltalia
457 4316 522 4365 ltem
539 4314 637 4365 comitia
653 4314 773 4378 praetoria
788 4330 844 4365 cum
