2934 4800
368 194 469 262 LlB.
492 195 618 262 XLIV.
650 195 762 262 cAP.
786 201 839 262 40.
1070 203 1130 265 165

38 324 138 391 nibus
169 325 379 394 curantium
409 329 561 419 elapsum,
591 331 627 396 in
654 331 839 399 ulteriorem
871 331 973 420 ripam
1005 333 1214 422 effligituc.
1229 345 1285 408 ⁵84·

39 411 145 488 Quod
157 435 272 500 quum
285 417 702 506 per-aqnam‚se1megenu
713 417 924 497 tenusaltam,
936 432 999 485 tres
1010 419 1127 486 milites
1136 409 1167 459 Α·
1183 409 1214 460 ⁰·
1231 423 1241 458 ¹
1245 408 1285 464 ⁶⁸·

36 513 280 585 sequerentur,
298 501 453 568 Thraces
466 503 533 569 duo
547 504 582 568 id
595 505 775 570 iumentum
795 527 836 570 ex
856 505 963 571 medio
982 506 1072 572 alveo
1091 507 1127 572 in

37 607 131 648 suam
146 585 261 674 ripam
281 588 479 667 traherent3
502 590 602 655 altero
620 613 731 656 eorum
749 592 862 669 occiso,
879 615 950 658 rece
974 605 1071 693 toque
1086 616 1125 658 eo

37 670 205 750 iumento,
222 674 272 738 ad
293 677 476 741 mationem
495 699 626 742 suorum
644 699 678 741 se
697 678 901 764 recipiebant.
949 615 1126 767 gotingen-

37 771 149 822 torum
166 758 359 825 Thracum
375 761 566 851 praesidium
583 763 618 828 in
637 762 776 828 hostium
796 765 865 853 ripa
883 777 958 830 erat.
1006 764 1058 830 Ex
1075 766 1125 830 his

37 865 301 997 uass
339 849 769 1001 ustulasses
787 851 921 1002 latu
942 865 1125 1026 ansas

32 1029 140 1082 sum:
175 978 267 1084 dein
279 955 435 1107 ppffids,
456 1034 616 1108 postremo
645 1044 765 1100 omnes,
791 1036 825 1088 et
852 1045 927 1088 cum
955 1024 1124 1111 praesidio,

44 1101 154 1190 [quod
169 1126 193 1169 a
206 1119 313 1193 parte
330 1107 553 1172 Romanorum
570 1108 671 1195 ripam
686 1107 888 1187 defendebat,
902 1131 1033 1175 manum
1049 1133 1125 1176 con·

41 1204 167 1255 serunt.
220 1191 315 1258 Non
348 1193 468 1259 desunt
498 1207 651 1272 auctores,
683 1195 740 1281 qui
771 1195 871 1282 ipsius
900 1189 1006 1260 Paulli
1038 1196 1125 1262 iussu

43 1297 171 1362 equum
182 1277 350 1345 dett-acto
359 1279 451 1345 freno
464 1279 636 1367 impulsum
650 1282 790 1346 scribant
803 1281 839 1345 in
853 1280 1001 1346 hostilem
1012 1281 1124 1369 ripam,

45 1363 266 1452 emissusque,
278 1366 351 1516 gui
369 1366 576 1444 retraherent,
590 1381 628 1433 ut
649 1367 756 1432 hostes
777 1389 918 1518 qlugnam
939 1367 1059 1454 priores
1080 1367 1127 1432 la·

44 1463 225 1516 cesserant.
316 1453 420 1517 tenim
434 1475 534 1540 quum
547 1453 661 1539 viginti
675 1455 774 1518 caesis
810 1453 899 1518 ostris
916 1451 1042 1518 litatum
1059 1476 1126 1519 non

47 1547 142 1612 esset,
164 1536 316 1602 tandem
339 1537 423 1604 laeta
443 1539 613 1626 vigesimae
636 1539 757 1626 primae
780 1552 855 1604 exta
877 1539 1059 1626 harmpices
1081 1541 1126 1604 ita

47 1622 344 1702 renuntiaverant,
374 1640 421 1703 ut,
448 1624 602 1690 Romanis
630 1648 697 1690 non
721 1625 958 1704 lacessentibus,
983 1625 1040 1690 sed
1069 1625 1126 1690 de·

50 1703 272 1774 sentientibus
298 1733 381 1787 sese,
403 1710 568 1776 victoriam
591 1711 822 1798 promitterent.
871 1711 1035 1790 Ceterum,
1058 1713 1124 1778 sive

52 1792 191 1858 consilio
219 1795 335 1896 ducis,
360 1797 426 1862 sive
448 1819 536 1898 casu,
562 1798 603 1862 ab
631 1797 693 1863 hoc
722 1810 808 1898 certe
836 1798 929 1864 initio
957 1799 1126 1899 commissa

53 1879 494 2048 ammisit
514 1883 740 2048 wit
753 1897 1126 2058 stlittffltss

57 2047 264 2121 descendere
280 2055 321 2120 in
335 2057 517 2121 universum
531 2078 673 2122 summae
687 2057 734 2121 rei
749 2056 929 2122 discrimen.
966 2056 1125 2122 Aemilius

60 2136 159 2215 enirn,
186 2143 341 2208 tumultu
363 2143 621 2208 concurrentium
643 2142 764 2220 audito,
788 2144 945 2231 praetorio
969 2165 1124 2231 egressus,

60 2233 237 2310 poetquam
252 2251 388 2294 caecum
404 2230 565 2294 ruentium
579 2228 621 2294 ad
638 2251 726 2294 arma
740 2229 894 2316 impetum
909 2251 1055 2296 revocare
1070 2243 1127 2312 aut

63 2306 175 2375 sistere
201 2335 270 2380 nec
296 2314 390 2380 facile
416 2337 476 2381 nec
501 2327 607 2380 tutum
629 2315 806 2394 videbatur,
832 2314 988 2381 utendum
1013 2316 1125 2382 ardore

63 2393 218 2477 militum,
254 2415 294 2466 et
325 2424 433 2467 casum
468 2403 505 2466 in
536 2403 734 2468 occasionem
766 2401 954 2469 vertendum
991 2403 1123 2491 putavit.

65 2476 190 2549 qucit
207 2487 326 2575 itaque
344 2489 452 2576 copias
470 2489 588 2566 caenis,
603 2500 637 2553 et
655 2488 784 2553 ordines
802 2488 1033 2574 interequitans
1051 2487 1126 2551 hor-

67 2576 163 2646 tatur,
178 2585 218 2636 ut
232 2574 415 2661 expetitam
432 2586 597 2661 tantopere
618 2595 760 2661 pugnam
774 2573 843 2661 pari
858 2571 969 2638 ardore
983 2594 1126 2660 capesse·

68 2667 149 2719 rent.
199 2657 310 2725 Simul
331 2660 450 2725 Nasica
469 2660 658 2747 praemissus
679 2658 720 2724 ad
742 2656 982 2747 explorandum,
1004 2681 1070 2746 quo
1091 2660 1126 2723 in

71 2750 156 2835 {tntu
177 2765 232 2810 ma
255 2758 363 2811 essent
382 2746 467 2811 inter
486 2746 621 2833 primam
642 2746 762 2811 cientes
784 2766 934 2833 pugnam,
954 2744 1125 2811 adventare

72 2837 230 2896 maruno
249 2832 395 2897 exercitu
414 2831 567 2897 Perseum
586 2832 753 2897 nuntiavit.
799 2831 899 2895 Primi
915 2830 1056 2897 Thraces
1076 2833 1126 2897 in·

75 2910 245 2997 cedebant,
262 2918 346 2983 truci
362 2916 462 2996 vultu,
477 2940 608 3004 corpore
628 2940 770 3006 procero,
785 2917 1026 3005 splendentibus
1046 2918 1126 2985 miro

75 2999 215 3069 candore
246 3004 290 3069 cli
331 3004 359 3069 is
388 3003 509 3069 laevam
539 3004 684 3091 protecti.
741 3004 923 3069 Humerum
955 3017 1126 3093 utrumque

78 3026 1127 3243 habitaturam

81 3262 227 3328 mercede
241 3262 401 3329 conducta
414 3261 543 3341 auxilia,
558 3263 682 3328 diverso
700 3262 786 3328 inter
802 3285 835 3328 se
854 3262 1056 3352 prodituris
1070 3284 1127 3329 na·

82 3341 220 3415 tionibus
233 3362 357 3415 annatu
371 3349 566 3437 habituque:
588 3350 622 3414 in
633 3348 683 3415 his
694 3362 728 3415 et
742 3349 886 3415 Paeones
900 3349 997 3413 filare.
1045 3348 1128 3414 Sub-

82 3426 147 3493 ibat
169 3456 286 3523 agmen
305 3434 523 3501 Macedonum
543 3436 693 3523 ipsorum,
709 3457 806 3522 quam
821 3434 1033 3520 leucaspidem
1049 3433 1129 3520 pha·

85 3510 209 3603 lengum
232 3522 456 3609 appellabant:
488 3520 605 3587 delecti
630 3531 789 3607 quotquot
814 3520 926 3584 robore
951 3542 989 3582 ac
1012 3519 1128 3585 virtute

84 3610 291 3685 omnemne,
305 3607 463 3696 fulgentes
477 3608 594 3673 aursus
610 3606 706 3671 armis
722 3606 867 3692 sagisque
882 3604 1034 3691 puniceis
1080 3604 1130 3669 Ea

87 3690 188 3759 media
199 3696 285 3761 acies
297 3695 366 3760 fuit
413 3693 484 3760 Hos
497 3694 722 3782 sequebantur,
739 3714 819 3779 quoe
833 3691 873 3756 ab
889 3690 987 3755 aereis
1001 3690 1130 3758 lucidis·

89 3794 148 3923 que
175 3781 287 3870 clipeis
315 3780 530 3870 chalcaspides
554 3780 712 3845 dicebant.
759 3777 851 3842 Haec
876 3775 1015 3865 phalanx
1040 3778 1131 3846 iuxta

119 3874 214 3933 tetam
230 3868 266 3933 in
282 3868 399 3934 dextro
415 3890 516 3933 cornu
535 3866 638 3933 locata
657 3877 714 3931 est
760 3862 891 3929 Praeter
909 3863 992 3929 hanc
1011 3878 1130 3931 utram·

92 3967 150 4031 que
167 3954 367 4043 pbalangem,
388 3954 476 4055 quod
497 3953 703 4042 praecipuum
724 3951 822 4016 robur
842 3964 911 4015 erat
929 3949 1132 4017 Macedonici

94 4041 252 4119 exereitus,
282 4054 424 4119 caetrata
448 4040 645 4106 Macedones
670 4050 704 4103 et
727 4036 799 4124 ipsi,
825 4037 951 4103 sarissas
975 4050 1131 4123 gerentes,

108 4216 138 4288 Ι6
154 4222 299 4286 tratum}
325 4226 367 4275 Itu
384 4224 525 4274 mandarit
544 4224 593 4275 Ur·
626 4221 748 4299 proelium
760 4222 945 4281 concurrisset,
957 4219 1027 4272 initio
1038 4237 1135 4285 pugnae

97 4290 428 4353 nnuprovulgtmamta.
628 4302 654 4337 m
670 4286 773 4337 flumina
792 4293 854 4337 orto.
874 4286 904 4337 cs.
921 4286 988 4337 Plut.
1006 4286 1135 4336 indemil.

126 4352 402 4417 tEtcunproestds'o]
420 4350 597 4401 Persecutores
632 4366 657 4415 p.
666 4350 721 4413 264.
739 4352 825 4402 Sicos.

97 4415 143 4458 Μ
157 4422 245 4476 Mer,
252 4422 282 4467 ut
291 4417 416 4479 utrimque
432 4415 553 4466 exercitus
566 4417 599 4465 ad
