2934 4800
488 539 548 635 T.
594 536 797 634 LIVll
851 535 1264 634 PATAVINI

645 826 905 909 LIBER
953 824 1090 908 XLV.

187 1441 223 1494 U.
237 1442 335 1506 ⁰·58⁴·
425 1428 657 1498 ICTORIAE
679 1429 795 1508 nuntii,
814 1429 855 1505 Q.
868 1427 984 1530 Fabius
1005 1439 1039 1529 et
1060 1427 1099 1492 L.
1112 1425 1284 1528 lentulus
1309 1424 1404 1524 etQ.

185 1506 376 1668 tlt.
447 1516 610 1596 ¹¹¹¹
628 1533 750 1618 (ιιι
770 1514 1244 1667 curtatum
1255 1511 1446 1628 ¹

185 1639 303 1747 fflo
345 1623 843 1764 titidirininilelridiurllmaegbrirtb
865 1623 1022 1774 postpdie,
1040 1709 1137 1774 quam
1157 1709 1233 1750 cum
1255 1708 1344 1772 rege
1364 1697 1403 1747 est

185 1760 249 1812 ’ἀφ’
345 1786 532 1862 pugnatum,
557 1798 657 1862 quum
683 1775 718 1839 in
743 1775 827 1840 circo
850 1773 919 1839 ludi
945 1772 1068 1851 fierent,
1093 1795 1239 1838 murmur
1253 1781 1399 1924 Orgpeute
1445 1763 1446 1808 l

345 1860 456 1948 populi
471 1873 538 1926 tota
551 1860 730 1948 spectacula
743 1861 898 1948 pervasit:
924 1867 935 1899 ‘
943 1859 1126 2009 Fulguatum
1140 1859 1176 1923 in
1191 1857 1253 1923 Ma
1325 1855 1400 1928 onis,

345 1956 401 2012 ‘et
424 1947 586 2012 devictum
611 1969 645 2012 re
687 1969 720 2011 m
745 1947 832 2012 esse.’
876 1945 964 2010 Dein
999 1945 1129 2011 remitus
1151 1944 1320 2045 increvit:
1350 1965 1398 2042 po·
1442 1953 1446 2088 p

345 2047 462 2098 stremo
491 2032 611 2098 clamor
638 2056 661 2122 p
691 2056 842 2120 ususque,
872 2032 959 2096 velut
987 2045 1075 2097 certo
1104 2045 1219 2097 nuntio
1245 2045 1397 2096 metonae

346 2118 451 2198 allato,
471 2131 520 2183 est
541 2133 678 2185 exortus.
725 2118 836 2184 Mirari
860 2119 1068 2205 magistratus,
1090 2130 1123 2183 et
1144 2139 1308 2206 quaerere
1331 2137 1397 2180 auc·

345 2217 447 2270 torem
476 2206 659 2294 repentinae
688 2204 837 2270 laetitiae.
886 2204 953 2280 Qui
981 2219 1150 2292 postquam
1179 2203 1294 2269 nullus
1325 2219 1395 2276 erat,

345 2291 475 2356 evanuit
503 2291 633 2378 quidem
664 2304 718 2357 tan
742 2314 817 2356 uem
846 2291 985 2356 incertae
1014 2291 1061 2356 rei
1089 2289 1264 2378 gaudium3
1304 2309 1394 2354 omen

345 2389 454 2444 tamen
482 2377 601 2445 laetum
630 2315 789 2444 insiddbst
816 2377 938 2443 animis.
987 2376 1084 2453 Quod
1113 2389 1287 2465 postquam
1320 2373 1393 2441 seris
1441 2394 1442 2410 ¹

344 2466 466 2531 nuntiis
480 2464 570 2531 Fabii
585 2464 780 2552 Lentulique
801 2478 835 2530 et
850 2463 976 2530 Metelli
995 2464 1136 2531 adventu
1155 2464 1323 2529 firmatum
1344 2475 1393 2536 est,

345 2575 446 2639 quum
460 2552 592 2617 victoria
608 2553 685 2639 ipsa,
702 2565 770 2617 tum
791 2550 925 2638 augurio
945 2550 1122 2615 animorum
1142 2570 1285 2627 suorum,
1304 2549 1392 2614 laeta·
1441 2594 1443 2619 ι

344 2638 470 2702 bantur.
509 2638 553 2703 Et
567 2638 659 2703 aliter
672 2638 778 2703 editur
793 2637 942 2702 circensis
956 2637 1066 2701 turbae
1082 2658 1148 2702 non
1165 2636 1272 2700 minus
1287 2634 1393 2701 nmilis

345 2724 413 2787 veri
434 2721 569 2789 laetitia.
627 2724 715 2788 Ante
745 2724 832 2788 diem
861 2723 1010 2809 quintum
1039 2722 1199 2788 decimum
1230 2720 1406 2787 Kalendas¹

347 2807 512 2887 Octobres,
536 2809 685 2874 ludorum
712 2808 932 2874 Romanorum
958 2809 1099 2874 secundo
1124 2808 1187 2886 die,
1214 2806 1255 2873 C.
1269 2808 1392 2875 Licinio

346 2894 478 2972 consuli,
494 2894 536 2958 ed
574 2894 719 2981 usdrigas
734 2894 904 2961 mittendas
921 2895 1116 2973 escendenti,
1132 2893 1328 2973 tabellarius,
1343 2892 1407 2981 quir

345 3002 379 3043 se
400 3002 441 3044 ex
457 2918 649 3046 Macedonia
663 2981 771 3046 venire
789 2982 921 3059 diceret,
940 2982 958 3016 ¹*
969 2981 1127 3047 laureatas
1146 2980 1253 3047 literas
1268 2982 1406 3051 dicituro

348 3065 521 3153 Quadrigis
536 3066 647 3145 missis,
662 3066 773 3132 consul
788 3090 916 3132 currum
931 3068 1135 3133 conscendit:
1160 3080 1203 3145 et,
1218 3090 1323 3155 quum
1342 3086 1392 3155 per
1443 3116 1445 3162 t

345 3151 466 3217 circum
481 3152 685 3218 reveheretur
699 3153 741 3218 ad
755 3152 839 3219 loros
855 3152 1009 3241 publicos,
1024 3152 1178 3219 laureatas
1192 3153 1328 3219 tabellas
1342 3172 1406 3243 pot
1443 3185 1444 3217 ι

345 3237 424 3325 pulo
438 3238 586 3304 ostendit
634 3238 761 3314 Quibus
776 3240 961 3327 conspectis,
978 3255 1109 3329 repente
1125 3241 1295 3306 immemor
1307 3262 1391 3331 spee
1443 3304 1445 3351 t

1443 3352 1445 3393 ι

382 3472 392 3506 ι
415 3459 535 3532 Quintum
561 3459 691 3517 decimum
726 3459 854 3533 Quintum,
887 3457 973 3533 aforis
989 3458 1156 3534 publicinubi
1172 3460 1284 3533 sedebat,
1297 3462 1330 3509 ad
1348 3474 1390 3533 cer
1445 3508 1446 3535 p

346 3522 413 3583 quod
436 3537 463 3570 ιιι
485 3523 550 3587 vulg.
571 3538 622 3571 non
649 3528 738 3582 emat
759 3523 854 3572 addidit
887 3530 1019 3582 cotenu-et,
1028 3528 1103 3585 atque
1115 3525 1174 3573 rude
1189 3538 1288 3586 mgnum
1299 3526 1388 3587 quadu-

346 3586 483 3636 Manutius.
523 3588 640 3637 Decimus
664 3586 729 3635 enim
751 3590 854 3651 quintu
885 3587 922 3650 gis
940 3588 1015 3636 daret.
1049 3588 1166 3637 Ceterum
1188 3588 1292 3651 uuicum
1314 3604 1388 3638 exem·

347 3655 408 3709 erat,
421 3656 450 3698 ut
464 3650 602 3700 Crevierius
618 3651 754 3709 annotavit,
768 3650 854 3699 tertius
884 3652 941 3713 pler
967 3651 1119 3714 praeferebat
1144 3654 1310 3709 semmae.
1331 3653 1390 3701 unde

346 3713 457 3761 decimus
467 3713 694 3777 diesabeoquoiu
707 3714 855 3763 Macedonis
886 3729 990 3776 pronum
1007 3720 1044 3763 est
1060 3714 1156 3764 efficere
1171 3716 1388 3777 omnemnque
1444 3725 1445 3731 ’

364 3781 483 3837 ugnetum
510 3782 554 3827 est.
600 3779 635 3827 At
661 3778 741 3841 pridie
769 3777 855 3827 Nonas
887 3778 981 3841 placuit
991 3778 1107 3828 Tumebo
1118 3784 1144 3827 et
1155 3779 1290 3830 Gronovio.
1307 3782 1383 3829 Cast.

380 3840 504 3900 ptembres
525 3847 661 3902 pugnatum
679 3842 767 3901 fueret,
786 3856 851 3904 supr.
917 3855 931 3903 3
950 3844 1107 3893 ’Manum
1118 3844 1203 3893 literae
1214 3845 1319 3905 dieitur]
1333 3844 1388 3893 Drs

346 3902 406 3952 xliv.
435 3913 475 3965 37.
508 3902 606 3953 Tertius
632 3911 716 3954 sutem
743 3904 854 3953 decimus
884 3906 1387 3970 kenborchiovideturnegligentialibrnrii

347 3967 400 4015 dies
413 3983 430 4016 a
444 3966 522 4030 pridie
533 3967 620 4016 Nonus
630 3969 787 4031 Septembres
801 3974 853 4018 eret
885 3968 1004 4019 excidisse
1016 3986 1100 4019 vocem
1116 3986 1202 4031 unam,
1212 3988 1278 4033 quae
1293 3988 1347 4021 cum
1358 3975 1387 4021 o·-

346 4036 407 4078 tune
421 4032 479 4080 ad
494 4045 538 4081 xv.
550 4031 609 4080 Kal.
621 4031 748 4082 Octobres
782 4034 852 4082 Men·
885 4035 1096 4083 cttureoheemet.
1129 4037 1272 4085 Reddtdr’aess
1284 4036 1388 4099 sigonius

347 4093 379 4168 ais
392 4095 458 4142 enim
469 4096 614 4158 September
624 4095 709 4159 viginti
724 4102 750 4145 et
764 4111 853 4145 novem
886 4098 1016 4147 desiderari
1028 4098 1139 4147 coniecit.
1444 4141 1445 4169 7

347 4159 441 4206 (lterum
458 4166 511 4207 erat
527 4176 560 4209 ex
575 4160 727 4210 ordinatione
746 4161 855 4221 Numae,
919 4178 934 4220 4
950 4164 1025 4212 Feror
1040 4164 1162 4225 publicos]
1183 4178 1217 4211 sc.
1236 4162 1313 4222 Loco,
1329 4166 1387 4213 unde

347 4236 422 4283 quam
433 4227 494 4269 tune
505 4225 669 4286 sequebantur
680 4224 795 4274 Romani
887 4232 1055 4287 spectarentur
1065 4226 1125 4277 ludi.
1142 4226 1174 4277 cf.
1185 4242 1251 4288 supr.
1264 4228 1332 4278 xxix.
1343 4242 1378 4289 37.

380 4300 394 4333 ι
406 4286 566 4348 amnem]
579 4289 612 4338 In
618 4303 724 4347 currum,
730 4294 759 4337 ut
766 4302 855 4350 nempe
1444 4327 1445 4378 7
