2934 4800
347 205 368 264 4
738 198 851 264 ΤῙΤῙ
878 197 1015 264 LIVII

305 338 473 410 sarmatas
495 336 648 404 liberarit.
695 335 759 402 His
778 337 872 402 rubus
888 359 988 424 quum
1011 336 1183 402 multorum
1205 336 1327 402 mimos
1347 360 1395 402 ar·

267 447 273 462 ·
306 413 494 501 ⁷⁸·rexisset,
515 423 682 490 Graeciam
703 424 739 488 in
760 447 794 488 se
815 425 972 489 convertit
992 424 1131 501 omnem,
1152 437 1186 488 et
1206 447 1322 512 magna
1340 447 1394 512 spe

352 511 503 599 implevit
552 511 755 587 Quinetiam
778 511 812 574 in
834 525 902 577 toto
921 510 1063 597 reliquas
1077 511 1160 575 vitae
1175 510 1264 575 cultu
1278 511 1395 597 regiam

321 651 325 661 .
352 598 541 684 dignitatem
559 600 713 663 tuebatur·
758 597 844 661 Nam
859 611 893 663 et
906 597 1028 685 species
1042 611 1111 663 erat
1123 597 1265 675 honesta,
1282 611 1316 661 et
1328 620 1395 662 cor·

376 707 413 750 us
434 685 473 749 ad
497 686 605 749 omnia
628 684 702 750 belli
727 685 877 772 pacisque
901 685 1011 748 munia
1033 683 1181 748 obeunda
1203 683 1342 749 validum
1362 698 1395 748 et

395 771 468 848 bile,
487 785 520 836 et
541 771 651 836 frontis
675 795 711 836 ac
733 771 894 858 supercilii
916 770 1031 836 decora
1053 784 1194 836 maturae
1218 771 1280 834 iam
1303 771 1395 835 aetati

353 858 506 923 rualestas.
558 857 650 922 Nihil
676 858 710 921 in
736 881 774 921 eo
800 871 950 945 paternae
975 857 1130 934 lascivias,
1157 858 1337 943 effusaeque
1362 857 1396 920 in

352 943 514 1009 Venerem
541 960 574 1010 et
599 945 674 1009 vina
696 944 845 1009 libidinis.
892 943 954 1008 His
976 943 1122 1009 laudibus
1148 944 1282 1009 Perseus
1308 943 1397 1008 initia

353 1032 548 1132 principatus
576 1030 829 1109 commendabat,
855 1030 942 1096 haud
970 1053 1062 1119 pares
1089 1031 1226 1118 inceptis
1252 1030 1397 1095 habitura

353 1132 467 1184 exitus.

399 1203 463 1293 [a]
489 1205 671 1292 Antequam
683 1219 844 1293 praetores
854 1206 887 1283 ii,
899 1203 956 1292 qui
968 1203 1140 1292 Hispanias
1149 1204 1252 1269 sortiti
1263 1204 1397 1280 lucrant,

352 1292 387 1356 in
409 1293 585 1379 provincias
599 1294 755 1369 venirent,
770 1313 904 1378 magnae
919 1315 969 1357 res
982 1292 1027 1356 ibi
1041 1305 1148 1378 gestae
1163 1305 1236 1356 sunt
1251 1314 1271 1355 a
1284 1290 1398 1356 Postu-

353 1379 419 1444 mio
444 1390 477 1444 et
502 1377 657 1444 Graccho.
706 1377 770 1444 Sed
798 1377 935 1444 Gracchi
960 1378 1131 1466 praecipua
1155 1377 1223 1444 laus
1247 1377 1318 1454 tuit,
1365 1378 1424 1440 ui6

353 1479 455 1531 aetate
477 1465 602 1543 florens,
625 1488 725 1553 quum
747 1466 863 1530 virtute
886 1466 984 1530 animi
1004 1478 1037 1530 et
1060 1465 1269 1551 prudentias
1312 1401 1400 1528 utiles

353 1574 464 1616 omnes
486 1552 622 1617 multum
644 1552 787 1628 anteiret,
803 1566 836 1615 et
855 1552 978 1702 ingenti
997 1552 1060 1615 iam
1079 1565 1147 1616 tum
1163 1551 1247 1616 fama
1259 1487 1400 1615 delebu-

352 1639 455 1715 batur,
472 1639 669 1702 etmsiorem
685 1637 876 1702 infuturum
914 1661 981 1702 ese
996 1661 1085 1726 spem
1100 1638 1286 1703 concitabat.
1335 1635 1424 1714 Car-7

353 1725 456 1802 rabin,
471 1725 582 1789 urbem
597 1725 712 1788 sociam
731 1723 960 1802 Romanorum,
975 1725 1087 1812 viginti
1106 1725 1207 1790 millia
1222 1723 1400 1789 Celtibero-

353 1833 425 1876 rum
451 1812 686 1897 oppugnabant
743 1809 908 1876 Gracchus
933 1811 974 1875 sd
1000 1833 1094 1898 opem
1119 1811 1212 1876 sociis
1236 1810 1400 1875 ferendam

353 1897 541 1986 properavit
592 1897 653 1962 Illa
674 1895 853 1962 sollicitudo
875 1899 1020 1985 angebat,
1043 1921 1182 1984 quonam
1206 1897 1302 1962 modo
1323 1919 1401 1962 con·

353 1983 459 2049 silium
481 2005 572 2049 suum
597 1984 729 2049 obsessis
750 1983 952 2072 significaret,
971 1999 1036 2050 tam
1055 1998 1124 2049 arta
1142 1984 1306 2050 obsidione
1327 2007 1401 2071 pre·

353 2071 513 2136 mentibus
541 2071 652 2136 urbem
681 2070 834 2148 hostibus,
860 2085 898 2137 ut
921 2072 975 2137 vix
1001 2095 1040 2137 eo
1065 2073 1197 2136 nuntius
1222 2088 1401 2136 commeare

352 2179 443 2244 posse
458 2158 626 2223 videretur.
666 2157 815 2222 Arduum
831 2159 993 2246 negotium
1008 2159 1171 2246 expedivit
1186 2155 1330 2224 Cominii
1343 2180 1403 2221 su-

354 2243 452 2310 dacia.
498 2243 530 2309 Is
556 2245 699 2332 equitum
727 2257 849 2310 turmae
874 2246 1059 2332 praefectus,
1083 2268 1117 2310 re
1142 2245 1229 2345 prius
1254 2244 1341 2331 apud
1365 2267 1402 2309 sc

353 2353 517 2433 perpensa,
540 2344 573 2396 et
597 2330 754 2410 Graccho,
798 2331 854 2396 uid
875 2346 1009 2421 pararet,
1029 2332 1202 2410 admonito,
1224 2330 1402 2419 Hispanico
1465 2348 1466 2357 ¹

353 2418 485 2484 mdutus
506 2442 590 2520 sago,
613 2355 849 2507 pabulatodihus
868 2419 1007 2485 hostium
1029 2442 1063 2484 se
1086 2419 1264 2484 immiscuit
1313 2418 1403 2483 Cum

354 2506 404 2571 his
423 2520 524 2571 castra
543 2528 710 2593 ingressus,
725 2506 802 2571 hinc
821 2529 916 2571 cursu
937 2506 979 2571 sd
1000 2507 1111 2571 urbem
1126 2505 1300 2582 contendit,
1315 2528 1403 2569 nun-

354 2594 475 2679 tiatque
490 2592 659 2659 adventare
675 2593 850 2658 Tiberium.
893 2592 1057 2693 Oppidani
1071 2616 1113 2657 ex
1128 2593 1239 2657 ultima
1253 2592 1403 2679 despera-

355 2680 440 2745 tione
460 2679 502 2745 ad
521 2678 713 2745 alacritatem
735 2694 832 2766 atque
854 2680 1018 2745 audactam
1040 2680 1101 2745 hoc
1122 2679 1237 2744 nuntio
1258 2679 1401 2756 excitati,

354 2766 526 2833 obfirmatis
549 2767 590 2831 ad
611 2766 734 2831 fortiter
755 2789 789 2831 re
812 2766 998 2854 ugnandum
1019 2767 1141 2845 animis,
1156 2766 1210 2830 die
1225 2766 1329 2843 tertio,
1344 2766 1404 2831 ad·

353 2868 450 2935 ventu
473 2852 611 2919 Gracchi
625 2852 772 2940 digressis
790 2789 946 2931 hostibus,
964 2854 1128 2919 obsidione
1150 2852 1293 2940 exempti
1313 2867 1402 2918 sunt.

354 2938 427 3026 Ipsc
450 2954 559 3027 postea
575 2938 749 3016 Gracchus,
769 2939 880 3005 fraude
900 2940 1105 3005 barbarorum
1127 2940 1296 3090 appetitus,
1314 2940 1405 3027 peri-
1463 2951 1464 2962 ¹

354 3026 462 3091 culum
477 3026 595 3091 viribus
609 3038 677 3091 arte
692 3026 809 3091 adiutis
824 3027 868 3091 ita
881 3026 1037 3103 discussit,
1050 3039 1086 3091 ut
1100 3026 1143 3090 do
1155 3049 1193 3091 us
1207 3026 1241 3091 in
1255 3040 1405 3091 suctores

354 3126 498 3177 verteret
546 3111 723 3213 Complega
737 3126 805 3176 erat
820 3113 894 3178 urbs
910 3112 1033 3198 aliquot
1053 3126 1128 3177 aute
1151 3113 1242 3177 annis
1261 3112 1404 3191 condita,

354 3198 411 3263 sed
433 3198 536 3263 valida
557 3220 655 3262 muns
677 3212 707 3263 et
731 3198 886 3263 celeribus
907 3200 1111 3264 incrementis
1129 3213 1231 3276 aucta,
1250 3199 1405 3287 inquam

354 3284 446 3350 multi
474 3284 689 3372 Hispanorum
715 3299 949 3362 concurrerant,
974 3287 1030 3373 qui
1055 3286 1143 3373 prius
1168 3299 1299 3375 egentes
1323 3308 1405 3375 agro

354 3372 418 3437 huc
439 3370 516 3437 illuc
535 3371 642 3457 vagari
663 3372 866 3457 cogebantur.
912 3372 964 3436 Ex
983 3396 1022 3437 ea
1043 3374 1120 3439 urbe
1141 3372 1337 3460 prodeuntes
1360 3374 1405 3437 ad

354 3458 468 3545 viginti
487 3458 653 3523 hominum
675 3457 784 3535 millia,
799 3458 978 3548 supplicum
992 3459 1113 3538 habitu,
1128 3480 1294 3547 ramosque
1310 3459 1404 3525 oleae

354 3546 561 3633 porrigentes,
580 3546 613 3610 in
636 3567 674 3609 co
754 3558 806 3610 ctu
830 3561 1004 3612 castrorum
1025 3560 1176 3634 tauquam
1195 3568 1308 3633 pacem
1329 3570 1406 3611 ora-

355 3632 418 3696 turi
444 3633 661 3697 constiterunt
753 3654 805 3708 ox,
830 3634 961 3698 abiectis
984 3633 1182 3720 precantium
1211 3633 1405 3720 insignibus,

354 3740 395 3783 ex
417 3717 586 3804 improviso
601 3718 737 3805 aggressi
754 3718 916 3784 Romanos
938 3741 1052 3821 pavore
1074 3742 1111 3784 ac
1133 3719 1273 3785 tumultu
1292 3721 1406 3785 omnia

354 3802 601 3891 compleverunt.
641 3798 806 3869 Gracchus
820 3806 954 3892 sapienti
969 3805 1101 3871 consilio
1116 3820 1216 3871 castra
1271 3807 1406 3871 ssimu-

354 3889 504 3955 lationem
519 3890 611 3989 fugae
627 3890 785 3956 deseruit:
810 3914 891 3979 quse
906 3891 954 3955 illi
968 3892 1046 3957 dum
1065 3892 1157 3959 solita
1175 3829 1314 3958 bobius
1333 3894 1407 3958 avi-

354 3976 453 4042 ditate
469 3976 634 4064 diriprunt,
650 4000 782 4065 seseque
802 3978 920 4066 praeda
933 3980 1153 4067 praepediunt,
1169 4002 1311 4045 reversus
1325 3983 1407 4046 sub-

385 4210 695 4275 6Pruect'pualaussus‘t]
715 4215 746 4264 ct
759 4212 860 4263 Diodor.
928 4216 1169 4277 7Cambtmurbem
1178 4212 1279 4276 missa]
1303 4213 1335 4262 es.
1349 4216 1405 4277 Ap

354 4276 421 4337 apud
434 4276 569 4326 Valesium.
894 4278 959 4340 pinu.
972 4280 1044 4328 Alex.
1055 4280 1087 4327 de
1100 4280 1164 4329 Bell.
1177 4278 1250 4341 Hisp.
1261 4278 1316 4339 378.

1456 4623 1458 4704 l
