2934 4800
375 219 472 286 urs.
497 219 589 287 xus
620 221 731 289 oar.
758 221 822 312 [.]
1108 230 1130 290 a

77 357 235 444 temporib
295 379 337 422 ue
357 355 489 434 diversa,
507 357 553 422 ita
573 379 608 422 re
628 359 809 437 coniuncta,
826 359 886 424 sub
907 381 973 426 uno
995 373 1126 448 aspectu
1137 371 1212 424 Μ.
1227 384 1283 437 ⁵74

75 442 129 507 hic
191 465 265 508 nere
294 444 384 521 buit,
399 444 537 508 intuenti
558 444 729 510 imminens
751 469 827 511 mox
843 445 997 512 Romanis
1011 471 1031 512 a
1045 437 1164 514 Per·L
1181 438 1211 490 ⁰·
1228 441 1281 502 ¹⁷⁸⁵

75 551 129 594 seo
192 530 279 607 llum,
301 530 388 608 unde
409 530 537 596 initium
558 530 695 596 maxime
716 532 879 598 crescendi
892 555 942 598 res
958 533 1122 599 Romanae

74 609 1122 795 nnr.l¹tl,rut.u.usts.utusru

74 805 106 854 et
123 790 219 855 Galli.

118 876 165 964 [2.
189 876 238 941 M.
255 875 350 941 Iunio
371 875 481 954 Bruto,
502 877 545 942 A.
558 875 683 942 Manlio
702 877 839 944 Vulsoni
860 879 1042 946 consulibus
1062 880 1120 946 de·

51 978 177 1028 ecretae
204 987 280 1052 ergo
304 963 484 1050 provinciae
513 978 596 1041 sunt
623 963 729 1030 Gallia
752 978 785 1030 et
808 965 962 1053 Ligures:
994 966 1119 1032 Manlio

75 1049 191 1127 Gallia,
213 1049 309 1114 Iunio
331 1049 370 1113 Li
396 1072 465 1114 ures
489 1051 639 1138 obtigere.
694 1050 905 1129 Praetoribus,
929 1052 978 1118 M.
995 1052 1120 1119 Titinio

75 1135 184 1200 Curvo
210 1138 339 1214 urbana,
396 1137 415 1200 ‘.
433 1135 571 1201 Claudio
597 1136 721 1202 Neroni
789 1139 914 1225 regrina
942 1139 1118 1206 iurisdictio

71 1224 198 1288 evenit:
224 1223 261 1288 P.
276 1222 500 1310 Aelio-Liguri
517 1221 632 1300 Sicilia,
648 1223 687 1288 T.
702 1225 753 1290 Ae
775 1225 843 1290 utio
859 1225 945 1292 Caro
961 1225 1116 1304 Sardinia,

72 1307 119 1373 M.
134 1310 258 1375 Titinio
273 1309 353 1397 (duo
368 1311 454 1375 enim
470 1309 518 1374 M
531 1309 647 1374 Titinii
660 1323 840 1397 praeturam
861 1311 923 1377 hoc
943 1335 1027 1379 anno

48 1397 196 1482 sserunt)
208 1395 366 1484 Hispanis
376 1396 511 1474 citerior,
524 1395 564 1461 T.
575 1395 709 1462 Fonteio
723 1395 874 1547 Capitoni
885 1397 1024 1463 ulterior.
1102 1436 1117 1450 -

71 1483 221 1548 cendium
235 1485 320 1548 circa
332 1483 435 1547 forum
446 1496 551 1548 ortum
566 1495 623 1560 est,
634 1505 699 1570 quo
710 1496 744 1548 et
757 1506 779 1571 p
792 1483 894 1548 urima
907 1484 1018 1550 deusta
1031 1500 1117 1563 sunt,

73 1581 107 1633 et
120 1567 254 1634 Veneris
276 1569 371 1634 aedes
393 1569 461 1634 sine
483 1569 548 1634 ullo
563 1569 697 1656 vestigio
716 1584 863 1648 cremata,
879 1569 996 1636 Vestae
1018 1594 1118 1659 pene-

74 1654 159 1720 tralis
176 1656 258 1744 ignis
280 1656 462 1721 exstinctus.
508 1654 618 1756 Virgo,
634 1655 724 1720 cuius
746 1657 889 1722 custodia
902 1657 1013 1735 luerat,
1029 1658 1118 1724 iussu

72 1739 120 1806 M
136 1742 265 1807 Aemilii
323 1743 438 1808 ntificis
453 1743 582 1808 maxims
597 1742 695 1829 flagro
710 1764 809 1821 caesa,
825 1757 859 1810 et
871 1743 1116 1832 supplicationes

70 1827 110 1893 de
131 1851 220 1894 more
243 1829 285 1894 ha
306 1830 369 1894 itse
392 1844 475 1894 sunt.
520 1827 673 1894 Lustrum
698 1828 760 1894 hoc
783 1853 868 1896 anno
892 1853 913 1896 a
934 1832 1117 1898 censoribus

69 1913 117 1981 M.
134 1915 278 1981 Aemilio
304 1915 439 2003 Lepido,
465 1915 513 1982 M.
531 1915 643 1982 Fulvio
666 1915 832 1982 Nobiliore
862 1917 1027 1982 conditum
1056 1931 1113 1984 est.

69 2000 179 2068 Censa
199 2015 275 2068 sunt
294 2003 409 2069 civium
428 2003 531 2090 capita
547 2003 686 2068 ducenta
701 2004 903 2090 septuaginta
924 2005 985 2069 tria
1005 2003 1114 2084 millia,

67 2089 209 2154 ducenta
223 2089 433 2178 quadraginta
447 2102 605 2176 quattuor.
650 2088 767 2176 Legati
787 2113 807 2154 a
828 2089 946 2156 Perseo
961 2089 1116 2158 Macedo-

67 2198 145 2240 num
160 2199 237 2264 rege
251 2189 418 2254 venerunt,
430 2175 634 2263 postulantes,
646 2188 683 2242 ut
696 2198 754 2241 rex
767 2176 934 2264 sociusque
948 2191 982 2243 et
996 2178 1115 2244 amicire

66 2277 224 2333 asenatu
244 2262 464 2351 appellaretur,
484 2262 660 2348 foedusque
682 2284 756 2328 cum
779 2286 828 2341 eo,
844 2263 1021 2350 quodcum
1036 2265 1115 2330 Pbi-

65 2348 155 2439 lippo
170 2363 260 2439 patre
275 2350 345 2416 eius
358 2349 469 2427 fuerat,
485 2361 698 2415 renovaretur.
745 2348 917 2438 Suspectus
931 2351 1115 2439 invisusque
1157 2434 1161 2438 ‚

64 2450 132 2503 erat
149 2436 306 2503 Romanis
321 2437 465 2514 Perseus,
487 2459 547 2501 nec
568 2436 756 2503 dubitabant
776 2437 930 2525 plerique,
946 2439 1026 2525 quin
1047 2439 1115 2504 bel·

42 2522 143 2603 elum,
160 2548 181 2589 a
195 2524 345 2612 Philippo
361 2536 408 2589 tot
422 2546 479 2611 per
494 2546 594 2589 annos
608 2523 740 2589 occultis
753 2523 893 2589 consiliis
914 2525 1114 2604 instrumum,

64 2612 119 2675 ubi
142 2611 283 2699 primum
304 2610 432 2675 daretur
446 2610 578 2688 occasio,
594 2610 740 2697 viresque
762 2611 794 2675 ei
814 2634 889 2677 suae
911 2611 985 2677 sads
1007 2604 1115 2700 placti-

63 2698 176 2774 issent,
196 2697 340 2763 illaturus
358 2712 448 2763 esset.
494 2695 628 2774 Tamen,
651 2697 860 2783 acquietum
885 2714 919 2765 et
942 2697 1027 2800 pacis
1048 2713 1115 2765 stu·

62 2784 194 2850 diosum
215 2784 384 2862 lacessisse,
400 2783 547 2871 belloque
562 2806 688 2857 causam
705 2783 767 2867 ipsi
781 2783 905 2850 dedisse
920 2786 1114 2865 viderentur,

61 2870 226 2959 postulata
247 2871 278 2937 ei
302 2894 358 2935 sua
382 2882 613 2937 concesserunt.
658 2868 805 2949 Perseus,
827 2871 889 2936 hoc
912 2887 1043 2960 accepto
1063 2896 1115 2939 re·
1172 2935 1182 2941 .

61 2981 194 3046 spormo,
208 2958 369 3023 firmatum
383 2958 448 3023 iam
462 2957 592 3023 omnino
607 2958 667 3023 sibi
681 2980 715 3023 re
761 2980 816 3023 um
831 2958 1027 3038 existimans,
1038 2984 1058 3026 o
1168 2968 1176 2987 ¹

61 3044 154 3133 apud
176 3043 317 3109 Graecos
338 3067 447 3131 parare
467 3042 585 3109 statuit
633 3043 720 3132 Cupi
743 3068 780 3109 us
794 3068 869 3132 ergo
884 3068 1054 3133 comparas

60 3154 179 3197 eorum
202 3131 370 3209 amicitiae,
393 3143 551 3218 quotquot
574 3130 655 3196 aeris
679 3130 776 3196 alieni
798 3154 892 3197 causa
914 3146 970 3197 aut
994 3133 1114 3199 iudicio

60 3218 271 3283 condemnati
286 3218 388 3282 solum
402 3228 571 3294 verterant,
587 3217 706 3304 quique
728 3219 771 3282 ob
791 3218 962 3283 maiestatis
981 3220 1115 3285 crimina

60 3302 266 3370 Macedonia
283 3316 491 3381 excesserant,
507 3304 669 3369 universos
687 3304 723 3367 in
741 3302 967 3371 Macedoniam
986 3329 1114 3371 revoca-

36 3394 119 3470 svit‚
137 3390 251 3456 edictis
268 3390 303 3454 in
317 3390 421 3456 insula
434 3390 528 3468 Delo,
544 3413 581 3455 ac
596 3388 743 3477 Delphis,
758 3392 840 3456 etin
855 3391 975 3479 templo
990 3390 1113 3457 Itoniae

60 3478 234 3543 Minervae
249 3476 353 3565 palam
369 3476 546 3565 propositis,
557 3476 673 3565 quibus
687 3500 754 3541 non
770 3477 865 3543 modo
880 3477 1113 3563 impunitatem,

59 3564 120 3631 sed
145 3563 243 3629 etism
264 3564 421 3629 bonorum
442 3565 586 3629 omnium
602 3564 844 3640 restitutionem,
865 3586 939 3627 cum
960 3563 1115 3631 fructibus

61 3653 103 3718 ab
119 3674 162 3717 eo
176 3666 328 3744 tempore,
344 3674 385 3715 ex
400 3672 465 3737 quo
480 3650 535 3751 qui
573 3673 615 3715 ue
629 3648 796 3726 exsularet,
816 3650 1024 3717 redeuntibus
1038 3674 1115 3716 con·

62 3739 209 3805 cedebat.
257 3736 322 3803 Sed
336 3751 369 3803 et
383 3738 431 3815 iis,
448 3760 503 3838 qur
518 3673 761 3803 ilbtacedonia
775 3737 944 3824 degebant,
959 3737 1115 3826 quicquid

63 3826 244 3891 debebatur
256 3825 344 3903 fisco,
359 3824 497 3902 remis1t3
522 3836 717 3911 cunctosque
738 3824 779 3889 ob
801 3823 922 3889 crimen
943 3825 1115 3891 maiestatis

101 4058 115 4091 a
132 4042 293 4105 Provinciae]
313 4042 344 4093 et
357 4042 419 4093 Inlr.
432 4056 446 4105 5
457 4048 483 4093 et
495 4054 517 4106 7.
540 4072 545 4079 ·
641 4053 655 4103 5
672 4042 769 4091 Edlctia
783 4042 812 4089 in
824 4043 909 4091 enula
922 4044 994 4101 Delo,
1010 4058 1039 4091 ae
1056 4044 1115 4093 Del·

100 4106 576 4171 3uopanuaesor10funnxuu.
606 4104 676 4168 pars]
697 4105 1051 4182 anseromiuaauiuqou
1061 4122 1115 4155 no-

67 4186 92 4221 2.
111 4172 160 4221 Iul.
173 4172 263 4234 Obseq,
275 4170 313 4221 26.
609 4175 662 4217 rata
674 4170 704 4217 de
719 4176 790 4221 imno
804 4186 871 4233 regni
885 4168 967 4220 Persei
978 4170 1035 4218 ude
1048 4172 1116 4232 apud

86 4238 242 4349 ἔρξαντα
257 4234 378 4301 cumillis]
406 4236 437 4286 cs.
455 4236 527 4299 Supr.
541 4236 577 4285 xl.
610 4234 698 4295 Polyb.
709 4234 775 4285 xxvi
787 4246 810 4295 5.

69 4314 84 4361 5
104 4336 110 4349 .
127 4316 152 4349 ru
175 4316 208 4349 .x
222 4316 242 4350 r.
253 4316 277 4365 9.

891 4365 948 4423 sa
