2934 4800
387 250 484 318 LIB.
508 251 618 319 XLII.
651 251 763 319 CAP.
790 258 838 319 15.
1085 250 1125 320 51

76 395 268 474 ‘antequam
278 388 312 452 in
324 386 449 453 Italiam
460 389 627 466 traiecerit,
637 402 793 454 armatum
804 411 1015 454 occursurum.
1050 388 1124 454 Hoc
1136 404 1169 454 u.
1180 405 1209 456 c.
1225 407 1280 468 580.

76 481 199 560 ‘quarn
219 475 307 540 vobis
329 487 434 540 tutum
456 488 512 540 aut
533 475 701 540 honestum
723 476 775 553 sit,
796 476 1031 542 vos‘videritis:
1131 471 1164 521 Α»
1179 472 1209 520 ⁰·
1226 482 1280 534 ¹7²·

75 567 185 626 ‘certe
205 561 284 626 mihi
304 573 397 649 turpe
417 584 484 628 esse
504 561 593 640 duxi,
632 562 695 626 rius
715 562 831 628 Persea
849 563 891 628 ad
908 499 1123 628 1551155511ξῖΞ

75 647 246 726 ‘rendum
262 670 360 735 quam
374 671 425 712 me
440 649 560 714 socium
637 648 894 736 praedicendum3
909 665 947 714 ut
959 651 1121 729 caveretis,

75 733 209 800 ‘venire
237 735 273 798 in
299 734 432 800 Italiam
479 734 620 801 Functus
645 733 822 801 necessario
844 735 925 801 mihi
951 736 1065 814 officio,
1089 751 1123 802 et

75 820 240 908 ‘quodam
265 820 361 886 modo
386 821 517 887 liberata
541 835 637 910 atque
662 836 834 888 exonemta
853 822 917 888 fide
939 845 1021 901 mea,
1042 823 1122 911 quid

75 907 183 972 ‘ultra
196 907 300 973 facere
314 931 452 1008 possum,
468 931 563 996 quam
579 910 627 975 uti
640 909 717 974 deos
731 909 871 996 deasque
884 932 1004 997 precer,
1016 925 1053 974 ut
1066 933 1122 975 vos

75 1001 129 1060 ‘et
143 1007 267 1060 vestrae
283 994 484 1082 reipublicae,
499 1011 533 1060 et
549 996 641 1061 nobis
655 996 748 1062 sociis
764 1011 861 1084 atque
875 997 994 1075 amicis,
1009 997 1066 1084 qui
1079 1019 1122 1062 ex

74 1081 186 1146 ‘vobis
199 1081 386 1168 pendemus,
401 1082 605 1148 consulatisi’
763 1094 766 1102 ’

120 1165 213 1232 Haec
224 1169 325 1234 oratio
339 1169 438 1234 movit
453 1168 563 1234 Patres
574 1170 775 1257 conscriptos.
821 1168 975 1235 Ceterum
985 1170 1018 1234 in
1031 1192 1122 1257 prae·
1180 1173 1229 1232 14.

73 1256 178 1320 sentia
197 1255 288 1332 nihil,
303 1268 524 1342 praeterquam
542 1256 637 1321 fuisse
656 1257 692 1320 in
706 1256 795 1321 curia
807 1277 925 1343 regem,
941 1257 1021 1322 scire
1035 1257 1121 1357 quis·
1130 1254 1195 1330 stim
1205 1257 1277 1305 ⁸5¹⁰ss-

52 1363 174 1428 7quam
189 1341 324 1429 potuitz-
335 1364 374 1406 eo
388 1341 513 1407 silentio
533 1341 638 1408 clausa
651 1343 741 1408 curia
754 1355 830 1408 erat.
876 1342 968 1408 Bello
982 1342 1121 1429 demque
1130 1321 1259 1434 ffl'u'*

75 1428 227 1515 perfecto,
244 1451 390 1516 quaeque
410 1429 495 1494 diota
511 1429 552 1495 ab
570 1451 655 1516 rege,
671 1451 817 1516 quaeque
837 1451 988 1516 response
1006 1443 1122 1506 essent,

76 1537 273 1580 emanavere.

122 1601 230 1666 Persei
244 1601 362 1666 deinde
377 1603 460 1690 regis
473 1602 585 1690 legatis
599 1614 670 1690 post
683 1623 802 1690 paucos
810 1601 880 1667 dies
889 1614 1016 1667 senatvm
1029 1601 1122 1667 datus
1130 1615 1216 1691 Legati
1221 1617 1278 1666 Per-

79 1699 137 1754 est
171 1687 334 1766 Ceterum,
348 1689 585 1776 praeoccupatis
598 1711 665 1754 non
679 1689 809 1755 auribus
823 1689 933 1776 magis,
942 1689 1172 1777 quamani-m

8 1813 13 1820 -
79 1775 149 1851 mis,
163 1776 203 1840 ab
215 1775 360 1841 Eumene
375 1797 461 1864 rege,
473 1775 575 1858 omnis
590 1789 623 1842 et
637 1774 779 1841 defensio
793 1775 882 1841 etde
904 1775 1021 1841 recatio
1035 1775 1121 1863 lega·

51 1873 183 1936 storum
208 1862 431 1949 respuebatur:
459 1875 492 1928 et
516 1863 714 1950 exasperavit
739 1862 862 1928 animos
881 1799 998 1928 ferocia
1022 1863 1122 1928 nimia

76 1947 113 2012 H
202 1948 223 2026 i,
245 1949 302 2036 qui
323 1949 470 2037 princeps
491 1949 663 2036 legationis¹
677 1962 752 2014 erat.
798 1947 840 2026 Is,
860 1948 972 2014 ‘Velle
1012 1949 1120 2026 uidem

75 2042 131 2099 ‘et
224 2035 312 2113 rare,’
337 2035 429 2114 dixit,
452 2044 590 2122 ‘regem
613 2048 651 2100 ut
669 2035 829 2122 purganti,
848 2056 883 2100 se
904 2035 986 2100 nihil
1029 2036 1120 2100 ostile

76 2121 215 2186 ‘dixisse
230 2135 286 2186 aut
299 2121 419 2199 recise,
434 2121 514 2188 fides
528 2121 697 2187 habeatur:
721 2134 872 2199 ceterum,
887 2122 914 2186 si
927 2122 1121 2208 pervicacius

75 2216 225 2273 ‘caucam
249 2207 324 2274 belli
350 2209 460 2296 quaeri
481 2208 597 2286 videat,
619 2207 692 2274 forti
717 2207 824 2274 auimo
847 2207 1051 2274 defensurum
1075 2231 1118 2274 se.
1255 2285 1258 2292 Ι

74 2294 237 2360 ‘Martem
252 2317 454 2360 communem
468 2317 546 2372 esse,
561 2307 595 2359 et
608 2306 758 2360 eventum
772 2294 929 2360 incertum
942 2295 1037 2360 beut’

107 2381 282 2448 -Omnibus
303 2382 481 2448 civitatibus
505 2380 657 2447 Graeciae
680 2393 778 2470 atque
801 2382 898 2447 Asiae
923 2404 1017 2447 curae
1042 2394 1120 2460 erat,

74 2469 157 2557 quid
178 2469 287 2534 Persei
312 2468 417 2557 legati,
440 2468 520 2557 quid
546 2468 706 2534 Eumenes
732 2469 769 2533 in
791 2482 904 2536 senatu
928 2469 1061 2556 egisset:
1088 2481 1122 2533 et

74 2569 208 2643 propter
226 2555 399 2621 adventum
422 2557 501 2633 eius,
520 2578 616 2643 quem
639 2568 800 2620 moturum
818 2555 941 2643 aliquid
961 2555 1120 2632 rebantur,

75 2642 228 2707 miserant
271 2641 418 2729 leraeque
440 2643 592 2720 civitates,
608 2642 669 2706 alia
690 2642 724 2705 in
746 2641 885 2729 speciem
898 2641 1120 2729 praeferentes,

49 2728 207 2816 olegetoa
249 2664 299 2794 Et
319 2728 436 2816 legatio
452 2728 651 2795 Rhodiorum
666 2742 744 2806 erat,
758 2750 796 2793 ae
812 2726 942 2817 Satyrum
962 2728 1119 2816 princeps,

74 2815 165 2881 haud
179 2815 304 2893 dubius,
320 2816 399 2903 quin
414 2815 575 2881 Eumenes
589 2815 751 2880 civitatem
765 2837 893 2903 quoque
907 2837 997 2880 suam
1010 2814 1119 2881 Persei

75 2902 263 2968 criminibus
290 2903 453 2967 iunxisset.
503 2901 617 2990 Itaque
646 2901 734 2966 omni
763 2902 859 2967 modo
886 2924 945 2990 per
971 2915 1120 2990 patronos

75 2989 280 3077 hospitesque
296 2988 494 3077 disceptandi
507 3012 582 3054 cum
603 3010 678 3075 rege
692 2986 799 3053 locum
812 2988 845 3053 in
861 3002 973 3055 senatu
987 3012 1120 3076 quaere·

54 3103 63 3137 ι
76 3077 141 3142 bat.
182 3076 281 3152 Quod
295 3098 395 3163 quum
414 3098 480 3140 non
495 3074 686 3164 contigiffiet,
701 3074 846 3141 libertate
860 3076 1120 3162 intemperantius
1129 3094 1276 3146 1115111155-

76 3164 223 3229 iuvectus
243 3164 279 3227 in
298 3184 415 3250 regem,
431 3162 519 3250 quod
533 3160 706 3251 Lyciorum
722 3174 853 3250 gentem
866 3162 1014 3227 adversus
1029 3160 1275 3228 Rho·manum

76 3249 149 3315 dios
169 3248 366 3327 concitasset,
388 3249 574 3337 graviorque
593 3248 691 3313 Asiae
713 3261 806 3327 esset,
820 3272 917 3338 quam
940 3238 1279 3338 Antiochmssffim

75 3336 207 3413 fausset3
231 3335 417 3437 popularem
455 3335 562 3401 uidem
584 3358 621 3401 ae
642 3347 763 3423 gratam
777 3336 903 3436 populis
918 3336 1015 3401 Asiae
1029 3337 1120 3422 (nam

76 3446 118 3488 eo
129 3446 258 3511 quoque
270 3445 333 3487 tam
343 3422 430 3488 favor
467 3422 547 3487 ersei
556 3422 701 3508 venerat)
709 3436 885 3487 orationem
895 3422 1021 3486 habuit:
1035 3436 1120 3485 cete·

76 3532 150 3573 rum
165 3510 298 3575 invisam
313 3510 445 3587 senatui,
456 3506 666 3596 inutilemque
680 3508 741 3573 sibi
755 3521 789 3573 et
803 3508 922 3573 civitati
936 3530 1020 3571 suae.
1052 3506 1120 3571 Eu·

76 3596 166 3661 meni
180 3618 255 3661 vero
270 3596 460 3683 conspiratio
481 3594 629 3660 adversus
650 3617 723 3659 eum
745 3594 884 3658 favorem
901 3592 987 3680 apud
1001 3592 1121 3658 Roma·

77 3706 138 3748 nos
159 3683 244 3749 fecit.
291 3681 342 3747 Ita
366 3704 477 3747 omnes
501 3682 532 3746 ei
557 3680 693 3745 honores
717 3680 828 3757 habiti,
852 3680 998 3767 donaque
1024 3703 1120 3767 quam

78 3792 129 3835 sur
153 3769 271 3835 lissima
285 3769 369 3848 data,
384 3790 457 3834 cum
472 3767 549 3833 sella
562 3766 664 3833 curuli
679 3778 775 3855 atque
790 3767 931 3832 eburneo
945 3764 1094 3855 scipione.

122 3792 351 3945 Eegationibus
372 3855 517 3933 dimissu
533 3876 633 3942 quum
656 3852 825 3943 Harpalos,
844 3868 963 3940 quauta
983 3856 1123 3921 maxima
1181 3856 1230 3918 15.

116 4103 186 4165 755
202 4102 312 4162 tiinttio]
340 4100 397 4150 Tali
416 4098 513 4149 silentio
531 4104 585 4147 tum
618 4100 728 4162 Harpali
739 4098 854 4161 reposuit.

80 4167 172 4225 omnia,
182 4180 246 4229 quae
255 4164 281 4214 in
292 4164 359 4215 curia
370 4166 513 4229 agebantur,
523 4164 586 4213 osle-
636 4178 666 4241 ‘9
682 4164 718 4212 Et
735 4165 823 4225 topatio
837 4164 1005 4239 1115515555]
1029 4161 1124 4211 Grono-

80 4231 340 4344 sqtqesssoem
353 4295 477 4356 nepot]
506 4292 548 4342 tu
563 4306 588 4341 e
619 4232 770 4349 fficiam
777 4227 908 4341 m
913 4226 1032 4350 ffld’
1053 4227 1126 4287 W

81 4358 207 4407 mosoma
217 4356 356 4407 Gronovius
366 4372 411 4419 pro
421 4358 486 4419 vulg.
492 4358 589 4419 sarceio
660 4368 670 4403 r
693 4352 913 4428 impungunt]
949 4351 1127 4409 Intmpomu

82 4424 160 4473 eset
183 4424 302 4487 Harpali.
343 4406 589 4480 5511555555
620 4424 721 4469 auctore
732 4411 1093 4537 GronomoreqcaprtBekksr.
