2934 4800
415 214 510 281 Lis
534 213 625 282 XLI.
660 215 771 282 CAP.
796 221 847 281 20.
1108 223 1150 285 25

105 371 232 436 premis
254 349 383 416 interiit
430 349 529 416 Hunc
552 373 685 438 regnum
708 352 910 416 affectantem
935 349 1098 417 Eumenes
1119 369 1238 424 etue.
1253 371 1309 434 5⁷6·

105 436 238 502 Attalus
262 436 465 524 expulerunt,
486 437 747 524 induxeruntque
770 437 806 502 in
830 438 900 502 eius
923 439 1151 525 possessionem
1160 439 1193 488 A.
1208 439 1239 488 ⁰·
1256 436 1310 499 17⁶·

105 523 316 601 Antiochum,
346 545 443 610 quein
472 524 532 590 sibi
566 523 627 590 hoc
661 537 751 605 tanto
782 523 939 590 beneficio
967 525 1152 590 devinctum

105 608 224 675 habere
240 610 347 698 magni
365 611 580 676 aestimabant
626 609 695 676 lam
715 611 802 684 enim
819 612 862 676 oh
902 611 1030 678 uaedam
1051 613 1152 678 offen·

105 695 267 762 siunculas
291 711 453 784 suspectos
478 697 638 764 habebant
664 697 834 764 Romanos
879 634 1002 764 liciam
1027 699 1153 764 auxiliis

105 805 207 869 regno
221 784 342 870 potitus
356 783 537 850 Antiochus
552 797 640 850 tanto
702 783 849 884 pulcrum
869 785 986 872 gaudio
999 807 1041 850 ex
1101 800 1153 852 tus

104 883 213 946 estut
227 869 258 934 ei
272 892 450 970 cognomen
464 870 640 936 indiderint
682 869 824 970 piphani,
836 871 933 958 qnod,
946 893 1045 972 quum
1088 872 1152 938 'eni

104 977 125 1020 a
137 956 237 1043 stirpe
251 979 340 1043 regia
352 979 487 1044 ragnum
501 957 698 1034 invaderent,
714 979 781 1044 ipse
795 957 897 1022 avitae
911 958 1041 1023 dihonis
1054 981 1153 1024 amer-

105 1056 157 1106 tor
173 1057 303 1108 exortus
320 1043 386 1108 suis
404 1042 584 1108 illuxisset·
612 1042 665 1110 Ne
690 1067 730 1108 ue
750 1066 826 1110 vero
845 1045 877 1109 ei
895 1044 937 1109 ad
956 1067 1006 1110 res
1024 1044 1153 1111 bellicas

103 1127 210 1194 defuit
224 1128 349 1194 indoles
366 1143 400 1195 et
413 1130 502 1217 vigor
516 1130 623 1196 animi.
668 1067 791 1196 lerum
804 1130 851 1196 ita
866 1154 981 1218 pravus
994 1145 1029 1196 et
1042 1132 1153 1196 incon·

103 1213 208 1280 saltus
226 1215 287 1280 fuit
306 1216 340 1282 in
360 1228 427 1282 tota
445 1239 570 1282 morum
584 1231 618 1282 et
636 1217 850 1282 instituendae
864 1219 948 1282 vitae
969 1217 1101 1295 ratione,
1116 1232 1153 1284 ut

103 1301 204 1379 brevi,
223 1303 412 1389 cognomine
432 1317 563 1380 mutato,
584 1326 642 1392 pro
663 1302 832 1390 Epiphane
852 1303 1034 1391 Epimenes,
1050 1305 1086 1369 id
1105 1319 1153 1370 est

103 1389 246 1466 imus,
267 1389 465 1454 vocitaretur.
513 1387 614 1476 Saepe
634 1391 721 1454 euim
741 1411 883 1476 egremus
904 1413 922 1454 e
940 1392 1028 1477 regia
1048 1391 1154 1456 insciis

103 1475 267 1552 ministris,
283 1497 349 1540 uno
371 1489 426 1540 aut
440 1475 539 1540 altero
554 1477 680 1552 comite,
695 1497 754 1562 per
771 1477 884 1540 urbem
903 1498 974 1540 rosa
987 1491 1154 1542 coronatus

106 1574 142 1624 et
155 1583 232 1626 auro
252 1575 372 1627 textam
387 1561 519 1627 indutus
533 1576 653 1627 vestem
672 1561 851 1638 incedebat,
865 1561 1027 1628 interdum
1041 1562 1154 1650 lapidi·

106 1647 179 1724 bus,
190 1671 268 1735 quos
278 1648 338 1714 sub
349 1647 399 1714 ala
409 1650 547 1735 gerebat,
559 1648 719 1714 incessens
728 1648 852 1725 obvios3
875 1648 1035 1714 interdum
1043 1662 1155 1714 contra

107 1755 254 1800 nummos
279 1735 314 1800 in
337 1733 449 1822 vulgus
475 1757 634 1836 spargens,
657 1735 905 1822 vociferansque,
932 1734 1075 1814 ‘Sumsit
1100 1736 1154 1800 cui

107 1821 405 1886 ‘sonunadederit’
448 1821 538 1888 Alias
548 1844 622 1888 vero
631 1845 689 1909 per
698 1822 874 1899 aurificum,
886 1821 1153 1909 caelatarumque,

103 1923 138 1972 et
157 1907 292 1973 alioruin
307 1907 466 1974 fabrorum
481 1909 621 1975 officinas
635 1909 839 1986 discurrebat,
855 1908 896 1973 ile
911 1911 1065 1995 cuiusque
1083 1923 1152 1992 arte

103 1995 271 2060 ambitiose
293 1994 466 2060 disserens:
489 2018 576 2060 nunc
596 2019 670 2060 cum
690 1995 784 2060 obvio
806 2018 934 2082 quoque
955 1995 1153 2083 plebeiorum

104 2081 273 2146 hominum
288 2103 447 2146 sermones
461 2082 612 2149 miscebat
627 2083 661 2146 in
676 2081 815 2170 publico,
827 2104 912 2147 nunc
927 2082 1047 2145 circum
1061 2083 1153 2169 popi-

103 2190 162 2232 nas
176 2167 335 2244 oberrans,
350 2190 423 2232 cum
438 2167 568 2233 ultimae
583 2168 674 2234 sortis
729 2167 863 2254 regrinis
873 2182 908 2232 et
921 2167 1052 2232 advenis
1066 2191 1153 2233 coin-

103 2254 262 2340 potatioui
283 2253 477 2354 indulgebat.
525 2254 659 2342 Siquos
693 2269 761 2320 orte
779 2255 910 2318 iuvenes
929 2255 1152 2342 tempestivum

104 2339 264 2407 celebrare
279 2342 470 2429 ¹convivium
492 2355 642 2420 senserat,
665 2341 730 2430 ipse
754 2341 862 2407 statim
886 2363 961 2407 cuin
1044 2341 1097 2407 ulo
1118 2355 1153 2408 et
1238 2354 1242 2362 '

103 2428 296 2515 symphonia
314 2428 501 2515 improvisus
520 2429 629 2495 aderat
647 2427 907 2495 comissabundus
925 2442 959 2495 et
1041 2430 1150 2507 iviens,
1181 2492 1184 2499 .

104 2514 151 2579 ita
173 2527 212 2579 nt
234 2515 281 2579 rei
302 2516 441 2580 novitate
463 2515 598 2602 perculsi
619 2515 765 2604 plerique
786 2538 820 2579 se
843 2516 877 2578 in
897 2514 1006 2601 fugem
1027 2516 1152 2594 darent,

104 2601 222 2687 partim
245 2618 334 2666 metu
354 2602 612 2667 conticescerent
655 2600 696 2667 In
720 2600 856 2701 publicis
881 2624 1010 2688 qnoque
1031 2600 1152 2667 balneis

105 2709 181 2751 cuni
202 2688 295 2753 turha
314 2711 389 2753 eum
410 2688 513 2753 lavare
535 2688 663 2753 solitum
685 2688 780 2753 fuisse
802 2699 934 2753 constat
974 2686 1030 2753 lbi
1052 2710 1151 2776 quum

105 2774 277 2861 unguentis
292 2789 399 2839 tamen
412 2774 643 2861 pretiosissimis
658 2788 810 2851 uteretur,
824 2773 932 2839 ferunt
945 2775 1106 2861 quendam
1120 2776 1152 2841 ei

105 2860 147 2924 de
169 2860 262 2948 plebe
285 2860 447 2925 hominem
468 2862 584 2925 dixisse
607 2861 787 2948 quondam:
812 2860 950 2926 ‘Beatus
971 2884 1015 2939 es,
1035 2884 1055 2926 o
1074 2884 1149 2927 rex:

106 2956 293 3033 ‘unguenta
311 2948 440 3011 maximi
460 2948 553 3034 pretii
574 2947 659 3012 olea'
703 2946 768 3011 Cui
782 2946 846 3024 ille,
861 2947 948 3012 dicto
967 2939 1150 3026 delectatus,

106 3042 116 3071 ‘
125 3032 195 3097 Iam
211 3033 263 3110 te,'
276 3034 390 3121 inquit,
407 3034 471 3099 ‘ita
485 3035 595 3111 beabo,
611 3046 648 3098 iit
662 3048 802 3098 saturum
819 3048 850 3097 te
866 3038 932 3099 esse
947 3034 1063 3099 fateare
1073 3036 1098 3099 τ’
1119 3048 1152 3099 et

104 3119 212 3185 statim
232 3120 266 3184 in
281 3121 349 3184 eius
363 3135 459 3208 caput
477 3122 641 3207 ingentem
662 3120 817 3207 unguenti
838 3120 1024 3185 nobilissimi
1039 3144 1151 3185 urnam

105 3206 227 3271 effundi
250 3206 359 3271 iussit=
384 3206 428 3272 ita
449 3223 494 3285 ut,
518 3220 647 3272 natante
669 3208 861 3307 pavimento,
884 3207 919 3271 in
941 3206 1062 3272 lubrico
1085 3207 1152 3295 lap-

104 3307 219 3445 saiitqp1
225 3308 294 3357 tum
309 3294 415 3371 ceteri,
431 3307 498 3359 tuni
513 3295 580 3381 ipse
598 3316 655 3359 rex
675 3316 710 3358 in
724 3294 834 3381 primis
851 3293 1023 3359 cachinnos
1037 3292 1152 3358 tollens

103 3402 184 3444 conc
219 3393 296 3445 eret
412 3394 417 3402 “

149 3466 324 3542 Postremo,
335 3479 460 3553 sumpta
471 3466 541 3532 loco
555 3468 649 3533 vestis
663 3468 768 3555 regiae
784 3481 866 3567 toga,
880 3465 1151 3553 quemadmodum
1251 3519 1260 3535 .

105 3552 228 3617 Romae
244 3552 450 3617 scandidatis
460 3554 529 3617 fieri
540 3554 670 3632 viderat,
685 3554 788 3618 forum
803 3552 999 3628 circumibat,
1011 3550 1152 3639 singulos

104 3663 122 3703 e
135 3638 231 3738 plebe
245 3660 399 3727 prensans
413 3638 669 3727 amplexansque,
682 3654 714 3705 et
729 3639 824 3705 modo
839 3638 1151 3739 aedilitatem,.modo

105 3725 416 3877 tnbunatunpplebis
430 3742 560 3877 psstens:
583 3748 620 3790 ac
635 3726 775 3813 denique
789 3724 900 3813 populi
915 3726 1070 3814 salli-agiis
1084 3750 1151 3792 ma-

80 3813 269 3963 ggistratum
325 3825 426 3901 aptus,
473 3812 603 3900 amano]
623 3835 719 3891 inore,
732 3812 810 3877 sella
823 3813 964 3877 eburnea
977 3814 1089 3901 posita,
1101 3815 1152 3881 ius

128 3898 241 3977 icebat,
263 3898 522 4001 disceptabatque
548 3900 774 3965 controversias
796 3900 998 3965 minimarum
1024 3926 1148 3967 rerum:

82 3985 248 4073 7adeoque
278 3985 357 4050 nulli
390 3986 535 4051 fortunae
570 3986 762 4065 adhaerebat
793 3986 926 4065 animus,
957 4010 1016 4075 per
1044 3988 1152 4052 omnia

135 4178 153 4230 6
169 4180 291 4240 Romano]
305 4157 474 4239 moralHaeo
485 4179 517 4227 de
528 4178 612 4241 syriae
678 4188 691 4239 7
702 4180 816 4242 Adeoque
826 4181 1029 4240 aidlisortaaae]
1047 4182 1150 4229 Formae

103 4260 169 4307 rege,
187 4244 308 4292 Antiocho
328 4243 468 4306 Epiphane,
486 4243 534 4291 dici
554 4243 613 4291 satis
644 4244 813 4305 profertum
824 4245 956 4305 legandum
967 4258 1023 4293 cum
1035 4243 1151 4293 Rubeaio

104 4312 196 4359 domat
209 4309 295 4371 Polyb.
312 4308 377 4359 xxvi.
396 4322 434 4357 ιο,
446 4312 472 4356 et
485 4308 575 4357 Athen.
589 4324 610 4356 v.
645 4315 726 4357 censet
738 4308 844 4357 Crevier.

106 4388 144 4422 ai.
162 4390 186 4423 x.
199 4388 236 4433 52·
