2934 4800
335 184 399 244 248
720 176 1004 246 ΕΡΙΤΟΜΑΕ

797 564 942 631 LXXX.

347 734 556 803 ITALICIS
576 735 703 823 populis
723 757 744 800 a
764 747 877 802 senatu
899 734 1010 800 civitas
1026 733 1102 800 deta
1123 747 1179 800 est
1237 732 1387 807 Samnites

348 824 406 910 qui
420 823 479 889 soli
492 845 580 887 arma
593 823 783 899 retinebant,
797 821 921 888 Cinnae
936 835 969 886 et
980 820 1088 886 Mario
1102 843 1136 886 se
1150 821 1387 886 coniunxerunt

349 911 405 974 Ab
419 910 458 974 iia
472 909 617 974 Plautius
630 930 704 973 cum
718 907 862 973 exercitu
876 930 985 974 eaesus
999 921 1055 972 est
1104 907 1218 972 Cinna
1233 920 1273 972 et
1287 905 1389 970 Marius

349 1018 424 1060 cum
437 994 586 1060 Carbone
600 1007 635 1059 et
649 993 789 1060 Sertorio
804 993 982 1060 Ianiculum
994 1007 1251 1080 occupaverunt,
1265 1007 1300 1057 et
1310 990 1388 1078 fugai

350 1082 390 1147 ab
425 1080 559 1146 Octavio
595 1080 725 1145 consule
760 1093 966 1146 recesserunt
1025 1079 1151 1144 Marius
1179 1079 1339 1154 Antium,
1366 1093 1389 1138 et

352 1166 503 1245 Ariciam,
525 1180 559 1231 et
579 1165 762 1231 Lanuvium
784 1165 923 1232 colonias
944 1164 1127 1231 devastavit
1176 1163 1301 1240 Quum
1322 1161 1388 1227 nulls

350 1266 521 1405 {immi
539 1252 745 1403 optimatibus
763 1251 930 1318 resistendi
948 1263 1079 1340 propter
1095 1251 1278 1352 segnitiem
1292 1263 1325 1315 et
1336 1271 1388 1335 pu

486 1363 505 1404 e

568 1360 664 1404 ocum
689 1351 723 1402 et
748 1337 896 1416 militum,
922 1338 978 1425 qui
1004 1350 1146 1425 corrupti
1174 1349 1239 1401 aut
1267 1356 1388 1425 pugnare

350 1427 512 1504 nolebant,
527 1438 583 1506 ant
600 1423 643 1489 ad
661 1423 801 1489 divemas
819 1437 925 1512 partes
943 1424 1128 1501 transibant,
1146 1422 1266 1488 Cinna
1285 1438 1319 1487 et
1334 1421 1387 1485 lis

350 1513 417 1578 rius
427 1514 462 1576 in
473 1513 585 1578 urbem
598 1510 719 1598 recepti
732 1524 825 1575 sunt:
842 1511 908 1598 qui,
919 1509 1007 1576 velut
1018 1523 1153 1596 captam,
1166 1531 1246 1574 eam
1257 1507 1389 1574 eaedrhu

351 1594 1388 1770 transsumptionem
1425 1600 1426 1611 ψ

350 1769 610 1857 eloquentissimo
634 1769 712 1846 viro,
738 1767 776 1833 L
793 1781 826 1834 et
850 1768 890 1833 C.
905 1767 1052 1846 Caesare,
1076 1705 1218 1856 qllorum
1241 1765 1385 1856 capitsin

352 1855 477 1921 Rostris
495 1855 599 1942 posita
616 1868 699 1920 sunt.
749 1853 882 1920 Crassus
900 1854 984 1920 lilius
1003 1855 1042 1919 ab
1061 1855 1229 1942 equitibus
1245 1852 1386 1920 Fimbriae

352 1943 492 2008 occisus:
558 1953 607 2006 ter
622 1940 765 2018 Crassus,
783 1940 921 2029 nequid
941 1939 1110 2028 indignum
1129 1941 1254 2007 virtute
1274 1962 1330 2006 sisa
1346 1959 1386 2024 ta·

352 2041 519 2115 teretur,g
571 2028 603 2093 io
616 2049 651 2092 se
666 2027 831 2092 transfixit
878 2025 921 2092 Et
938 2027 1019 2092 citra
1033 2025 1098 2092 nlla
1111 2027 1247 2092 comitia
1260 2023 1386 2092 oonsrlu

351 2116 386 2178 in
405 2127 593 2202 sequentem
612 2136 732 2178 annum
753 2137 786 2178 se
810 2114 895 2200 ipsos
912 2113 1197 2178 renuntiavcnmt:
1223 2113 1387 2197 eodem
1425 2176 1426 2183 ,

351 2200 415 2278 die,
435 2223 501 2286 qno
520 2200 738 2287 magistratum
760 2199 908 2278 inierant,
928 2198 1052 2264 Marius
1076 2199 1150 2264 Sem
1163 2197 1330 2264 Licinium
1350 2218 1385 2259 se·

351 2300 495 2351 natorem
510 2284 551 2349 de
571 2308 648 2351 saxo
665 2285 761 2351 deiici
780 2285 889 2362 iussit3
912 2285 1069 2374 editisque
1089 2284 1200 2350 multis
1220 2284 1385 2358 sceleribu

350 2372 462 2439 Idibus
483 2369 639 2438 Ianuariis
661 2370 816 2437 decessit:
840 2371 898 2450 vir,
915 2371 1006 2437 cuius
1029 2371 1056 2439 si
1077 2372 1307 2438 examinentur
1326 2389 1383 2435 can

350 2460 519 2526 virtutibus
541 2459 627 2536 vitia,
647 2458 735 2524 haud
753 2458 845 2525 facile
865 2459 906 2523 sit
924 2458 1023 2537 dictu,
1043 2471 1152 2524 utrum
1170 2458 1261 2525 bello
1281 2456 1383 2530 melior,

350 2569 392 2611 an
411 2569 489 2634 pace
508 2545 714 2633 perniciosior
731 2543 847 2609 fiteritr
871 2543 962 2623 adeo,
978 2566 1075 2631 quam
1096 2546 1328 2632 rempublicam
1345 2563 1382 2605 ar·
1425 2555 1426 2584 l

350 2645 454 2697 matus
476 2632 620 2709 servavit,
642 2653 713 2696 eam
738 2631 842 2717 primo
864 2642 989 2717 togatus
1013 2630 1102 2697 omni
1127 2654 1250 2719 genere
1273 2628 1381 2701 stands,

350 2730 510 2808 postremo
524 2718 618 2783 armis
632 2715 788 2785 hostiliter
801 2716 923 2784 evertit.

788 3058 950 3125 LXXXI.

350 3236 389 3300 L
415 3234 567 3301 SULLA
605 3233 842 3314 ATHENAS,
880 3258 959 3323 quas
996 3236 1183 3315 Archelaus,
1220 3240 1380 3325 praefecta
1425 3184 1426 3199 ¹

351 3320 557 3422 Mithridatis,
576 3333 755 3420 occuparat,
773 3322 987 3424 circumsedit,
1003 3336 1041 3423 et
1059 3345 1132 3388 cum
1154 3346 1274 3474 mapno
1293 3325 1378 3390 labore
1425 3324 1426 3347 ¹

350 3404 1378 3570 “llilllI‘irmblll‘mllemtll“llbllsqlllslbl‘ll

350 3517 517 3658 idunaerat,
543 3516 667 3644 sunidii
695 3516 811 3645 virtdte
841 3580 990 3647 adversus
1016 3581 1239 3648 Mithridatem
1270 3522 1378 3650 dnefensa

350 3682 406 3733 est.
452 3665 622 3732 Praeterea
636 3665 797 3731 Thracum
812 3666 847 3731 in
863 3666 1056 3734 Macedonia
1069 3670 1214 3735 continet
1226 3686 1323 3758 gesta
1425 3710 1426 3725 κ

782 4002 961 4070 LXXXII.

351 4181 503 4247 sunna
518 4183 625 4270 copias
639 4182 732 4269 regu,
748 4204 841 4269 quae,
857 4181 1051 4249 Maesone
1064 4196 1229 4271 occupas,
1244 4184 1280 4249 in
1295 4184 1374 4251 ns

348 4268 457 4334 saliam
474 4280 636 4345 venerant,
650 4267 772 4355 proelio
790 4267 876 4346 vicit,
891 4270 990 4335 caesis
1013 4270 1151 4337 hostium
1170 4286 1303 4338 centum
1323 4265 1373 4335 nil·
