2934 4800
338 145 400 272 lid
722 198 838 270 ΤΙΤΙ
867 198 1004 268 LIVII

179 361 256 413 ric.
272 340 450 422 sederem
463 335 563 407 millia
576 337 655 404 levis
671 351 848 406 armaturae
868 338 1021 404 iuvenum
1035 359 1110 404 eum
1124 337 1209 404 duee
1225 336 1338 404 Ascle
1362 335 1370 350 '
1411 362 1418 397 t

178 428 210 476 A„
227 427 257 477 ⁰·
275 422 328 490 1⁶9
337 427 415 493 doto
429 425 545 490 mittit:
569 424 611 491 ad
624 425 800 502 castellum,
815 424 904 512 quod
923 447 1019 512 super
1033 423 1227 492 Ascuridem
1243 358 1403 512 Pampp-

177 490 309 602 fflffl,
337 525 416 590 erat,
431 512 611 600 (Lapathus
630 526 761 576 vocatur
780 511 883 596 loeus)
899 510 1036 598 Hippias
1056 523 1165 576 tenere
1184 511 1316 576 saltum
1332 533 1402 574 eun

178 623 261 681 cupae
337 598 509 666 duodecim
524 598 659 664 millium
674 597 892 664 Macedonum
906 597 1064 684 praesidio
1075 597 1184 662 iussus.
1233 596 1401 685 Ipseeuru

337 685 469 773 reliquis
491 685 591 772 copiis
612 684 715 772 primo
737 685 821 750 eires
842 681 944 748 Dium
965 684 1078 750 stativa
1098 683 1229 750 habuit:
1264 683 1401 760 deinde,

338 771 420 838 adeo
434 784 471 838 ut
484 771 682 858 obtorpuisse
701 771 794 857 inops
810 769 934 836 consilii
952 769 1122 848 videretur,
1137 791 1212 836 cum
1228 770 1402 858 equitibus

337 857 497 1008 {aperiatis
503 856 604 1008 {itere
618 855 922 1008 ηυιίξᾙεταοίειῐιω,
932 877 1019 922 nuno
1033 855 1159 925 Philan
1174 857 1400 944 percum-ebat,

401 965 503 1012 emm
526 966 654 1010 eoursu
703 965 820 1008 sumre
878 965 945 1008 ens.

239 1044 270 1103 3,
382 1028 517 1095 Interim
545 1029 670 1096 consuli
698 966 862 1094 sementivi
886 1028 974 1095 stetit
1002 1051 1042 1098 eo
1070 1027 1151 1094 saltu
1176 1029 1317 1108 dueere,
1347 1028 1416 1092 ubiz

180 1142 297 1192 Macedo
338 1129 470 1203 propter
496 1115 734 1216 Ortholophuru
763 1115 903 1180 diximus
932 1115 1015 1202 regis
1043 1114 1175 1182 uestra*.
1221 1114 1398 1180 Praemitti

179 1205 330 1279 numingre
340 1216 448 1268 tamen
462 1215 613 1290 quattuor
630 1202 730 1268 milla
746 1215 937 1268 aneatorum
954 1199 996 1268 ad
1015 1201 1084 1266 lona
1103 1225 1123 1266 ο
1146 1214 1291 1288 portuaa
1305 1223 1399 1290 prse-

178 1269 324 1382 fflssffnff
339 1289 526 1376 occupanda
543 1288 682 1376 placuite
709 1289 782 1375 quis
803 1287 974 1375 praepositi
995 1300 1071 1354 suut
1156 1287 1334 1366 Clasrdius,
1356 1287 1395 1362 Q.

339 1374 482 1442 Marcius
506 1375 646 1442 consulis
670 1375 764 1442 filius
812 1373 990 1441 Confestim
1020 1387 1053 1440 et
1081 1373 1248 1440 universae
1279 1374 1397 1462 copiae

337 1463 562 1549 sequebantur.
610 1461 764 1528 Ceterum
779 1460 859 1526 adeo
873 1460 973 1526 ardua
986 1473 1019 1526 et
1033 1482 1144 1547 aspera
1157 1472 1190 1526 et

338 1548 391 1614 vis
411 1549 481 1627 fuit,
505 1563 543 1614 ut
565 1547 729 1636 praemissi
752 1545 895 1634 expediti
920 1546 1019 1612 hiduo
1040 1545 1226 1633 quindecim
1289 1547 1299 1560 '
1331 1547 1394 1610 ’nm

432 1657 487 1700 um
509 1657 603 1721 segre
625 1634 741 1718 itinere
765 1633 911 1698 coniecto
933 1645 1036 1698 castra
1057 1632 1240 1720 posuerint:
1273 1633 1410 1700 turritus

370 1719 492 1796 udiem,
531 1743 605 1786 uem
619 1742 743 1806 cepere,
758 1718 864 1784 locum
880 1719 1049 1870 appellant.
1095 1717 1176 1784 Inde
1191 1731 1327 1819 postero
1342 1718 1393 1784 die

337 1817 460 1892 septem
510 1806 516 1819 '
544 1807 575 1871 ia
587 1805 753 1892 progressi,
767 1805 890 1872 tumulo
925 1804 989 1870 aud
1000 1805 1111 1892 procul
1126 1805 1267 1870 bostrum
1278 1805 1409 1870 eastris⁴

336 1903 440 1978 capto,
464 1891 615 1957 nuntium
638 1891 679 1956 ad
701 1891 864 1956 consulem
888 1892 1075 1958 remittunt:
1105 1890 1330 1956 ‘Perventum
1353 1891 1390 1956 ad

338 1977 482 2044 ‘hostem
501 2000 589 2044 esse:
613 1976 685 2044 loeo
706 1999 741 2042 se
766 1989 835 2043 tuto
859 1990 892 2044 et
915 1977 957 2042 ad
979 1977 1086 2044 omnia
1107 1991 1288 2065 opportuno
1315 1999 1391 2044 eou-

338 2064 498 2141 ‘sedisse;
531 2077 577 2140 ut,
600 2075 757 2150 quantum
783 2063 957 2128 estendere
982 2061 1044 2128 iter
1068 2076 1183 2152 posset,
1209 2086 1390 2152 conseque-

338 2151 464 2215 ‘retun'
509 2149 653 2216 Sollicito
669 2149 792 2216 consuli
811 2162 845 2216 et
866 2163 995 2238 propter
1014 2149 1136 2216 itineris
1155 2149 1389 2228 difficultatem,

336 2236 426 2323 quod
448 2236 608 2324 ingressus
629 2254 707 2314 eret,
731 2248 899 2302 eteorum
921 2237 1035 2314 vicem,
1057 2259 1138 2323 quos
1183 2258 1279 2302 auoos
1303 2237 1389 2304 inter

336 2321 444 2388 media
457 2321 764 2411 praesidiahostium
798 2323 1132 2401 raemiseretnuutius
1193 2322 1388 2390 Ascuridem

334 2409 485 2497 paludem
521 2410 668 2477 occurrit
714 2345 839 2475 Addita
874 2410 972 2497 igitur
1006 2422 1040 2476 et
1075 2410 1136 2498 ipsi
1171 2410 1291 2477 fiducia
1330 2424 1386 2488 est,

335 2496 579 2584 coniunctisque
609 2496 718 2583 copiis,
745 2507 846 2561 eastra
875 2495 1008 2574 tumulo,
1035 2496 1091 2583 qui
1118 2497 1295 2575 tenebatur,
1350 2520 1388 2563 us

335 2584 534 2735 ipim
559 2583 601 2736 3.
626 2583 862 2755 wli?
879 2583 1386 2757 §suffitulensi

359 2692 394 2733 os
420 2692 476 2735 um
504 2692 559 2735 mo
582 2695 602 2735 o

335 2754 477 2832 aberant,
488 2754 547 2821 sed
560 2756 664 2821 omnis
677 2754 767 2843 regio
782 2754 822 2821 ad
835 2753 937 2819 Dium
952 2766 986 2821 et
1049 2755 1056 2768 '
1071 2778 1132 2835 am,
1144 2777 1262 2843 oraque
1278 2778 1385 2833 maris,

370 3003 488 3052 rDeeem
514 3004 593 3052 mulie
617 3005 678 3053 levir
700 3011 844 3055 amaturae
877 3009 902 3053 et
918 3003 1001 3065 Phila,
1014 3009 1039 3055 et
1054 3003 1114 3063 Dio,
1125 3020 1189 3069 quae
1204 3004 1286 3081 prima
1301 3005 1384 3055 ldaee·

335 3068 465 3127 iuvenum]
484 3066 550 3115 Dela
565 3067 667 3116 otiosam
680 3083 765 3117 vocem
777 3070 844 3118 iuve-
876 3068 965 3118 douiso
979 3068 1072 3131 oppida
1085 3067 1126 3117 hie
1137 3070 1233 3119 Marcio
1244 3084 1259 3117 s
1269 3068 1334 3133 iugis
1344 3070 1384 3118 de·

334 3146 403 3179 num.
437 3130 494 3179 Nisi
508 3131 571 3179 forte
584 3131 651 3181 illius
665 3132 721 3188 loco
736 3131 784 3180 luit
801 3146 844 3180 no·
875 3146 956 3195 meno
970 3138 1107 3183 occurrunt.
1141 3133 1190 3182 Vel
1206 3133 1280 3196 igitur
1291 3134 1383 3196 duplex

335 3210 393 3243 men
406 3194 496 3256 gentis,
506 3209 667 3257 quaeeunque
682 3197 783 3248 taudem
799 3196 844 3245 illa
876 3196 945 3245 loeus
957 3196 1005 3245 luit
1019 3197 1061 3260 qui
1073 3196 1220 3260 Orthalophi
1237 3212 1328 3247 nomer
1342 3198 1382 3245 ha-

335 3257 382 3307 sit:
403 3258 474 3305 utin
492 3258 570 3306 altero
590 3258 719 3320 praesidio,
737 3274 843 3321 quocum
875 3261 953 3320 beret,
969 3262 1032 3309 alter
1052 3260 1078 3309 in
1101 3260 1255 3320 Dassaretiis,
1271 3261 1338 3311 alter
1359 3260 1382 3309 in

334 3336 394 3369 mox
417 3321 526 3383 Hippias
546 3320 636 3369 dicitur
656 3322 736 3370 iussus
759 3327 844 3371 tenere
877 3324 967 3373 finibus
976 3324 1382 3383 Perrhaebiae3relhicmendum

335 3385 426 3434 saltum
446 3386 479 3433 ad
501 3386 669 3447 Lapathunta‚
690 3386 780 3434 diserte
800 3402 842 3434 ex·
875 3390 1055 3449 agnoscendum
1072 3394 1116 3438 est.
1149 3388 1332 3447 Quaedesuut,
1342 3404 1381 3437 ex·

335 3449 451 3511 primitur
469 3450 534 3498 illud
554 3450 628 3499 fuisse
648 3450 773 3501 duodwirr
790 3451 843 3501 mil·
875 3451 944 3513 plere
958 3467 1008 3501 non
1019 3457 1149 3503 tenuntur.
1183 3452 1288 3515 Regem,
1299 3458 1381 3501 umen

335 3516 396 3562 liam
405 3515 577 3563 Macedonum.
594 3515 676 3564 (laur.
876 3515 945 3565 euius
963 3514 1004 3564 hie
1022 3516 1116 3567 mentio
1136 3516 1174 3576 lit,
1191 3515 1274 3579 potius
1294 3516 1382 3566 Persas

368 3579 843 3640 rUdr'po-opterortloloplmnrdieimus
875 3578 950 3629 fuisse
976 3580 1106 3641 credimus,
1127 3594 1202 3643 quam
1227 3578 1381 3643 Philippum.

334 3642 399 3702 repis
414 3644 509 3703 eastre]
531 3641 636 3691 Subiieit
653 3642 765 3705 Sigonim
781 3644 843 3691 Plri-
875 3643 957 3693 caav.
1441 3686 1442 3705 2

252 3716 256 3725 ’
335 3705 400 3766 lippi
408 3706 500 3764 sabas,
515 3710 542 3754 et
558 3707 676 3755 lectorem
691 3706 796 3755 remittit
811 3707 843 3754 ad
908 3708 1040 3767 3Tum'm
1049 3708 1178 3768 Eadm]
1196 3706 1223 3759 si
1235 3706 1379 3757 athilwin
1441 3714 1442 3775 ᾗ

335 3768 403 3815 xxxi
421 3766 460 3828 36.
476 3768 519 3815 ubi
533 3784 616 3819 revera
628 3769 748 3832 reperitur
760 3785 843 3833 pugne
874 3770 922 3819 hoe
938 3770 1038 3820 nomine
1054 3770 1115 3830 vitii,
1131 3770 1242 3834 intellige
1258 3772 1380 3821 Graecum
1441 3776 1442 3835 l

334 3829 453 3891 equestris
465 3832 498 3879 ad
510 3832 693 3896 Ortholophum
704 3833 768 3882 inter
783 3833 842 3882 Phi-
874 3834 1111 3885 emevoeabulumin
1118 3835 1380 3897 pstrioessuflddupei.
1441 3844 1442 3899 l

334 3894 432 3957 lippum
458 3908 549 3956 regem,
569 3904 596 3945 et
620 3898 759 3960 Sulpicium
786 3912 842 3947 eoa·
875 3897 1088 3960 duplrhumidus.
1107 3898 1380 3961 luqaatantutesas
1441 3926 1442 3965 1

333 3959 414 4007 sulem
426 3956 574 4008 Romnum.
609 3961 843 4023 Sedsiquistotam
875 3962 942 4013 dieta
952 3962 1379 4015 fueritabamoeuitateetbouitate
1441 3966 1442 4019 l

334 4022 498 4071 narrationem
512 4024 742 4087 rerumaSulpieio
757 4026 841 4075 adver-
873 4041 1002 4089 aquarum.
1019 4028 1102 4078 Gaas.
1441 4036 1442 4093 l

334 4099 376 4133 sus
393 4085 541 4148 Philippum
557 4091 680 4148 gastanrm
697 4090 783 4137 sedulo
801 4104 842 4137 ex·
864 4134 867 4140 .
906 4092 1018 4150 4Houd
1041 4092 1130 4155 merul
1153 4090 1258 4143 tantm
1280 4091 1375 4152 maris]
1441 4094 1442 4131 f

335 4148 535 4209 penderitsaeile
542 4150 721 4199 animadvertet
728 4152 842 4201 Ortholo-
875 4153 963 4202 Castra
979 4154 1024 4203 illa
1041 4154 1148 4203 hostium
1166 4154 1277 4217 intellige
1293 4157 1375 4219 praesi-
1441 4138 1442 4213 i

323 4211 414 4272 plnum
441 4211 503 4260 libro
529 4212 597 4262 xxxi.
619 4220 783 4263 memoratum
809 4216 842 4264 ad
874 4215 942 4265 dium
953 4216 1180 4277 Macedonumoui
1190 4224 1303 4279 preesset
1317 4218 1375 4282 Hip
1441 4222 1442 4279 l

335 4274 465 4322 occiduum
490 4275 652 4325 Macedoniae
675 4278 741 4325 latus
768 4278 842 4327 situm
874 4278 976 4342 piuant
985 4287 1055 4345 patet
1066 4296 1098 4333 ex
1109 4296 1130 4333 o.
1141 4295 1192 4345 soq-
1208 4282 1292 4335 Cur.
1441 4282 1442 4299 ³

334 4337 417 4399 mine,
430 4352 460 4387 ae
474 4337 547 4400 louge
562 4339 652 4389 &uina
662 4340 695 4389 ab
710 4340 843 4404 Heracleo,
