<?xml version="1.0" encoding="UTF-8"?>
<!DOCTYPE html PUBLIC "-//W3C//DTD XHTML 1.0 Transitional//EN"
    "http://www.w3.org/TR/xhtml1/DTD/xhtml1-transitional.dtd">
<html xmlns="http://www.w3.org/1999/xhtml" xml:lang="en" lang="en">
 <head>
  <title>
</title>
<meta http-equiv="Content-Type" content="text/html;charset=utf-8" />
  <meta name='ocr-system' content='tesseract 3.04.00' />
  <meta name='ocr-capabilities' content='ocr_page ocr_carea ocr_par ocr_line ocrx_word'/>
</head>
<body>
  <div class='ocr_page' id='page_1' title='image "./tliviipatavinih01kreygoog/tliviipatavinih01kreygoog_0075.png"; bbox 0 0 2934 4800; ppageno 0'>
   <div class='ocr_carea' id='block_1_1' title="bbox 404 216 1139 294">
    <p class='ocr_par' dir='ltr' id='par_1_1' title="bbox 404 216 1139 294">
     <span class='ocr_line' id='line_1_1' title="bbox 404 216 1139 294; baseline -0.003 -11"><span class='ocrx_word' id='word_1_1' title='bbox 404 216 500 283; x_wconf 89' lang='lat' dir='ltr'><strong>LIB.</strong></span> <span class='ocrx_word' id='word_1_2' title='bbox 525 217 634 294; x_wconf 86' lang='lat' dir='ltr'><strong>XLII.</strong></span> <span class='ocrx_word' id='word_1_3' title='bbox 669 217 781 284; x_wconf 91' lang='lat' dir='ltr'><strong>CAP.</strong></span> <span class='ocrx_word' id='word_1_4' title='bbox 805 223 857 282; x_wconf 79' lang='lat'><strong>32.</strong></span> <span class='ocrx_word' id='word_1_5' title='bbox 1097 221 1139 281; x_wconf 76' lang='lat'><strong>65</strong></span> 
     </span>
    </p>
   </div>
   <div class='ocr_carea' id='block_1_2' title="bbox 56 349 1296 3649">
    <p class='ocr_par' dir='ltr' id='par_1_2' title="bbox 56 349 1296 3649">
     <span class='ocr_line' id='line_1_2' title="bbox 82 349 1296 441; baseline 0.002 -23"><span class='ocrx_word' id='word_1_6' title='bbox 82 353 216 440; x_wconf 77' lang='lat' dir='ltr'>equites</span> <span class='ocrx_word' id='word_1_7' title='bbox 232 353 353 418; x_wconf 87' lang='lat' dir='ltr'><strong>treceni</strong></span> <span class='ocrx_word' id='word_1_8' title='bbox 373 353 548 440; x_wconf 77' lang='lat' dir='ltr'><strong>aequaliter</strong></span> <span class='ocrx_word' id='word_1_9' title='bbox 569 354 604 418; x_wconf 94' lang='lat' dir='ltr'><strong>iu</strong></span> <span class='ocrx_word' id='word_1_10' title='bbox 622 352 764 440; x_wconf 79' lang='lat' dir='ltr'><strong>singulm</strong></span> <span class='ocrx_word' id='word_1_11' title='bbox 785 352 934 441; x_wconf 82' lang='lat' dir='ltr'><strong>legiones.</strong></span> <span class='ocrx_word' id='word_1_12' title='bbox 981 349 1025 416; x_wconf 87' lang='lat' dir='ltr'><strong>Et</strong></span> <span class='ocrx_word' id='word_1_13' title='bbox 1039 352 1073 416; x_wconf 88' lang='lat' dir='ltr'><strong>ln</strong></span> <span class='ocrx_word' id='word_1_14' title='bbox 1087 373 1138 416; x_wconf 91' lang='lat' dir='ltr'><strong>so·</strong></span> <span class='ocrx_word' id='word_1_15' title='bbox 1150 366 1183 418; x_wconf 86' lang='lat' dir='ltr'><strong>U.</strong></span> <span class='ocrx_word' id='word_1_16' title='bbox 1195 370 1225 417; x_wconf 90' lang='lat' dir='ltr'><strong>c.</strong></span> <span class='ocrx_word' id='word_1_17' title='bbox 1241 371 1296 432; x_wconf 75' lang='lat'><strong>5⁸¹·</strong></span> 
     </span>
     <span class='ocr_line' id='line_1_3' title="bbox 83 432 1294 506; baseline -0.005 -3"><span class='ocrx_word' id='word_1_18' title='bbox 83 439 161 504; x_wconf 84' lang='lat' dir='ltr'>ciali</span> <span class='ocrx_word' id='word_1_19' title='bbox 176 442 321 505; x_wconf 85' lang='lat' dir='ltr'><strong>exercitu</strong></span> <span class='ocrx_word' id='word_1_20' title='bbox 332 439 455 505; x_wconf 85' lang='lat' dir='ltr'><strong>consuli</strong></span> <span class='ocrx_word' id='word_1_21' title='bbox 469 440 557 506; x_wconf 82' lang='lat' dir='ltr'><strong>elteri</strong></span> <span class='ocrx_word' id='word_1_22' title='bbox 574 452 685 505; x_wconf 88' lang='lat' dir='ltr'><strong>auctus</strong></span> <span class='ocrx_word' id='word_1_23' title='bbox 699 461 870 505; x_wconf 86' lang='lat' dir='ltr'><strong>numems:</strong></span> <span class='ocrx_word' id='word_1_24' title='bbox 893 438 1053 504; x_wconf 80' lang='lat' dir='ltr'><strong>sexdecim</strong></span> <span class='ocrx_word' id='word_1_25' title='bbox 1065 437 1136 503; x_wconf 90' lang='lat' dir='ltr'><strong>mil·</strong></span> <span class='ocrx_word' id='word_1_26' title='bbox 1146 432 1177 484; x_wconf 77' lang='lat' dir='ltr'><strong>A.</strong></span> <span class='ocrx_word' id='word_1_27' title='bbox 1194 433 1224 484; x_wconf 79' lang='lat'><strong>0·</strong></span> <span class='ocrx_word' id='word_1_28' title='bbox 1242 449 1294 497; x_wconf 73' lang='lat'><strong>¹7¹·</strong></span> 
     </span>
     <span class='ocr_line' id='line_1_4' title="bbox 83 524 1137 615; baseline 0 -26"><span class='ocrx_word' id='word_1_29' title='bbox 83 527 130 592; x_wconf 91' lang='lat' dir='ltr'><strong>lia</strong></span> <span class='ocrx_word' id='word_1_30' title='bbox 150 527 309 613; x_wconf 87' lang='lat' dir='ltr'><strong>peditum,</strong></span> <span class='ocrx_word' id='word_1_31' title='bbox 327 528 528 615; x_wconf 78' lang='lat' dir='ltr'><strong>octingentos</strong></span> <span class='ocrx_word' id='word_1_32' title='bbox 547 528 680 614; x_wconf 83' lang='lat' dir='ltr'>equites,</span> <span class='ocrx_word' id='word_1_33' title='bbox 695 542 898 614; x_wconf 84' lang='lat' dir='ltr'><strong>praeterens,</strong></span> <span class='ocrx_word' id='word_1_34' title='bbox 914 549 994 614; x_wconf 92' lang='lat' dir='ltr'><strong>quos</strong></span> <span class='ocrx_word' id='word_1_35' title='bbox 1011 524 1073 591; x_wconf 86' lang='lat' dir='ltr'><strong>Cn</strong></span> <span class='ocrx_word' id='word_1_36' title='bbox 1085 525 1137 590; x_wconf 91' lang='lat' dir='ltr'><strong>Si·</strong></span> 
     </span>
     <span class='ocr_line' id='line_1_5' title="bbox 83 612 1132 700; baseline 0 -24"><span class='ocrx_word' id='word_1_37' title='bbox 83 613 193 678; x_wconf 90' lang='lat' dir='ltr'><strong>cinius</strong></span> <span class='ocrx_word' id='word_1_38' title='bbox 203 613 356 691; x_wconf 85' lang='lat' dir='ltr'><strong>duxisset,</strong></span> <span class='ocrx_word' id='word_1_39' title='bbox 367 629 533 679; x_wconf 87' lang='lat' dir='ltr'><strong>sexcentos</strong></span> <span class='ocrx_word' id='word_1_40' title='bbox 543 614 676 700; x_wconf 83' lang='lat' dir='ltr'>equites,</span> <span class='ocrx_word' id='word_1_41' title='bbox 687 614 721 677; x_wconf 90' lang='lat' dir='ltr'><strong>in</strong></span> <span class='ocrx_word' id='word_1_42' title='bbox 731 612 956 679; x_wconf 89' lang='lat' dir='ltr'><strong>Macedoniam</strong></span> <span class='ocrx_word' id='word_1_43' title='bbox 967 612 1132 677; x_wconf 84' lang='lat' dir='ltr'><strong>traiiceret.</strong></span> 
     </span>
     <span class='ocr_line' id='line_1_6' title="bbox 84 697 1135 787; baseline 0 -25"><span class='ocrx_word' id='word_1_44' title='bbox 84 697 201 765; x_wconf 81' lang='lat' dir='ltr'><strong>Italiac</strong></span> <span class='ocrx_word' id='word_1_45' title='bbox 222 701 297 766; x_wconf 90' lang='lat' dir='ltr'><strong>satis</strong></span> <span class='ocrx_word' id='word_1_46' title='bbox 316 700 383 766; x_wconf 88' lang='lat' dir='ltr'><strong>visa</strong></span> <span class='ocrx_word' id='word_1_47' title='bbox 401 699 571 766; x_wconf 87' lang='lat' dir='ltr'><strong>duodecim</strong></span> <span class='ocrx_word' id='word_1_48' title='bbox 594 700 694 766; x_wconf 87' lang='lat' dir='ltr'><strong>millis</strong></span> <span class='ocrx_word' id='word_1_49' title='bbox 712 701 867 764; x_wconf 87' lang='lat' dir='ltr'><strong>sociomm</strong></span> <span class='ocrx_word' id='word_1_50' title='bbox 890 699 1045 787; x_wconf 86' lang='lat' dir='ltr'><strong>peditum,</strong></span> <span class='ocrx_word' id='word_1_51' title='bbox 1063 722 1135 763; x_wconf 79' lang='lat' dir='ltr'><strong>ser-</strong></span> 
     </span>
     <span class='ocr_line' id='line_1_7' title="bbox 83 785 1135 874; baseline -0.001 -24"><span class='ocrx_word' id='word_1_52' title='bbox 83 787 176 851; x_wconf 89' lang='lat' dir='ltr'><strong>centi</strong></span> <span class='ocrx_word' id='word_1_53' title='bbox 191 787 324 874; x_wconf 84' lang='lat' dir='ltr'><strong>equites.</strong></span> <span class='ocrx_word' id='word_1_54' title='bbox 370 785 456 852; x_wconf 91' lang='lat' dir='ltr'><strong>Illud</strong></span> <span class='ocrx_word' id='word_1_55' title='bbox 470 810 599 874; x_wconf 91' lang='lat' dir='ltr'><strong>quoque</strong></span> <span class='ocrx_word' id='word_1_56' title='bbox 621 786 826 874; x_wconf 82' lang='lat' dir='ltr'><strong>praecipuum</strong></span> <span class='ocrx_word' id='word_1_57' title='bbox 841 786 951 852; x_wconf 92' lang='lat' dir='ltr'><strong>datum</strong></span> <span class='ocrx_word' id='word_1_58' title='bbox 970 786 1047 850; x_wconf 91' lang='lat' dir='ltr'><strong>sorti</strong></span> <span class='ocrx_word' id='word_1_59' title='bbox 1062 785 1135 849; x_wconf 92' lang='lat' dir='ltr'><strong>Ma·</strong></span> 
     </span>
     <span class='ocr_line' id='line_1_8' title="bbox 82 872 1135 962; baseline -0.001 -24"><span class='ocrx_word' id='word_1_60' title='bbox 82 872 254 951; x_wconf 79' lang='lat' dir='ltr'><strong>cedouise,</strong></span> <span class='ocrx_word' id='word_1_61' title='bbox 269 885 306 938; x_wconf 92' lang='lat' dir='ltr'><strong>ut</strong></span> <span class='ocrx_word' id='word_1_62' title='bbox 320 875 521 939; x_wconf 80' lang='lat' dir='ltr'><strong>centuriones</strong></span> <span class='ocrx_word' id='word_1_63' title='bbox 543 873 721 962; x_wconf 77' lang='lat' dir='ltr'><strong>militesque</strong></span> <span class='ocrx_word' id='word_1_64' title='bbox 736 887 859 938; x_wconf 89' lang='lat' dir='ltr'><strong>veteres</strong></span> <span class='ocrx_word' id='word_1_65' title='bbox 878 874 1039 950; x_wconf 77' lang='lat' dir='ltr'><strong>scriberet,</strong></span> <span class='ocrx_word' id='word_1_66' title='bbox 1054 893 1135 960; x_wconf 90' lang='lat' dir='ltr'><strong>quos</strong></span> 
     </span>
     <span class='ocr_line' id='line_1_9' title="bbox 81 958 1245 1048; baseline -0.004 -24"><span class='ocrx_word' id='word_1_67' title='bbox 81 958 196 1037; x_wconf 90' lang='lat' dir='ltr'><strong>vellet,</strong></span> <span class='ocrx_word' id='word_1_68' title='bbox 219 960 330 1025; x_wconf 91' lang='lat' dir='ltr'><strong>consul</strong></span> <span class='ocrx_word' id='word_1_69' title='bbox 352 983 451 1047; x_wconf 87' lang='lat' dir='ltr'><strong>usque</strong></span> <span class='ocrx_word' id='word_1_70' title='bbox 474 960 515 1025; x_wconf 82' lang='lat' dir='ltr'><strong>sd</strong></span> <span class='ocrx_word' id='word_1_71' title='bbox 532 961 766 1048; x_wconf 67' lang='lat' dir='ltr'><strong>quinquaginta</strong></span> <span class='ocrx_word' id='word_1_72' title='bbox 784 983 892 1026; x_wconf 90' lang='lat' dir='ltr'><strong>annos.</strong></span> <span class='ocrx_word' id='word_1_73' title='bbox 939 958 978 1024; x_wconf 94' lang='lat' dir='ltr'><strong>In</strong></span> <span class='ocrx_word' id='word_1_74' title='bbox 1000 960 1135 1024; x_wconf 91' lang='lat' dir='ltr'><strong>tribunis</strong></span> <span class='ocrx_word' id='word_1_75' title='bbox 1144 971 1245 1046; x_wconf 64' lang='lat' dir='ltr'><strong>Tubuni</strong></span> 
     </span>
     <span class='ocr_line' id='line_1_10' title="bbox 56 1037 1291 1150; baseline 0 -40"><span class='ocrx_word' id='word_1_76' title='bbox 56 1045 229 1119; x_wconf 74' lang='lat' dir='ltr'><strong>smilitum</strong></span> <span class='ocrx_word' id='word_1_77' title='bbox 251 1059 402 1112; x_wconf 91' lang='lat' dir='ltr'><strong>novatum</strong></span> <span class='ocrx_word' id='word_1_78' title='bbox 421 1071 460 1113; x_wconf 93' lang='lat' dir='ltr'><strong>eo</strong></span> <span class='ocrx_word' id='word_1_79' title='bbox 480 1070 564 1113; x_wconf 92' lang='lat' dir='ltr'><strong>anno</strong></span> <span class='ocrx_word' id='word_1_80' title='bbox 581 1063 714 1135; x_wconf 88' lang='lat' dir='ltr'><strong>propter</strong></span> <span class='ocrx_word' id='word_1_81' title='bbox 736 1046 982 1112; x_wconf 88' lang='lat' dir='ltr'><strong>Macedonicum</strong></span> <span class='ocrx_word' id='word_1_82' title='bbox 1004 1037 1291 1150; x_wconf 56' lang='lat' dir='ltr'><strong>bellum,lM³e{3⁸⁰⁰*</strong></span> 
     </span>
     <span class='ocr_line' id='line_1_11' title="bbox 82 1116 1208 1222; baseline -0.001 -24"><span class='ocrx_word' id='word_1_83' title='bbox 82 1132 178 1220; x_wconf 89' lang='lat' dir='ltr'><strong>quod</strong></span> <span class='ocrx_word' id='word_1_84' title='bbox 193 1133 339 1198; x_wconf 89' lang='lat' dir='ltr'><strong>consules</strong></span> <span class='ocrx_word' id='word_1_85' title='bbox 353 1157 395 1198; x_wconf 84' lang='lat' dir='ltr'><strong>ex</strong></span> <span class='ocrx_word' id='word_1_86' title='bbox 409 1135 678 1198; x_wconf 85' lang='lat' dir='ltr'><strong>senatusconsulto</strong></span> <span class='ocrx_word' id='word_1_87' title='bbox 695 1133 738 1198; x_wconf 90' lang='lat' dir='ltr'><strong>ad</strong></span> <span class='ocrx_word' id='word_1_88' title='bbox 757 1135 909 1222; x_wconf 91' lang='lat' dir='ltr'><strong>populum</strong></span> <span class='ocrx_word' id='word_1_89' title='bbox 921 1133 1076 1210; x_wconf 81' lang='lat' dir='ltr'><strong>tulerunt,</strong></span> <span class='ocrx_word' id='word_1_90' title='bbox 1091 1155 1134 1198; x_wconf 91' lang='lat' dir='ltr'><strong>ne</strong></span> <span class='ocrx_word' id='word_1_91' title='bbox 1153 1116 1167 1149; x_wconf 52' lang='grc' dir='ltr'>θ</span> <span class='ocrx_word' id='word_1_92' title='bbox 1201 1138 1208 1150; x_wconf 86' lang='grc'><strong>“</strong></span> 
     </span>
     <span class='ocr_line' id='line_1_12' title="bbox 56 1218 1135 1322; baseline 0.004 -42"><span class='ocrx_word' id='word_1_93' title='bbox 56 1219 212 1284; x_wconf 88' lang='lat' dir='ltr'><strong>6tribuui</strong></span> <span class='ocrx_word' id='word_1_94' title='bbox 226 1219 363 1284; x_wconf 86' lang='lat' dir='ltr'><strong>militum</strong></span> <span class='ocrx_word' id='word_1_95' title='bbox 375 1243 414 1286; x_wconf 92' lang='lat' dir='ltr'><strong>eo</strong></span> <span class='ocrx_word' id='word_1_96' title='bbox 429 1243 513 1285; x_wconf 87' lang='lat' dir='ltr'><strong>enno</strong></span> <span class='ocrx_word' id='word_1_97' title='bbox 528 1221 683 1322; x_wconf 76' lang='lat' dir='ltr'><strong>suffragiis</strong></span> <span class='ocrx_word' id='word_1_98' title='bbox 697 1235 889 1298; x_wconf 82' lang='lat' dir='ltr'><strong>crearentur,</strong></span> <span class='ocrx_word' id='word_1_99' title='bbox 901 1219 958 1285; x_wconf 93' lang='lat' dir='ltr'><strong>sed</strong></span> <span class='ocrx_word' id='word_1_100' title='bbox 969 1218 1135 1285; x_wconf 91' lang='lat' dir='ltr'><strong>consulum</strong></span> 
     </span>
     <span class='ocr_line' id='line_1_13' title="bbox 108 1306 1132 1393; baseline -0.002 -21"><span class='ocrx_word' id='word_1_101' title='bbox 108 1319 336 1393; x_wconf 71' lang='lat' dir='ltr'><strong>raetorumque</strong></span> <span class='ocrx_word' id='word_1_102' title='bbox 350 1307 438 1382; x_wconf 79' lang='lat' dir='ltr'><strong>iniis</strong></span> <span class='ocrx_word' id='word_1_103' title='bbox 452 1306 604 1372; x_wconf 79' lang='lat' dir='ltr'><strong>faciendis</strong></span> <span class='ocrx_word' id='word_1_104' title='bbox 624 1307 780 1372; x_wconf 79' lang='lat' dir='ltr'><strong>iudicium</strong></span> <span class='ocrx_word' id='word_1_105' title='bbox 798 1308 1027 1392; x_wconf 82' lang='lat' dir='ltr'><strong>arbitriumque</strong></span> <span class='ocrx_word' id='word_1_106' title='bbox 1041 1319 1132 1370; x_wconf 88' lang='lat' dir='ltr'><strong>esset.</strong></span> 
     </span>
     <span class='ocr_line' id='line_1_14' title="bbox 82 1329 1286 1481; baseline -0.005 -23"><span class='ocrx_word' id='word_1_107' title='bbox 82 1329 180 1459; x_wconf 73' lang='lat' dir='ltr'><strong>luter</strong></span> <span class='ocrx_word' id='word_1_108' title='bbox 194 1406 354 1481; x_wconf 88' lang='lat' dir='ltr'><strong>praetores</strong></span> <span class='ocrx_word' id='word_1_109' title='bbox 376 1393 420 1458; x_wconf 91' lang='lat' dir='ltr'><strong>ita</strong></span> <span class='ocrx_word' id='word_1_110' title='bbox 440 1394 556 1480; x_wconf 85' lang='lat' dir='ltr'><strong>partita</strong></span> <span class='ocrx_word' id='word_1_111' title='bbox 568 1394 709 1480; x_wconf 86' lang='lat' dir='ltr'><strong>imperia</strong></span> <span class='ocrx_word' id='word_1_112' title='bbox 756 1393 949 1470; x_wconf 85' lang='lat' dir='ltr'><strong>Praetorem,</strong></span> <span class='ocrx_word' id='word_1_113' title='bbox 965 1392 1055 1458; x_wconf 92' lang='lat' dir='ltr'><strong>cuius</strong></span> <span class='ocrx_word' id='word_1_114' title='bbox 1068 1389 1135 1456; x_wconf 85' lang='lat' dir='ltr'><strong>&#39;sors</strong></span> <span class='ocrx_word' id='word_1_115' title='bbox 1144 1402 1286 1477; x_wconf 60' lang='lat' dir='ltr'><strong>Puerorum</strong></span> 
     </span>
     <span class='ocr_line' id='line_1_15' title="bbox 84 1479 1290 1566; baseline 0.001 -23"><span class='ocrx_word' id='word_1_116' title='bbox 84 1479 208 1558; x_wconf 79' lang='lat' dir='ltr'><strong>fuisset,</strong></span> <span class='ocrx_word' id='word_1_117' title='bbox 225 1493 261 1544; x_wconf 90' lang='lat' dir='ltr'><strong>ut</strong></span> <span class='ocrx_word' id='word_1_118' title='bbox 275 1480 345 1557; x_wconf 90' lang='lat' dir='ltr'><strong>iret,</strong></span> <span class='ocrx_word' id='word_1_119' title='bbox 361 1503 426 1566; x_wconf 91' lang='lat' dir='ltr'><strong>quo</strong></span> <span class='ocrx_word' id='word_1_120' title='bbox 440 1495 567 1546; x_wconf 84' lang='lat' dir='ltr'><strong>senatus</strong></span> <span class='ocrx_word' id='word_1_121' title='bbox 581 1481 765 1558; x_wconf 88' lang='lat' dir='ltr'><strong>censuisset,</strong></span> <span class='ocrx_word' id='word_1_122' title='bbox 780 1479 986 1545; x_wconf 77' lang='lat' dir='ltr'><strong>Brundisium</strong></span> <span class='ocrx_word' id='word_1_123' title='bbox 1002 1479 1044 1544; x_wconf 85' lang='lat' dir='ltr'><strong>ad</strong></span> <span class='ocrx_word' id='word_1_124' title='bbox 1056 1479 1135 1544; x_wconf 88' lang='lat' dir='ltr'><strong>clas·</strong></span> <span class='ocrx_word' id='word_1_125' title='bbox 1144 1481 1290 1530; x_wconf 59' lang='lat' dir='ltr'><strong>P¹⁰l¹¹¹⁰¹⁸⁸⁴</strong></span> 
     </span>
     <span class='ocr_line' id='line_1_16' title="bbox 88 1565 1135 1654; baseline -0.001 -24"><span class='ocrx_word' id='word_1_126' title='bbox 88 1587 158 1630; x_wconf 89' lang='lat' dir='ltr'><strong>sem</strong></span> <span class='ocrx_word' id='word_1_127' title='bbox 173 1566 218 1630; x_wconf 89' lang='lat' dir='ltr'><strong>ire</strong></span> <span class='ocrx_word' id='word_1_128' title='bbox 232 1565 370 1653; x_wconf 89' lang='lat' dir='ltr'><strong>placuit;</strong></span> <span class='ocrx_word' id='word_1_129' title='bbox 394 1581 493 1653; x_wconf 87' lang='lat' dir='ltr'><strong>utque</strong></span> <span class='ocrx_word' id='word_1_130' title='bbox 508 1567 553 1631; x_wconf 92' lang='lat' dir='ltr'><strong>ibi</strong></span> <span class='ocrx_word' id='word_1_131' title='bbox 568 1579 808 1654; x_wconf 84' lang='lat' dir='ltr'><strong>recognosceret</strong></span> <span class='ocrx_word' id='word_1_132' title='bbox 820 1567 922 1632; x_wconf 89' lang='lat' dir='ltr'><strong>socios</strong></span> <span class='ocrx_word' id='word_1_133' title='bbox 935 1565 1072 1643; x_wconf 76' lang='lat' dir='ltr'><strong>navales,</strong></span> <span class='ocrx_word' id='word_1_134' title='bbox 1086 1566 1135 1630; x_wconf 88' lang='lat' dir='ltr'><strong>di·</strong></span> 
     </span>
     <span class='ocr_line' id='line_1_17' title="bbox 89 1648 1201 1740; baseline 0 -24"><span class='ocrx_word' id='word_1_135' title='bbox 89 1652 267 1740; x_wconf 89' lang='lat' dir='ltr'><strong>missisque,</strong></span> <span class='ocrx_word' id='word_1_136' title='bbox 283 1653 309 1718; x_wconf 90' lang='lat' dir='ltr'><strong>si</strong></span> <span class='ocrx_word' id='word_1_137' title='bbox 324 1653 381 1740; x_wconf 93' lang='lat' dir='ltr'><strong>qui</strong></span> <span class='ocrx_word' id='word_1_138' title='bbox 394 1675 506 1740; x_wconf 84' lang='lat' dir='ltr'><strong>perum</strong></span> <span class='ocrx_word' id='word_1_139' title='bbox 522 1653 630 1718; x_wconf 88' lang='lat' dir='ltr'><strong>idonei</strong></span> <span class='ocrx_word' id='word_1_140' title='bbox 645 1667 758 1732; x_wconf 86' lang='lat' dir='ltr'><strong>essent,</strong></span> <span class='ocrx_word' id='word_1_141' title='bbox 774 1652 1031 1740; x_wconf 90' lang='lat' dir='ltr'><strong>supplementum</strong></span> <span class='ocrx_word' id='word_1_142' title='bbox 1049 1651 1136 1740; x_wconf 87' lang='lat' dir='ltr'><strong>lege-</strong></span> <span class='ocrx_word' id='word_1_143' title='bbox 1198 1648 1201 1655; x_wconf 77' lang='grc'><strong>’</strong></span> 
     </span>
     <span class='ocr_line' id='line_1_18' title="bbox 89 1739 1135 1828; baseline 0 -26"><span class='ocrx_word' id='word_1_144' title='bbox 89 1751 141 1804; x_wconf 87' lang='lat' dir='ltr'><strong>ret</strong></span> <span class='ocrx_word' id='word_1_145' title='bbox 161 1761 203 1804; x_wconf 87' lang='lat' dir='ltr'><strong>ex</strong></span> <span class='ocrx_word' id='word_1_146' title='bbox 224 1739 390 1817; x_wconf 87' lang='lat' dir='ltr'><strong>libertinis,</strong></span> <span class='ocrx_word' id='word_1_147' title='bbox 411 1754 444 1806; x_wconf 88' lang='lat' dir='ltr'><strong>et</strong></span> <span class='ocrx_word' id='word_1_148' title='bbox 465 1740 556 1806; x_wconf 87' lang='lat' dir='ltr'><strong>daret</strong></span> <span class='ocrx_word' id='word_1_149' title='bbox 575 1763 713 1828; x_wconf 87' lang='lat' dir='ltr'><strong>operam,</strong></span> <span class='ocrx_word' id='word_1_150' title='bbox 732 1753 769 1804; x_wconf 93' lang='lat' dir='ltr'><strong>ut</strong></span> <span class='ocrx_word' id='word_1_151' title='bbox 790 1740 873 1805; x_wconf 90' lang='lat' dir='ltr'><strong>duae</strong></span> <span class='ocrx_word' id='word_1_152' title='bbox 894 1753 999 1828; x_wconf 86' lang='lat' dir='ltr'><strong>partes</strong></span> <span class='ocrx_word' id='word_1_153' title='bbox 1017 1739 1135 1804; x_wconf 86' lang='lat' dir='ltr'><strong>civium</strong></span> 
     </span>
     <span class='ocr_line' id='line_1_19' title="bbox 88 1825 1136 1904; baseline 0 -14"><span class='ocrx_word' id='word_1_154' title='bbox 88 1825 322 1904; x_wconf 85' lang='lat' dir='ltr'><strong>Romanorum,</strong></span> <span class='ocrx_word' id='word_1_155' title='bbox 339 1827 430 1892; x_wconf 86' lang='lat' dir='ltr'><strong>tertia</strong></span> <span class='ocrx_word' id='word_1_156' title='bbox 442 1827 598 1892; x_wconf 90' lang='lat' dir='ltr'><strong>sociomm</strong></span> <span class='ocrx_word' id='word_1_157' title='bbox 613 1841 704 1892; x_wconf 85' lang='lat' dir='ltr'><strong>esset.</strong></span> <span class='ocrx_word' id='word_1_158' title='bbox 752 1826 958 1893; x_wconf 82' lang='lat' dir='ltr'><strong>Commeatus</strong></span> <span class='ocrx_word' id='word_1_159' title='bbox 977 1827 1068 1891; x_wconf 85' lang='lat' dir='ltr'><strong>classi</strong></span> <span class='ocrx_word' id='word_1_160' title='bbox 1090 1827 1136 1890; x_wconf 92' lang='lat' dir='ltr'><strong>lc·</strong></span> 
     </span>
     <span class='ocr_line' id='line_1_20' title="bbox 84 1913 1136 2002; baseline -0.001 -24"><span class='ocrx_word' id='word_1_161' title='bbox 84 1913 301 2000; x_wconf 87' lang='lat' dir='ltr'><strong>gioulbusque</strong></span> <span class='ocrx_word' id='word_1_162' title='bbox 316 1927 353 1978; x_wconf 89' lang='lat' dir='ltr'><strong>ut</strong></span> <span class='ocrx_word' id='word_1_163' title='bbox 367 1937 408 1978; x_wconf 80' lang='lat' dir='ltr'><strong>ex</strong></span> <span class='ocrx_word' id='word_1_164' title='bbox 425 1913 533 1978; x_wconf 89' lang='lat' dir='ltr'><strong>Sicilia</strong></span> <span class='ocrx_word' id='word_1_165' title='bbox 549 1913 757 2002; x_wconf 87' lang='lat' dir='ltr'><strong>Sardiniaque</strong></span> <span class='ocrx_word' id='word_1_166' title='bbox 771 1914 1030 1990; x_wconf 84' lang='lat' dir='ltr'><strong>subveherentur,</strong></span> <span class='ocrx_word' id='word_1_167' title='bbox 1045 1935 1136 2000; x_wconf 90' lang='lat' dir='ltr'><strong>prae·</strong></span> 
     </span>
     <span class='ocr_line' id='line_1_21' title="bbox 87 1999 1134 2088; baseline -0.001 -24"><span class='ocrx_word' id='word_1_168' title='bbox 87 2000 222 2076; x_wconf 90' lang='lat' dir='ltr'><strong>toribus,</strong></span> <span class='ocrx_word' id='word_1_169' title='bbox 238 2001 294 2087; x_wconf 93' lang='lat' dir='ltr'><strong>qui</strong></span> <span class='ocrx_word' id='word_1_170' title='bbox 313 2023 366 2065; x_wconf 83' lang='lat' dir='ltr'><strong>ess</strong></span> <span class='ocrx_word' id='word_1_171' title='bbox 385 2000 561 2088; x_wconf 83' lang='lat' dir='ltr'><strong>provincias</strong></span> <span class='ocrx_word' id='word_1_172' title='bbox 581 2001 683 2066; x_wconf 89' lang='lat' dir='ltr'><strong>sortiti</strong></span> <span class='ocrx_word' id='word_1_173' title='bbox 705 2015 819 2077; x_wconf 86' lang='lat' dir='ltr'><strong>essent,</strong></span> <span class='ocrx_word' id='word_1_174' title='bbox 841 2000 985 2065; x_wconf 89' lang='lat' dir='ltr'><strong>mandari</strong></span> <span class='ocrx_word' id='word_1_175' title='bbox 1007 1999 1134 2087; x_wconf 86' lang='lat' dir='ltr'><strong>pla&#39;cuit,</strong></span> 
     </span>
     <span class='ocr_line' id='line_1_22' title="bbox 87 2085 1137 2175; baseline 0 -24"><span class='ocrx_word' id='word_1_176' title='bbox 87 2101 129 2152; x_wconf 90' lang='lat' dir='ltr'><strong>ut</strong></span> <span class='ocrx_word' id='word_1_177' title='bbox 149 2086 260 2152; x_wconf 78' lang='lat' dir='ltr'><strong>alteras</strong></span> <span class='ocrx_word' id='word_1_178' title='bbox 274 2086 424 2152; x_wconf 87' lang='lat' dir='ltr'><strong>decumas</strong></span> <span class='ocrx_word' id='word_1_179' title='bbox 441 2085 555 2152; x_wconf 91' lang='lat' dir='ltr'><strong>Siculis</strong></span> <span class='ocrx_word' id='word_1_180' title='bbox 571 2086 741 2175; x_wconf 77' lang='lat' dir='ltr'><strong>Sardisque</strong></span> <span class='ocrx_word' id='word_1_181' title='bbox 763 2088 964 2174; x_wconf 87' lang='lat' dir='ltr'><strong>imperarent,</strong></span> <span class='ocrx_word' id='word_1_182' title='bbox 980 2101 1079 2174; x_wconf 93' lang='lat' dir='ltr'><strong>utque</strong></span> <span class='ocrx_word' id='word_1_183' title='bbox 1102 2087 1137 2151; x_wconf 89' lang='lat' dir='ltr'><strong>id</strong></span> 
     </span>
     <span class='ocr_line' id='line_1_23' title="bbox 86 2172 1136 2240; baseline -0.002 0"><span class='ocrx_word' id='word_1_184' title='bbox 86 2173 286 2240; x_wconf 84' lang='lat' dir='ltr'><strong>frumentum</strong></span> <span class='ocrx_word' id='word_1_185' title='bbox 309 2173 350 2239; x_wconf 92' lang='lat' dir='ltr'><strong>sd</strong></span> <span class='ocrx_word' id='word_1_186' title='bbox 372 2174 546 2240; x_wconf 87' lang='lat' dir='ltr'><strong>exercitum</strong></span> <span class='ocrx_word' id='word_1_187' title='bbox 560 2173 596 2238; x_wconf 92' lang='lat' dir='ltr'><strong>iu</strong></span> <span class='ocrx_word' id='word_1_188' title='bbox 612 2173 836 2240; x_wconf 79' lang='lat' dir='ltr'><strong>Macedoniam</strong></span> <span class='ocrx_word' id='word_1_189' title='bbox 896 2187 1039 2239; x_wconf 87' lang='lat' dir='ltr'><strong>rtaretur.</strong></span> <span class='ocrx_word' id='word_1_190' title='bbox 1087 2172 1136 2238; x_wconf 89' lang='lat' dir='ltr'><strong>Si·</strong></span> 
     </span>
     <span class='ocr_line' id='line_1_24' title="bbox 86 2259 1177 2344; baseline 0.005 -20"><span class='ocrx_word' id='word_1_191' title='bbox 86 2259 197 2324; x_wconf 88' lang='lat' dir='ltr'><strong>ciliam</strong></span> <span class='ocrx_word' id='word_1_192' title='bbox 214 2259 253 2325; x_wconf 87' lang='lat' dir='ltr'><strong>C.</strong></span> <span class='ocrx_word' id='word_1_193' title='bbox 268 2261 423 2326; x_wconf 88' lang='lat' dir='ltr'><strong>Caninius</strong></span> <span class='ocrx_word' id='word_1_194' title='bbox 447 2260 594 2344; x_wconf 87' lang='lat' dir='ltr'><strong>Rebilius</strong></span> <span class='ocrx_word' id='word_1_195' title='bbox 615 2273 663 2326; x_wconf 86' lang='lat' dir='ltr'><strong>est</strong></span> <span class='ocrx_word' id='word_1_196' title='bbox 683 2261 821 2339; x_wconf 89' lang='lat' dir='ltr'><strong>sortitus,</strong></span> <span class='ocrx_word' id='word_1_197' title='bbox 890 2261 1004 2326; x_wconf 90' lang='lat' dir='ltr'><strong>Furius</strong></span> <span class='ocrx_word' id='word_1_198' title='bbox 1025 2260 1137 2329; x_wconf 82' lang='lat' dir='ltr'><strong>Philus</strong></span> <span class='ocrx_word' id='word_1_199' title='bbox 1172 2299 1177 2314; x_wconf 56' lang='grc' dir='ltr'><em>ι</em></span> 
     </span>
     <span class='ocr_line' id='line_1_25' title="bbox 88 2345 1138 2437; baseline -0.002 -24"><span class='ocrx_word' id='word_1_200' title='bbox 88 2345 282 2425; x_wconf 70' lang='lat' dir='ltr'><strong>Sardiniam,</strong></span> <span class='ocrx_word' id='word_1_201' title='bbox 296 2347 333 2412; x_wconf 90' lang='lat' dir='ltr'><strong>L.</strong></span> <span class='ocrx_word' id='word_1_202' title='bbox 343 2345 517 2413; x_wconf 87' lang='lat' dir='ltr'><strong>Canuleius</strong></span> <span class='ocrx_word' id='word_1_203' title='bbox 529 2346 591 2413; x_wconf 90' lang='lat' dir='ltr'><strong>His</strong></span> <span class='ocrx_word' id='word_1_204' title='bbox 613 2348 727 2426; x_wconf 78' lang='lat' dir='ltr'><strong>oniam,</strong></span> <span class='ocrx_word' id='word_1_205' title='bbox 741 2347 782 2415; x_wconf 82' lang='grc' dir='ltr'><strong>Ο.</strong></span> <span class='ocrx_word' id='word_1_206' title='bbox 795 2348 954 2437; x_wconf 88' lang='lat' dir='ltr'><strong>Sulpicius</strong></span> <span class='ocrx_word' id='word_1_207' title='bbox 967 2347 1071 2414; x_wconf 77' lang='lat' dir='ltr'><strong>Galba</strong></span> <span class='ocrx_word' id='word_1_208' title='bbox 1085 2369 1138 2412; x_wconf 93' lang='lat' dir='ltr'><strong>ur-</strong></span> 
     </span>
     <span class='ocr_line' id='line_1_26' title="bbox 86 2369 1135 2523; baseline -0.002 -24"><span class='ocrx_word' id='word_1_209' title='bbox 86 2434 208 2499; x_wconf 75' lang='lat' dir='ltr'><strong>banum</strong></span> <span class='ocrx_word' id='word_1_210' title='bbox 230 2434 490 2513; x_wconf 88' lang='lat' dir='ltr'><strong>iurisdictionem,</strong></span> <span class='ocrx_word' id='word_1_211' title='bbox 503 2435 541 2501; x_wconf 93' lang='lat' dir='ltr'><strong>L.</strong></span> <span class='ocrx_word' id='word_1_212' title='bbox 552 2369 669 2500; x_wconf 81' lang='lat' dir='ltr'><strong>Villius</strong></span> <span class='ocrx_word' id='word_1_213' title='bbox 683 2436 820 2501; x_wconf 87' lang='lat' dir='ltr'><strong>Annalis</strong></span> <span class='ocrx_word' id='word_1_214' title='bbox 839 2436 924 2501; x_wconf 82' lang='lat' dir='ltr'><strong>inter</strong></span> <span class='ocrx_word' id='word_1_215' title='bbox 944 2435 1135 2523; x_wconf 75' lang='lat' dir='ltr'><strong>peregrinos</strong></span> 
     </span>
     <span class='ocr_line' id='line_1_27' title="bbox 89 2518 1074 2609; baseline -0.001 -25"><span class='ocrx_word' id='word_1_216' title='bbox 89 2518 135 2585; x_wconf 87' lang='lat' dir='ltr'><strong>C.</strong></span> <span class='ocrx_word' id='word_1_217' title='bbox 148 2518 301 2585; x_wconf 89' lang='lat' dir='ltr'><strong>Lucretio</strong></span> <span class='ocrx_word' id='word_1_218' title='bbox 318 2519 421 2598; x_wconf 90' lang='lat' dir='ltr'><strong>Gallo,</strong></span> <span class='ocrx_word' id='word_1_219' title='bbox 438 2544 503 2609; x_wconf 94' lang='lat' dir='ltr'><strong>quo</strong></span> <span class='ocrx_word' id='word_1_220' title='bbox 516 2536 645 2588; x_wconf 90' lang='lat' dir='ltr'><strong>senatus</strong></span> <span class='ocrx_word' id='word_1_221' title='bbox 659 2522 842 2599; x_wconf 82' lang='lat' dir='ltr'><strong>censuisset,</strong></span> <span class='ocrx_word' id='word_1_222' title='bbox 857 2544 923 2586; x_wconf 90' lang='lat' dir='ltr'><strong>sors</strong></span> <span class='ocrx_word' id='word_1_223' title='bbox 936 2520 1074 2586; x_wconf 84' lang='lat' dir='ltr'><strong>obvenit.</strong></span> 
     </span>
     <span class='ocr_line' id='line_1_28' title="bbox 136 2604 1245 2696; baseline -0.001 -25"><span class='ocrx_word' id='word_1_224' title='bbox 136 2604 228 2671; x_wconf 89' lang='lat' dir='ltr'><strong>Inter</strong></span> <span class='ocrx_word' id='word_1_225' title='bbox 245 2606 390 2673; x_wconf 88' lang='lat' dir='ltr'><strong>consules</strong></span> <span class='ocrx_word' id='word_1_226' title='bbox 409 2630 460 2673; x_wconf 86' lang='lat' dir='ltr'><strong>ma</strong></span> <span class='ocrx_word' id='word_1_227' title='bbox 484 2610 491 2624; x_wconf 89' lang='lat'>&#39;</span> <span class='ocrx_word' id='word_1_228' title='bbox 526 2608 694 2687; x_wconf 74' lang='lat' dir='ltr'><strong>cavillatio,</strong></span> <span class='ocrx_word' id='word_1_229' title='bbox 712 2630 809 2696; x_wconf 84' lang='lat' dir='ltr'><strong>quam</strong></span> <span class='ocrx_word' id='word_1_230' title='bbox 828 2631 860 2672; x_wconf 94' lang='lat' dir='ltr'><strong>m</strong></span> <span class='ocrx_word' id='word_1_231' title='bbox 924 2628 945 2672; x_wconf 84' lang='lat' dir='ltr'><strong>e</strong></span> <span class='ocrx_word' id='word_1_232' title='bbox 964 2604 1136 2683; x_wconf 85' lang='lat' dir='ltr'><strong>contentio,</strong></span> <span class='ocrx_word' id='word_1_233' title='bbox 1193 2609 1245 2670; x_wconf 79' lang='lat'><strong>32.</strong></span> 
     </span>
     <span class='ocr_line' id='line_1_29' title="bbox 64 2692 1138 2781; baseline -0.006 -18"><span class='ocrx_word' id='word_1_234' title='bbox 64 2692 134 2763; x_wconf 75' lang='lat' dir='ltr'><strong>tde</strong></span> <span class='ocrx_word' id='word_1_235' title='bbox 148 2692 313 2780; x_wconf 86' lang='lat' dir='ltr'><strong>provincia</strong></span> <span class='ocrx_word' id='word_1_236' title='bbox 325 2692 395 2759; x_wconf 83' lang='lat' dir='ltr'><strong>fuit.</strong></span> <span class='ocrx_word' id='word_1_237' title='bbox 472 2696 580 2773; x_wconf 85' lang='lat' dir='ltr'><strong>assius,</strong></span> <span class='ocrx_word' id='word_1_238' title='bbox 598 2696 682 2761; x_wconf 88' lang='lat' dir='ltr'><strong>‘sinc</strong></span> <span class='ocrx_word' id='word_1_239' title='bbox 698 2710 782 2761; x_wconf 87' lang='lat' dir='ltr'><strong>sorte</strong></span> <span class='ocrx_word' id='word_1_240' title='bbox 796 2718 830 2761; x_wconf 86' lang='lat' dir='ltr'><strong>se</strong></span> <span class='ocrx_word' id='word_1_241' title='bbox 885 2694 1069 2760; x_wconf 88' lang='lat' dir='ltr'><strong>ecedoniam</strong></span> <span class='ocrx_word' id='word_1_242' title='bbox 1081 2716 1138 2781; x_wconf 92' lang='lat' dir='ltr'><strong>op-</strong></span> 
     </span>
     <span class='ocr_line' id='line_1_30' title="bbox 88 2780 1137 2871; baseline 0.002 -26"><span class='ocrx_word' id='word_1_243' title='bbox 88 2780 276 2857; x_wconf 87' lang='lat' dir='ltr'><strong>‘taturum,’</strong></span> <span class='ocrx_word' id='word_1_244' title='bbox 290 2780 425 2859; x_wconf 78' lang='lat' dir='ltr'><strong>dicebat,</strong></span> <span class='ocrx_word' id='word_1_245' title='bbox 443 2790 453 2821; x_wconf 91' lang='lat'>‘</span> <span class='ocrx_word' id='word_1_246' title='bbox 461 2804 521 2847; x_wconf 92' lang='lat' dir='ltr'><strong>nec</strong></span> <span class='ocrx_word' id='word_1_247' title='bbox 539 2804 630 2869; x_wconf 87' lang='lat' dir='ltr'><strong>posse</strong></span> <span class='ocrx_word' id='word_1_248' title='bbox 645 2782 809 2871; x_wconf 86' lang='lat' dir='ltr'><strong>collegam,</strong></span> <span class='ocrx_word' id='word_1_249' title='bbox 824 2781 910 2848; x_wconf 82' lang='lat' dir='ltr'><strong>selvo</strong></span> <span class='ocrx_word' id='word_1_250' title='bbox 923 2780 1137 2859; x_wconf 87' lang='lat' dir='ltr'><strong>iureiurando,</strong></span> 
     </span>
     <span class='ocr_line' id='line_1_31' title="bbox 62 2867 1139 2957; baseline 0.006 -30"><span class='ocrx_word' id='word_1_251' title='bbox 62 2876 222 2933; x_wconf 83' lang='lat' dir='ltr'><strong>s‘secum</strong></span> <span class='ocrx_word' id='word_1_252' title='bbox 237 2867 349 2933; x_wconf 88' lang='lat' dir='ltr'><strong>sortiri.</strong></span> <span class='ocrx_word' id='word_1_253' title='bbox 395 2867 577 2934; x_wconf 87' lang='lat' dir='ltr'><strong>Praetorem</strong></span> <span class='ocrx_word' id='word_1_254' title='bbox 598 2892 684 2947; x_wconf 91' lang='lat' dir='ltr'><strong>eum,</strong></span> <span class='ocrx_word' id='word_1_255' title='bbox 699 2892 741 2935; x_wconf 88' lang='lat' dir='ltr'><strong>ne</strong></span> <span class='ocrx_word' id='word_1_256' title='bbox 759 2871 795 2935; x_wconf 93' lang='lat' dir='ltr'><strong>in</strong></span> <span class='ocrx_word' id='word_1_257' title='bbox 810 2869 1004 2957; x_wconf 86' lang='lat' dir='ltr'><strong>provinciam</strong></span> <span class='ocrx_word' id='word_1_258' title='bbox 1016 2870 1089 2944; x_wconf 89' lang='lat' dir='ltr'><strong>iret,</strong></span> <span class='ocrx_word' id='word_1_259' title='bbox 1103 2870 1139 2933; x_wconf 91' lang='lat' dir='ltr'><strong>in</strong></span> 
     </span>
     <span class='ocr_line' id='line_1_32' title="bbox 90 2954 1239 3044; baseline 0.002 -25"><span class='ocrx_word' id='word_1_260' title='bbox 90 2954 268 3021; x_wconf 87' lang='lat' dir='ltr'><strong>‘concione</strong></span> <span class='ocrx_word' id='word_1_261' title='bbox 289 2956 415 3033; x_wconf 79' lang='lat' dir='ltr'><strong>iurasse,</strong></span> <span class='ocrx_word' id='word_1_262' title='bbox 436 2954 574 3021; x_wconf 76' lang='lat' dir='ltr'><strong>se&#39;stato</strong></span> <span class='ocrx_word' id='word_1_263' title='bbox 595 2955 665 3021; x_wconf 92' lang='lat' dir='ltr'><strong>loco</strong></span> <span class='ocrx_word' id='word_1_264' title='bbox 687 2957 838 3044; x_wconf 76' lang='lat' dir='ltr'><strong>statisque</strong></span> <span class='ocrx_word' id='word_1_265' title='bbox 858 2956 970 3021; x_wconf 87' lang='lat' dir='ltr'><strong>diebus</strong></span> <span class='ocrx_word' id='word_1_266' title='bbox 988 2956 1140 3021; x_wconf 83' lang='lat' dir='ltr'><strong>sacrificia</strong></span> <span class='ocrx_word' id='word_1_267' title='bbox 1236 3012 1239 3021; x_wconf 95' lang='lat'><strong>.</strong></span> 
     </span>
     <span class='ocr_line' id='line_1_33' title="bbox 93 3040 1139 3131; baseline -0.001 -24"><span class='ocrx_word' id='word_1_268' title='bbox 93 3040 241 3119; x_wconf 62' lang='lat' dir='ltr'><strong>‘habers</strong></span> <span class='ocrx_word' id='word_1_269' title='bbox 254 3064 347 3129; x_wconf 84' lang='lat' dir='ltr'><strong>quae,</strong></span> <span class='ocrx_word' id='word_1_270' title='bbox 359 3042 488 3109; x_wconf 86' lang='lat' dir='ltr'><strong>absente</strong></span> <span class='ocrx_word' id='word_1_271' title='bbox 501 3064 545 3120; x_wconf 90' lang='lat' dir='ltr'><strong>se,</strong></span> <span class='ocrx_word' id='word_1_272' title='bbox 557 3056 641 3107; x_wconf 87' lang='lat' dir='ltr'><strong>recte</strong></span> <span class='ocrx_word' id='word_1_273' title='bbox 651 3042 719 3108; x_wconf 87' lang='lat' dir='ltr'><strong>lieri</strong></span> <span class='ocrx_word' id='word_1_274' title='bbox 730 3066 797 3109; x_wconf 93' lang='lat' dir='ltr'><strong>non</strong></span> <span class='ocrx_word' id='word_1_275' title='bbox 810 3056 955 3131; x_wconf 85' lang='lat' dir='ltr'><strong>possent:</strong></span> <span class='ocrx_word' id='word_1_276' title='bbox 979 3066 1062 3129; x_wconf 86' lang='lat' dir='ltr'><strong>quae</strong></span> <span class='ocrx_word' id='word_1_277' title='bbox 1073 3062 1139 3107; x_wconf 90' lang='lat' dir='ltr'><strong>non</strong></span> 
     </span>
     <span class='ocr_line' id='line_1_34' title="bbox 91 3127 1137 3217; baseline 0.001 -26"><span class='ocrx_word' id='word_1_278' title='bbox 91 3127 216 3214; x_wconf 87' lang='lat' dir='ltr'><strong>‘magis</strong></span> <span class='ocrx_word' id='word_1_279' title='bbox 230 3128 371 3205; x_wconf 87' lang='lat' dir='ltr'><strong>consule,</strong></span> <span class='ocrx_word' id='word_1_280' title='bbox 387 3152 482 3216; x_wconf 79' lang='lat' dir='ltr'><strong>quam</strong></span> <span class='ocrx_word' id='word_1_281' title='bbox 498 3142 651 3216; x_wconf 77' lang='lat' dir='ltr'><strong>praetore,</strong></span> <span class='ocrx_word' id='word_1_282' title='bbox 667 3131 796 3196; x_wconf 88' lang='lat' dir='ltr'><strong>absente</strong></span> <span class='ocrx_word' id='word_1_283' title='bbox 816 3144 902 3195; x_wconf 88' lang='lat' dir='ltr'><strong>recte</strong></span> <span class='ocrx_word' id='word_1_284' title='bbox 917 3129 986 3195; x_wconf 84' lang='lat' dir='ltr'><strong>fleri</strong></span> <span class='ocrx_word' id='word_1_285' title='bbox 999 3141 1137 3217; x_wconf 84' lang='lat' dir='ltr'><strong>possent</strong></span> 
     </span>
     <span class='ocr_line' id='line_1_35' title="bbox 63 3214 1141 3304; baseline -0.006 -20"><span class='ocrx_word' id='word_1_286' title='bbox 63 3224 101 3284; x_wconf 85' lang='lat'><strong>9‘</strong></span> <span class='ocrx_word' id='word_1_287' title='bbox 115 3214 151 3279; x_wconf 91' lang='lat' dir='ltr'><strong>Si</strong></span> <span class='ocrx_word' id='word_1_288' title='bbox 165 3227 303 3292; x_wconf 86' lang='lat' dir='ltr'><strong>senatus,</strong></span> <span class='ocrx_word' id='word_1_289' title='bbox 316 3238 381 3280; x_wconf 91' lang='lat' dir='ltr'><strong>nou</strong></span> <span class='ocrx_word' id='word_1_290' title='bbox 395 3216 474 3303; x_wconf 91' lang='lat' dir='ltr'><strong>quid</strong></span> <span class='ocrx_word' id='word_1_291' title='bbox 488 3216 584 3281; x_wconf 85' lang='lat' dir='ltr'><strong>vellet</strong></span> <span class='ocrx_word' id='word_1_292' title='bbox 598 3218 631 3280; x_wconf 92' lang='lat' dir='ltr'><strong>in</strong></span> <span class='ocrx_word' id='word_1_293' title='bbox 646 3217 812 3282; x_wconf 88' lang='lat' dir='ltr'><strong>consulatu</strong></span> <span class='ocrx_word' id='word_1_294' title='bbox 826 3218 940 3304; x_wconf 90' lang='lat' dir='ltr'><strong>potius,</strong></span> <span class='ocrx_word' id='word_1_295' title='bbox 952 3238 1048 3303; x_wconf 88' lang='lat' dir='ltr'><strong>quam</strong></span> <span class='ocrx_word' id='word_1_296' title='bbox 1060 3215 1141 3301; x_wconf 90' lang='lat' dir='ltr'><strong>quid</strong></span> 
     </span>
     <span class='ocr_line' id='line_1_36' title="bbox 92 3300 1139 3388; baseline 0.002 -25"><span class='ocrx_word' id='word_1_297' title='bbox 92 3300 149 3363; x_wconf 85' lang='lat' dir='ltr'><strong>‘iu</strong></span> <span class='ocrx_word' id='word_1_298' title='bbox 172 3314 320 3388; x_wconf 86' lang='lat' dir='ltr'><strong>praetura</strong></span> <span class='ocrx_word' id='word_1_299' title='bbox 341 3303 490 3369; x_wconf 86' lang='lat' dir='ltr'><strong>iuraverit</strong></span> <span class='ocrx_word' id='word_1_300' title='bbox 511 3304 547 3367; x_wconf 92' lang='lat' dir='ltr'><strong>P.</strong></span> <span class='ocrx_word' id='word_1_301' title='bbox 562 3303 714 3381; x_wconf 90' lang='lat' dir='ltr'><strong>Licinius,</strong></span> <span class='ocrx_word' id='word_1_302' title='bbox 734 3301 1049 3369; x_wconf 88' lang='lat' dir='ltr'><strong>animadvertendum</strong></span> <span class='ocrx_word' id='word_1_303' title='bbox 1071 3324 1139 3366; x_wconf 84' lang='lat' dir='ltr'><strong>esse</strong></span> 
     </span>
     <span class='ocr_line' id='line_1_37' title="bbox 93 3386 1142 3479; baseline -0.002 -28"><span class='ocrx_word' id='word_1_304' title='bbox 93 3396 296 3465; x_wconf 67' lang='lat' dir='ltr'><strong>‘censentes</strong></span> <span class='ocrx_word' id='word_1_305' title='bbox 311 3402 418 3455; x_wconf 84' lang='lat' dir='ltr'><strong>temen</strong></span> <span class='ocrx_word' id='word_1_306' title='bbox 432 3390 574 3454; x_wconf 84' lang='lat' dir='ltr'><strong>futurum</strong></span> <span class='ocrx_word' id='word_1_307' title='bbox 586 3390 619 3454; x_wconf 87' lang='lat' dir='ltr'><strong>i&#39;n</strong></span> <span class='ocrx_word' id='word_1_308' title='bbox 634 3403 762 3455; x_wconf 79' lang='lat' dir='ltr'><strong>senatus</strong></span> <span class='ocrx_word' id='word_1_309' title='bbox 774 3390 951 3479; x_wconf 65' lang='lat' dir='ltr'><strong>potestate!</strong></span> <span class='ocrx_word' id='word_1_310' title='bbox 993 3386 1142 3451; x_wconf 84' lang='lat' dir='ltr'><strong>Consulti</strong></span> 
     </span>
     <span class='ocr_line' id='line_1_38' title="bbox 93 3473 1141 3623; baseline -0.002 -85"><span class='ocrx_word' id='word_1_311' title='bbox 93 3473 218 3551; x_wconf 85' lang='lat' dir='ltr'><strong>Patres,</strong></span> <span class='ocrx_word' id='word_1_312' title='bbox 234 3474 286 3540; x_wconf 79' lang='lat' dir='ltr'><strong>eui</strong></span> <span class='ocrx_word' id='word_1_313' title='bbox 301 3474 498 3541; x_wconf 76' lang='lat' dir='ltr'><strong>eoussdstum</strong></span> <span class='ocrx_word' id='word_1_314' title='bbox 513 3475 650 3563; x_wconf 90' lang='lat' dir='ltr'><strong>populus</strong></span> <span class='ocrx_word' id='word_1_315' title='bbox 666 3476 832 3541; x_wconf 88' lang='lat' dir='ltr'><strong>Romanus</strong></span> <span class='ocrx_word' id='word_1_316' title='bbox 850 3497 918 3539; x_wconf 91' lang='lat' dir='ltr'><strong>non</strong></span> <span class='ocrx_word' id='word_1_317' title='bbox 931 3486 1086 3623; x_wconf 54' lang='lat' dir='ltr'><strong>qussset,</strong></span> <span class='ocrx_word' id='word_1_318' title='bbox 1102 3474 1141 3536; x_wconf 91' lang='lat' dir='ltr'><strong>ab</strong></span> 
     </span>
     <span class='ocr_line' id='line_1_39' title="bbox 93 3559 1142 3649; baseline -0.003 -23"><span class='ocrx_word' id='word_1_319' title='bbox 93 3583 129 3626; x_wconf 86' lang='lat' dir='ltr'><strong>se</strong></span> <span class='ocrx_word' id='word_1_320' title='bbox 149 3560 345 3648; x_wconf 84' lang='lat' dir='ltr'><strong>provinciam</strong></span> <span class='ocrx_word' id='word_1_321' title='bbox 361 3560 481 3649; x_wconf 86' lang='lat' dir='ltr'><strong>negari,</strong></span> <span class='ocrx_word' id='word_1_322' title='bbox 495 3563 665 3649; x_wconf 88' lang='lat' dir='ltr'><strong>superbum</strong></span> <span class='ocrx_word' id='word_1_323' title='bbox 681 3564 752 3640; x_wconf 91' lang='lat' dir='ltr'><strong>rati,</strong></span> <span class='ocrx_word' id='word_1_324' title='bbox 766 3561 871 3627; x_wconf 89' lang='lat' dir='ltr'><strong>sortiri</strong></span> <span class='ocrx_word' id='word_1_325' title='bbox 885 3581 963 3625; x_wconf 87' lang='lat' dir='ltr'><strong>cons</strong></span> <span class='ocrx_word' id='word_1_326' title='bbox 996 3582 1031 3624; x_wconf 92' lang='lat' dir='ltr'><strong>es</strong></span> <span class='ocrx_word' id='word_1_327' title='bbox 1045 3559 1142 3623; x_wconf 90' lang='lat' dir='ltr'><strong>iusse-</strong></span> 
     </span>
    </p>
   </div>
   <div class='ocr_carea' id='block_1_3' title="bbox 95 3736 1159 4439">
    <p class='ocr_par' dir='ltr' id='par_1_3' title="bbox 95 3736 1159 4439">
     <span class='ocr_line' id='line_1_40' title="bbox 96 3736 1159 3802; baseline -0.002 -16"><span class='ocrx_word' id='word_1_328' title='bbox 96 3752 194 3800; x_wconf 80' lang='lat' dir='ltr'><strong>augcre,</strong></span> <span class='ocrx_word' id='word_1_329' title='bbox 213 3739 312 3787; x_wconf 65' lang='lat' dir='ltr'><strong>suess</strong></span> <span class='ocrx_word' id='word_1_330' title='bbox 331 3743 413 3787; x_wconf 79' lang='lat' dir='ltr'><strong>sutem</strong></span> <span class='ocrx_word' id='word_1_331' title='bbox 434 3752 531 3802; x_wconf 85' lang='lat' dir='ltr'><strong>semper</strong></span> <span class='ocrx_word' id='word_1_332' title='bbox 552 3754 604 3789; x_wconf 86' lang='lat' dir='ltr'><strong>sex·</strong></span> <span class='ocrx_word' id='word_1_333' title='bbox 670 3738 867 3798; x_wconf 73' lang='lat' dir='ltr'><strong>7Moeadom&#39;am</strong></span> <span class='ocrx_word' id='word_1_334' title='bbox 877 3737 1030 3799; x_wconf 76' lang='lat' dir='ltr'><strong>optaturum]</strong></span> <span class='ocrx_word' id='word_1_335' title='bbox 1044 3736 1084 3784; x_wconf 82' lang='lat' dir='ltr'><strong>Ite</strong></span> <span class='ocrx_word' id='word_1_336' title='bbox 1091 3737 1159 3785; x_wconf 51' lang='lat' dir='ltr'><strong>nu„</strong></span> 
     </span>
     <span class='ocr_line' id='line_1_41' title="bbox 96 3800 1144 3865; baseline -0.003 -14"><span class='ocrx_word' id='word_1_337' title='bbox 96 3808 182 3851; x_wconf 81' lang='lat' dir='ltr'><strong>centos</strong></span> <span class='ocrx_word' id='word_1_338' title='bbox 202 3802 228 3851; x_wconf 90' lang='lat' dir='ltr'><strong>in</strong></span> <span class='ocrx_word' id='word_1_339' title='bbox 249 3802 363 3851; x_wconf 87' lang='lat' dir='ltr'><strong>subsidiis</strong></span> <span class='ocrx_word' id='word_1_340' title='bbox 384 3803 510 3853; x_wconf 85' lang='lat' dir='ltr'><strong>instruere.</strong></span> <span class='ocrx_word' id='word_1_341' title='bbox 554 3804 604 3851; x_wconf 88' lang='lat' dir='ltr'><strong>Ita-</strong></span> <span class='ocrx_word' id='word_1_342' title='bbox 637 3802 723 3851; x_wconf 88' lang='lat' dir='ltr'><strong>benius</strong></span> <span class='ocrx_word' id='word_1_343' title='bbox 734 3800 874 3850; x_wconf 81' lang='lat' dir='ltr'><strong>emendavit</strong></span> <span class='ocrx_word' id='word_1_344' title='bbox 888 3816 933 3863; x_wconf 87' lang='lat' dir='ltr'><strong>pro</strong></span> <span class='ocrx_word' id='word_1_345' title='bbox 943 3802 1007 3863; x_wconf 82' lang='lat' dir='ltr'><strong>vulg.</strong></span> <span class='ocrx_word' id='word_1_346' title='bbox 1017 3817 1144 3865; x_wconf 60' lang='lat' dir='ltr'><strong>appamia·</strong></span> 
     </span>
     <span class='ocr_line' id='line_1_42' title="bbox 96 3865 1146 3931; baseline -0.003 -16"><span class='ocrx_word' id='word_1_347' title='bbox 96 3881 145 3929; x_wconf 86' lang='lat' dir='ltr'><strong>que</strong></span> <span class='ocrx_word' id='word_1_348' title='bbox 162 3865 262 3925; x_wconf 62' lang='lat' dir='ltr'><strong>baruti,</strong></span> <span class='ocrx_word' id='word_1_349' title='bbox 273 3867 404 3931; x_wconf 83' lang='lat' dir='ltr'><strong>principes,</strong></span> <span class='ocrx_word' id='word_1_350' title='bbox 415 3872 440 3917; x_wconf 86' lang='lat' dir='ltr'><strong>et</strong></span> <span class='ocrx_word' id='word_1_351' title='bbox 456 3866 543 3918; x_wconf 79' lang='lat' dir='ltr'><strong>velites</strong></span> <span class='ocrx_word' id='word_1_352' title='bbox 558 3868 605 3915; x_wconf 86' lang='lat' dir='ltr'><strong>sin·</strong></span> <span class='ocrx_word' id='word_1_353' title='bbox 637 3874 728 3915; x_wconf 73' lang='lat' dir='ltr'><strong>mrum.</strong></span> <span class='ocrx_word' id='word_1_354' title='bbox 762 3868 856 3929; x_wconf 75' lang='lat' dir='ltr'><strong>Opem</strong></span> <span class='ocrx_word' id='word_1_355' title='bbox 871 3880 915 3928; x_wconf 88' lang='lat' dir='ltr'><strong>pro</strong></span> <span class='ocrx_word' id='word_1_356' title='bbox 930 3868 1018 3929; x_wconf 67' lang='lat' dir='ltr'><strong>slipen</strong></span> <span class='ocrx_word' id='word_1_357' title='bbox 1032 3882 1098 3929; x_wconf 82' lang='lat' dir='ltr'><strong>supr.</strong></span> <span class='ocrx_word' id='word_1_358' title='bbox 1113 3866 1146 3913; x_wconf 86' lang='lat' dir='ltr'><strong>vi.</strong></span> 
     </span>
     <span class='ocr_line' id='line_1_43' title="bbox 95 3930 777 3995; baseline -0.001 -15"><span class='ocrx_word' id='word_1_359' title='bbox 95 3930 146 3994; x_wconf 78' lang='lat' dir='ltr'><strong>guli</strong></span> <span class='ocrx_word' id='word_1_360' title='bbox 162 3931 233 3981; x_wconf 83' lang='lat' dir='ltr'><strong>mille</strong></span> <span class='ocrx_word' id='word_1_361' title='bbox 243 3936 269 3979; x_wconf 90' lang='lat' dir='ltr'><strong>et</strong></span> <span class='ocrx_word' id='word_1_362' title='bbox 279 3932 430 3995; x_wconf 79' lang='lat' dir='ltr'><strong>octingentos</strong></span> <span class='ocrx_word' id='word_1_363' title='bbox 445 3932 540 3995; x_wconf 82' lang='lat' dir='ltr'><strong>pedites</strong></span> <span class='ocrx_word' id='word_1_364' title='bbox 556 3932 605 3981; x_wconf 86' lang='lat' dir='ltr'><strong>effi·</strong></span> <span class='ocrx_word' id='word_1_365' title='bbox 639 3944 677 3992; x_wconf 78' lang='lat'><strong>25.</strong></span> <span class='ocrx_word' id='word_1_366' title='bbox 688 3936 777 3980; x_wconf 63' lang='lat' dir='ltr'><strong>exsut.</strong></span> 
     </span>
     <span class='ocr_line' id='line_1_44' title="bbox 96 3992 1145 4055; baseline -0.002 -11"><span class='ocrx_word' id='word_1_367' title='bbox 96 3996 203 4045; x_wconf 73' lang='lat' dir='ltr'><strong>ciebunt.</strong></span> <span class='ocrx_word' id='word_1_368' title='bbox 238 3996 416 4047; x_wconf 82' lang='lat' dir='ltr'><strong>Hionumarar</strong></span> <span class='ocrx_word' id='word_1_369' title='bbox 429 4000 525 4047; x_wconf 77' lang='lat' dir='ltr'><strong>auctior</strong></span> <span class='ocrx_word' id='word_1_370' title='bbox 539 3996 606 4045; x_wconf 89' lang='lat' dir='ltr'><strong>haud</strong></span> <span class='ocrx_word' id='word_1_371' title='bbox 670 3996 685 4043; x_wconf 85' lang='lat'><strong>8</strong></span> <span class='ocrx_word' id='word_1_372' title='bbox 702 3997 844 4044; x_wconf 76' lang='lat' dir='ltr'><strong>Praetorem</strong></span> <span class='ocrx_word' id='word_1_373' title='bbox 859 3997 927 4055; x_wconf 83' lang='lat' dir='ltr'><strong>eum]</strong></span> <span class='ocrx_word' id='word_1_374' title='bbox 954 3995 1012 4044; x_wconf 87' lang='lat' dir='ltr'><strong>Hoc</strong></span> <span class='ocrx_word' id='word_1_375' title='bbox 1024 4009 1089 4055; x_wconf 89' lang='lat' dir='ltr'><strong>supr.</strong></span> <span class='ocrx_word' id='word_1_376' title='bbox 1101 3992 1145 4042; x_wconf 83' lang='lat' dir='ltr'><strong>xli.</strong></span> 
     </span>
     <span class='ocr_line' id='line_1_45' title="bbox 96 4060 905 4124; baseline 0 -15"><span class='ocrx_word' id='word_1_377' title='bbox 96 4060 172 4109; x_wconf 85' lang='lat' dir='ltr'><strong>dubie</strong></span> <span class='ocrx_word' id='word_1_378' title='bbox 194 4066 280 4109; x_wconf 88' lang='lat' dir='ltr'><strong>contra</strong></span> <span class='ocrx_word' id='word_1_379' title='bbox 299 4060 444 4124; x_wconf 80' lang='lat' dir='ltr'><strong>phalangem</strong></span> <span class='ocrx_word' id='word_1_380' title='bbox 462 4062 532 4109; x_wconf 77' lang='lat' dir='ltr'><strong>illem</strong></span> <span class='ocrx_word' id='word_1_381' title='bbox 552 4061 606 4109; x_wconf 86' lang='lat' dir='ltr'><strong>Mc·</strong></span> <span class='ocrx_word' id='word_1_382' title='bbox 642 4070 678 4120; x_wconf 82' lang='lat'><strong>15.</strong></span> <span class='ocrx_word' id='word_1_383' title='bbox 689 4066 850 4107; x_wconf 86' lang='lat' dir='ltr'><strong>memoratum</strong></span> <span class='ocrx_word' id='word_1_384' title='bbox 862 4068 905 4109; x_wconf 81' lang='lat' dir='ltr'><strong>est.</strong></span> 
     </span>
     <span class='ocr_line' id='line_1_46' title="bbox 97 4121 1147 4188; baseline -0.003 -17"><span class='ocrx_word' id='word_1_385' title='bbox 97 4124 385 4175; x_wconf 81' lang='lat' dir='ltr'><strong>csdcniceminctructus</strong></span> <span class='ocrx_word' id='word_1_386' title='bbox 394 4132 438 4174; x_wconf 77' lang='lat' dir='ltr'><strong>est.</strong></span> <span class='ocrx_word' id='word_1_387' title='bbox 671 4122 926 4188; x_wconf 78' lang='lat' dir='ltr'><strong>9Nonqas‘dssllst]</strong></span> <span class='ocrx_word' id='word_1_388' title='bbox 944 4121 1094 4171; x_wconf 77' lang='lat' dir='ltr'><strong>Posticulum</strong></span> <span class='ocrx_word' id='word_1_389' title='bbox 1105 4136 1147 4169; x_wconf 85' lang='lat' dir='ltr'><strong>ne·</strong></span> 
     </span>
     <span class='ocr_line' id='line_1_47' title="bbox 130 4186 1146 4250; baseline -0.003 -13"><span class='ocrx_word' id='word_1_390' title='bbox 130 4200 144 4249; x_wconf 84' lang='lat'><strong>5</strong></span> <span class='ocrx_word' id='word_1_391' title='bbox 162 4190 301 4249; x_wconf 76' lang='lat' dir='ltr'><strong>Nouatum]</strong></span> <span class='ocrx_word' id='word_1_392' title='bbox 318 4188 344 4237; x_wconf 86' lang='grc' dir='ltr'><strong>Ν</strong></span> <span class='ocrx_word' id='word_1_393' title='bbox 346 4202 391 4239; x_wconf 88' lang='lat' dir='ltr'><strong>ova</strong></span> <span class='ocrx_word' id='word_1_394' title='bbox 401 4189 513 4238; x_wconf 85' lang='lat' dir='ltr'><strong>instituta</strong></span> <span class='ocrx_word' id='word_1_395' title='bbox 523 4194 560 4237; x_wconf 84' lang='lat' dir='ltr'><strong>est</strong></span> <span class='ocrx_word' id='word_1_396' title='bbox 570 4204 607 4237; x_wconf 78' lang='lat' dir='ltr'><strong>ro·</strong></span> <span class='ocrx_word' id='word_1_397' title='bbox 639 4188 746 4250; x_wconf 80' lang='lat' dir='ltr'><strong>gativsm</strong></span> <span class='ocrx_word' id='word_1_398' title='bbox 759 4188 889 4236; x_wconf 84' lang='lat' dir='ltr'><strong>delendam</strong></span> <span class='ocrx_word' id='word_1_399' title='bbox 906 4192 989 4236; x_wconf 81' lang='lat' dir='ltr'><strong>censet</strong></span> <span class='ocrx_word' id='word_1_400' title='bbox 1000 4186 1146 4241; x_wconf 85' lang='lat' dir='ltr'><strong>Gronovius,</strong></span> 
     </span>
     <span class='ocr_line' id='line_1_48' title="bbox 98 4250 1146 4315; baseline -0.005 -14"><span class='ocrx_word' id='word_1_401' title='bbox 98 4253 141 4301; x_wconf 84' lang='lat' dir='ltr'><strong>tio.</strong></span> <span class='ocrx_word' id='word_1_402' title='bbox 641 4252 760 4315; x_wconf 87' lang='lat' dir='ltr'><strong>probante</strong></span> <span class='ocrx_word' id='word_1_403' title='bbox 778 4252 909 4302; x_wconf 81' lang='lat' dir='ltr'><strong>Crevieric.</strong></span> <span class='ocrx_word' id='word_1_404' title='bbox 943 4250 1071 4299; x_wconf 86' lang='lat' dir='ltr'><strong>Belrlrerus</strong></span> <span class='ocrx_word' id='word_1_405' title='bbox 1091 4262 1146 4296; x_wconf 84' lang='lat' dir='ltr'><strong>eam</strong></span> 
     </span>
     <span class='ocr_line' id='line_1_49' title="bbox 115 4314 827 4429; baseline 0 -64"><span class='ocrx_word' id='word_1_406' title='bbox 115 4314 311 4429; x_wconf 35' lang='grc' dir='ltr'><strong>1’όόἒνιβὶάρίὶη</strong></span> <span class='ocrx_word' id='word_1_407' title='bbox 331 4332 362 4367; x_wconf 86' lang='lat' dir='ltr'><strong>sc.</strong></span> <span class='ocrx_word' id='word_1_408' title='bbox 376 4316 472 4379; x_wconf 86' lang='lat' dir='ltr'><strong>Populi.</strong></span> <span class='ocrx_word' id='word_1_409' title='bbox 500 4317 607 4379; x_wconf 71' lang='lat' dir='ltr'><strong>elsupr.</strong></span> <span class='ocrx_word' id='word_1_410' title='bbox 640 4315 710 4364; x_wconf 87' lang='lat' dir='ltr'><strong>uncis</strong></span> <span class='ocrx_word' id='word_1_411' title='bbox 720 4314 827 4365; x_wconf 83' lang='lat' dir='ltr'><strong>inclusit.</strong></span> 
     </span>
     <span class='ocr_line' id='line_1_50' title="bbox 99 4394 278 4439; baseline 0 -10"><span class='ocrx_word' id='word_1_412' title='bbox 99 4396 140 4430; x_wconf 79' lang='lat' dir='ltr'><strong>ru.</strong></span> <span class='ocrx_word' id='word_1_413' title='bbox 170 4394 278 4439; x_wconf 76' lang='lat' dir='ltr'><strong>‚rx.3o.</strong></span> 
     </span>
    </p>
   </div>
   <div class='ocr_carea' id='block_1_4' title="bbox 143 4446 976 4509">
    <p class='ocr_par' dir='ltr' id='par_1_4' title="bbox 143 4446 976 4509">
     <span class='ocr_line' id='line_1_51' title="bbox 143 4446 976 4509; baseline -0.01 0"><span class='ocrx_word' id='word_1_414' title='bbox 143 4462 221 4509; x_wconf 79' lang='lat' dir='ltr'><strong>vor..</strong></span> <span class='ocrx_word' id='word_1_415' title='bbox 239 4464 283 4508; x_wconf 79' lang='grc' dir='ltr'><strong>ιν.</strong></span> <span class='ocrx_word' id='word_1_416' title='bbox 401 4446 407 4462; x_wconf 90' lang='grc'><strong>“</strong></span> <span class='ocrx_word' id='word_1_417' title='bbox 956 4460 976 4501; x_wconf 83' lang='lat' dir='ltr'><strong>s</strong></span> 
     </span>
    </p>
   </div>
   <div class='ocr_carea' id='block_1_5' title="bbox 0 0 1485 4800">
    <p class='ocr_par' dir='ltr' id='par_1_5' title="bbox 0 0 1485 4800">
     <span class='ocr_line' id='line_1_52' title="bbox 0 0 1485 4800; baseline 0 0"><span class='ocrx_word' id='word_1_418' title='bbox 0 0 1485 4800; x_wconf 95' lang='lat' dir='ltr'><strong> </strong></span> 
     </span>
    </p>
   </div>
  </div>
 </body>
</html>
