2934 4800
443 219 765 290 KREYSSIGIL
1065 229 1130 295 27⁷

30 379 144 445 ibid.
179 388 216 446 et
241 387 400 466 carpenta
423 389 524 466 capta
546 402 608 466 pro
634 390 666 447 et
689 391 859 469 carpenta,
883 405 967 470 cuiu-
980 385 1034 453 ³7.
1057 389 1133 454 inde

32 503 118 564 pro
139 481 241 560 dein,
257 481 334 548 ibid.
340 481 422 566 sere
438 481 626 567 proferne,
641 482 720 547 ibid.
737 483 814 549 inde
829 506 891 569 pro
907 486 1033 566 deinde,
1048 487 1130 554 ibid.

34 583 269 668 Libyaeque
303 605 364 668 pro
398 581 593 668 Libraeque,
626 583 706 648 ibid.
741 584 926 652 Marcellus
962 609 1026 653 cos.
1065 590 1132 655 sire

36 687 193 750 consui
227 707 287 770 pro
321 683 516 762 Marcellus,
552 684 631 750 ibid.
666 686 879 774 triumphusq3
917 689 985 754 sive
1021 691 1134 756 trium·

29 789 227 873 phusque
245 807 306 871 pro
326 785 519 872 triumphus,
540 806 611 870 cap.
628 785 682 851 38.
703 787 751 850 ad
766 787 985 874 Lampsacum
1005 813 1133 878 impug-

38 889 220 953 namdam
243 910 304 974 pro
330 889 377 952 ad
396 879 614 973 Lampsacum
639 887 900 976 obpugnandum,
924 891 1004 956 ibid.
1031 915 1133 959 nuac-

43 991 157 1054 libus
199 990 407 1055 terrestribus
443 989 550 1075 copiis
585 1010 646 1073 pro
682 991 819 1056 nauibus
853 993 1131 1080 terrestribusque

44 1091 194 1178 capiis,
222 1091 301 1157 ibid.
332 1091 605 1176 Cersonerumque
626 1113 689 1176 pro
718 1091 1025 1181 Chersonesumque,
1050 1095 1130 1162 ibid.

46 1201 88 1258 et
121 1193 297 1258 ssracum
318 1215 380 1278 pro
401 1201 437 1256 at
465 1192 637 1270 Thracam,
657 1213 728 1278 cap
749 1194 803 1260 39.
826 1195 869 1259 ab
895 1195 1006 1260 Thaso
1027 1218 1089 1280 pro
1110 1218 1133 1261 a

54 1293 206 1374 ῚῚιωο,
221 1317 294 1380 cap.
310 1295 364 1359 40.
379 1304 437 1360 aut
451 1317 512 1380 pro
526 1303 575 1372 at,
591 1294 671 1373 ibid,
687 1295 746 1381 qui
759 1297 794 1360 in
807 1318 869 1382 pro
885 1297 974 1383 quin,
989 1317 1060 1382 cap.
1078 1297 1130 1362 41.

52 1398 352 1484 Pthomaeamquc
383 1419 445 1483 pro
476 1397 775 1484 Ptolomaeumque,
808 1397 888 1463 ibid.
920 1399 1133 1484 prameniret

50 1521 130 1584 pro
141 1499 348 1586 perueniret,
362 1498 442 1563 ibid.
459 1497 538 1585 quia
554 1497 710 1584 adfidem
718 1499 916 1583 faciendam
931 1521 992 1585 pro
1007 1501 1065 1586 qui
1089 1503 1136 1566 ad

42 1600 169 1686 fidem
191 1599 401 1686 faciendam,
434 1599 512 1664 ibid.
550 1593 712 1665 seditioni
743 1601 811 1666 sive
846 1600 1036 1667 seditionem
1073 1623 1134 1687 pro

56 1701 247 1779 seditione,
267 1700 346 1767 ibid.
372 1700 633 1766 Eurimedontcm
658 1723 719 1786 pro
741 1701 1029 1788 Eurymedontem,
1051 1703 1133 1770 ibid.

63 1813 246 1896 captaque
275 1825 335 1890 pro
365 1805 412 1868 ad
438 1812 612 1890 captaque,
642 1804 721 1869 ibid.
756 1805 877 1870 adorta
910 1827 973 1890 pto
1005 1805 1133 1884 oborta,

62 1927 147 1991 cap.
162 1907 217 1970 te.
240 1915 272 1970 et
294 1905 344 1970 M.
362 1904 502 1970 Porcius
523 1905 607 1971 Cato
628 1927 689 1991 pro
709 1905 761 1971 M.
775 1906 916 1972 Porcius
935 1907 1029 1986 Cato,
1052 1907 1132 1972 ibid.

67 2007 137 2072 Cn.
152 2005 305 2072 Manlius
325 2006 431 2084 Volso,
450 2007 516 2092 Ap.
533 2006 691 2072 Claudius
710 2005 804 2072 Nero
824 2029 885 2092 pro
910 2007 969 2072 Cn.
983 2007 1134 2074 Manlius

72 2110 193 2185 Vulso,
214 2109 281 2196 Ap.
297 2108 456 2174 Claudius
474 2107 577 2186 Nero,
599 2106 641 2172 P.
653 2107 813 2186 Manlius,
835 2108 919 2174 ibid.
941 2107 1134 2174 Scribonius

69 2233 138 2298 pro
165 2211 202 2276 C.
219 2209 421 2288 Scribonius,
443 2232 516 2295 cup.
539 2209 593 2274 43.
617 2209 665 2274 ad
685 2217 801 2274 senatu
824 2230 886 2296 pro
908 2211 956 2274 ad
976 2219 1133 2288 senatum

69 2315 157 2380 ibid.
189 2307 253 2399 qud
284 2332 343 2398 pro
373 2335 454 2390 cum,
484 2311 562 2378 ibid.
592 2310 732 2377 uenisset
765 2333 826 2397 pro
855 2311 1024 2391 euenisset,
1052 2311 1132 2377 ibid.

71 2418 178 2483 datus
204 2416 241 2480 T.
261 2414 413 2488 Quinctio
435 2436 497 2500 pro
523 2415 634 2481 datust
663 2414 829 2495 Quinctio,
852 2416 932 2482 ibid.
958 2438 1040 2503 opus
1062 2438 1135 2482 esse

71 2540 140 2605 pro
169 2539 253 2604 opus
281 2526 377 2593 esset,
406 2516 484 2582 ibid.
514 2525 550 2580 ut
578 2517 738 2584 scriberet
767 2538 830 2602 pro
858 2516 1026 2595 scriberet,
1052 2516 1131 2581 ibid.

73 2617 242 2687 Sardinid
270 2619 337 2683 sive
362 2618 552 2683 Sardiniam
575 2642 637 2704 pro
664 2619 834 2696 Sardinia,
864 2616 944 2683 ibid.
981 2617 1018 2682 Τ.
1045 2617 1134 2682 Sem·

69 2724 194 2807 promia
218 2742 278 2805 pro
297 2720 498 2806 Sempronio,
523 2741 594 2805 cup.
618 2720 669 2785 44.
698 2720 794 2785 iussit
806 2719 932 2806 facere
953 2740 1015 2806 pro
1036 2718 1134 2785 iussit

65 2822 200 2909 secere,
222 2822 305 2887 ibid.
327 2822 452 2887 instare
475 2844 537 2907 pro
560 2829 698 2901 restare,
722 2820 801 2887 ibid.
828 2830 862 2887 et
885 2820 951 2886 nisi
970 2842 1033 2906 pro
1058 2820 1134 2899 nisi,

78 2946 152 3013 cup.
175 2925 230 2991 45.
252 2946 322 2989 cum
343 2926 570 2989 decerneretur
596 2924 712 2988 &dum
738 2945 800 3008 pro
824 2945 883 2987 cur
904 2924 1135 2989 decermetur

79 3027 207 3104 haum,
222 3026 300 3092 ibid.
317 3027 405 3112 quod
416 3025 465 3090 ad
476 3024 599 3091 Nabim
614 3024 886 3091 Lacedomonium
903 3026 1058 3091 attineret
1072 3046 1135 3110 pro

80 3130 169 3214 quod
196 3129 243 3193 ad
263 3128 379 3193 Nabin
403 3128 730 3194 Lacedaemoniorum
761 3128 933 3205 adtineret,
963 3128 1043 3193 ibid.
1071 3150 1135 3193 non

78 3230 130 3296 ita
155 3231 267 3317 magni
290 3230 438 3295 momenti
463 3252 524 3315 pro
550 3252 613 3295 non
639 3238 705 3295 tam
730 3229 843 3315 magni
867 3228 1026 3305 momenti,
1053 3227 1133 3293 ibid.

80 3335 255 3401 identidem
283 3356 343 3419 pro
371 3334 566 3412 iderntidern,
592 3333 671 3399 ibid.
698 3333 759 3398 otii
782 3332 850 3398 situ
874 3353 935 3418 pro
962 3333 1031 3397 otio
1055 3334 1134 3411 situ,

80 3458 153 3522 cap.
173 3437 227 3502 46.
251 3444 403 3522 quantum
424 3458 485 3521 pro
507 3445 673 3522 quantam,
694 3436 774 3501 ibid.
797 3446 830 3501 et
852 3436 1041 3522 principum
1064 3437 1136 3522 qui·

84 3540 219 3605 busdam
243 3558 305 3624 pro
325 3538 515 3625 principum
541 3539 743 3625 quibusdam,
765 3560 836 3624 cup.
861 3537 914 3603 47.
938 3560 1050 3603 casam
1073 3561 1135 3624 pro

83 3664 227 3721 causam,
242 3642 320 3707 ibid.
343 3642 399 3728 qui
419 3642 465 3706 ad
482 3650 627 3707 senatum
647 3664 756 3707 eorum
775 3665 836 3729 pro
852 3642 908 3729 qui
927 3642 1136 3707 ademtam

84 3767 193 3811 eorum
211 3752 398 3829 arguerent,
420 3764 493 3828 cap.
508 3744 562 3807 48.
584 3744 726 3809 iusserat
748 3766 809 3828 pro
831 3744 914 3810 iussi
934 3751 1040 3821 erunt,
1054 3741 1134 3808 ibid.

83 3845 270 3911 celebratae
297 3864 358 3929 pro
392 3844 632 3931 celebrataque,
661 3844 742 3909 ibid.
774 3845 821 3908 ad
846 3844 885 3908 id
916 3844 1004 3930 quod
1030 3865 1137 3909 serum

83 3956 157 4014 erat
171 3970 232 4033 pro
245 3947 283 4013 id
294 3948 382 4032 quod
393 3968 501 4011 serum
518 3957 601 4025 erat,
617 3968 689 4033 cap.
706 3948 759 4011 49.
776 3948 935 4033 populum
954 3968 1014 4031 pro
1032 3968 1137 4032 popu·

84 4050 148 4115 ium
163 4048 323 4124 Romano,
341 4048 420 4111 ibid.
441 4047 488 4112 ibi
504 4046 689 4133 profectum
708 4047 776 4112 iam
794 4069 904 4133 regern
918 4046 953 4110 in
968 4045 1053 4111 Asia
1068 4047 1137 4113 sive

84 4152 195 4238 potius
209 4150 325 4216 Asiam
339 4173 410 4215 cum
424 4149 570 4216 audisset
590 4172 651 4235 pro
670 4149 718 4215 ibi
737 4150 921 4237 profectum
939 4149 1006 4215 iam
1025 4172 1135 4238 regem

86 4276 156 4319 cum
187 4252 343 4331 andaset,
376 4250 454 4317 ibid.
493 4272 563 4316 cum
599 4250 799 4317 conuenisset
832 4272 893 4338 pro
927 4254 1134 4321 conuenisset.
