2934 4800
319 177 637 248 EDITIONUM
671 183 816 250 LIVII.
1027 193 1092 252 463
1158 187 1161 191 ’

77 317 246 382 tuerit.
294 317 451 382 Adiectse
473 333 548 382 sunt
569 317 719 384 Rhenani
742 343 779 384 ac
801 318 931 384 Gelenii
946 323 1094 385 Annota-

77 403 252 480 tiones,
268 417 301 468 et
317 401 470 467 Glareaui
483 403 704 491 Chronologis.
744 405 915 492 Perperam
932 405 1093 471 Hearnius

81 504 144 554 et
185 488 337 553 Clericus
359 488 394 552 in
414 487 526 552 Indice
548 489 647 555 Edita
667 491 791 556 Livian.
813 492 964 568 referunt,
980 492 1095 557 editio-

84 597 216 639 nem
239 573 323 639 hanc
347 575 540 640 recensuisse
563 575 771 663 Hervagium,
791 577 848 665 qui
872 599 943 642 earn
970 593 1096 643 tantum

90 677 113 725 t
200 661 227 724 is
241 661 307 724 suis
321 659 496 746 descripsit.

52 753 84 811 l.
114 684 364 812 {Francorum
375 745 500 811 duobus
511 745 725 812 voluminibus
736 769 811 813 cum
821 746 917 814 Notis
928 748 1094 815 Guilielmi

52 831 295 908 rodelevaei,
312 832 347 895 in
360 831 462 896 forma
476 830 643 931 octuplice.

175 916 256 982 Has
279 917 348 982 eius
370 916 473 982 Notas
495 939 597 982 variae
621 918 701 983 aliae
723 919 880 985 editiones
903 935 975 1006 post
996 922 1097 1012 adop-

100 1017 260 1069 tarunt.

52 1097 97 1154 2.
140 1087 294 1154 Parisiis
325 1088 413 1175 apud
444 1087 640 1154 Micha'e'lem
669 1089 898 1168 Vascosanum,
928 1092 963 1156 in
996 1092 1098 1157 forma

52 1197 216 1240 satore.

180 1259 350 1325 Maittaire
376 1259 411 1324 in
440 1259 559 1324 Annal.
591 1259 731 1348 Typogr.
763 1274 839 1325 tom.
871 1259 933 1326 Ill.
962 1286 992 1349 μ
1021 1267 1095 1328 613.

107 1345 258 1423 refert,
279 1344 380 1410 Micb
394 1343 611 1410 Vascosanum
634 1345 716 1412 hanc
736 1346 911 1412 editionem
933 1347 1096 1413 dedicasse

108 1432 259 1498 Iacobo
274 1430 433 1508 Varadeo,
456 1431 490 1495 in
512 1453 660 1517 supremo
683 1432 854 1497 Parisiensi
876 1448 988 1498 senatu
1009 1435 1097 1520 regio

113 1517 332 1594 consiliario,
364 1517 496 1603 epistola
526 1517 602 1581 data
632 1517 675 1582 X.
708 1517 775 1583 Cal.
806 1518 878 1582 Iun.
911 1521 1093 1585 M.1).L11.

116 1603 303 1669 Prodiisse
326 1616 433 1668 autem
455 1625 528 1666 cum
544 1603 817 1669 Annotationibus
838 1604 1044 1682 diversorum,
1065 1622 1098 1670 et

117 1692 170 1756 in
194 1689 345 1753 Glareani
362 1689 617 1754 Annotationum
640 1689 744 1754 fronte
764 1689 837 1776 legi,
854 1692 938 1778 typis
958 1691 1097 1779 descrip-

120 1791 208 1840 tam
225 1797 292 1838 esse
308 1797 326 1837 a
350 1773 394 1838 ud
410 1773 606 1839 Michaelem
622 1775 839 1840 vascosanum
855 1791 888 1841 et
898 1777 1096 1842 Audoiinum

124 1861 292 1926 Parvum.
320 1797 484 1926 fabricius
512 1860 548 1922 in
578 1859 730 1925 Biblioth.
758 1861 830 1927 Lat.
858 1876 1000 1941 testatur,
1026 1887 1098 1928 eam

125 1947 310 2012 adiunctas
339 1946 485 2010 habuisse
516 1945 612 2010 Laur.
636 1946 749 2012 Vallae
780 1947 1029 2014 Emendationes
1065 1967 1099 2014 et

128 2034 169 2098 E
198 2032 323 2097 istolam
350 2034 382 2095 A
406 2031 593 2118 ologeticam
623 2031 663 2096 de
694 2033 819 2097 duobus
845 2033 1028 2120 Tarquiniis
1057 2036 1098 2100 ad

129 2056 348 2206 Alphonsum
396 2117 498 2182 iciliae
515 2117 661 2203 Regem3
687 2117 835 2183 Sabellici
857 2120 935 2184 item
955 2133 988 2185 et
1008 2120 1098 2186 Rhe-

131 2205 222 2270 nani
251 2227 287 2269 ac
319 2202 448 2268 Gelenii
479 2201 589 2268 Notas
622 2201 807 2268 Editionem
840 2205 923 2270 hanc
953 2207 1097 2271 nondum

132 2291 253 2356 videre
283 2290 427 2376 contigit,
458 2303 490 2354 et
519 2289 594 2354 hinc
624 2290 727 2355 verbis
757 2291 825 2355 eius
854 2294 1097 2358 controversiam

134 2399 274 2442 movere
298 2398 432 2463 nequeo.
478 2375 596 2441 Dicere
624 2389 730 2441 tamen
756 2377 859 2456 liceat,
886 2379 1097 2466 suspicionem

135 2463 225 2528 mihi
261 2476 368 2527 natam
405 2484 483 2537 esse,
520 2463 736 2528 Vascosanum
773 2477 896 2528 tantum
936 2465 1097 2550 repetiisse

163 2550 283 2613 riorem
313 2548 487 2613 editionem
514 2549 589 2612 anni
618 2551 665 2613 M.
674 2551 717 2613 D.
728 2550 857 2614 XLlll.
884 2562 918 2613 et
942 2549 1019 2613 hinc
1040 2572 1098 2635 pro

179 2635 306 2699 henano
328 2647 361 2698 et
381 2632 519 2697 Gelenio
539 2633 734 2698 Glareanum
757 2634 997 2698 memorandum
1019 2657 1096 2699 esse.

138 2720 258 2785 Potuit
269 2732 375 2785 autern
387 2720 448 2819 ipsi
460 2719 564 2783 frarrdi
574 2720 669 2784 fuisse
687 2719 797 2783 titulus
811 2720 913 2785 obiter
927 2720 1096 2807 inspectus

143 2806 247 2872 Certe
272 2805 413 2892 ille,qu1
437 2806 533 2892 priori
555 2805 689 2870 editioni
711 2806 903 2893 praefigitur,
926 2808 1015 2872 etin
1038 2806 1098 2871 hac

140 2892 358 2959 verisimiliter
372 2892 526 2979 repetitus
540 2904 597 2969 est,
614 2905 756 2970 testatur,
772 2892 807 2957 in
822 2893 962 2957 editione
977 2893 1099 2958 Vasco·

143 3002 224 3045 sana
253 2978 381 3043 Livium
414 2977 561 3064 diligenti
593 2978 811 3043 observatione
841 2980 1098 3045 Annotationum

144 3065 300 3131 Rhenani
322 3078 356 3129 et
377 3062 507 3128 Gelenii
528 3063 726 3149 recognitum
749 3088 785 3129 ac
807 3066 987 3130 restitutum
1009 3088 1096 3130 esse:

145 3151 238 3239 quod
254 3150 383 3215 forsitan
403 3150 449 3213 ita
467 3150 634 3236 acceperit,
650 3149 740 3235 quasi
756 3148 906 3214 Rhenani
919 3163 953 3214 et
970 3149 1099 3215 Gelenii

146 3236 385 3302 Annotetiones
407 3235 534 3299 additae
558 3234 696 3309 fuerint3
723 3256 806 3319 quae
830 3248 915 3299 certe
940 3234 974 3298 in
997 3236 1100 3322 prims

145 3322 324 3389 Vescosani
339 3321 481 3385 editione
496 3320 628 3385 omissae
644 3332 726 3384 tunt.

51 3409 147 3472 1553.
173 3408 337 3495 Lugduni,
352 3408 386 3471 in
401 3407 503 3471 forma
517 3406 644 3474 maiore.

192 3495 233 3558 ln
273 3493 368 3557 huius
412 3491 563 3558 editionis
607 3490 700 3556 titulo
741 3492 820 3556 haec
860 3504 937 3555 nota
975 3491 1100 3577 conspi-

138 3580 244 3645 citur:
307 3578 485 3665 ‘Lugduni
530 3578 615 3665 apud
657 3578 838 3643 Antonium
880 3577 1099 3654 Vincentium,

152 3666 221 3732 ‘M.
231 3665 386 3731 D.L111.‘
429 3664 490 3729 llla
503 3686 578 3729 vero
596 3686 630 3727 rn
648 3664 716 3728 eius
730 3664 815 3728 fine:
841 3670 850 3701 ‘
864 3662 1028 3749 Lugduni,
1044 3684 1102 3727 cx-

154 3752 310 3817 ‘cudebst
347 3749 506 3815 Iohannes
536 3748 723 3827 Frellonius,
756 3749 968 3814 M.D.L111.·
1014 3746 1101 3813 Hinc

154 3837 365 3925 colligendum
390 3850 447 3914 est,
471 3836 599 3900 Livium
623 3836 707 3923 typis
733 3833 893 3910 Frellonii,
916 3833 973 3898 sed
994 3856 1101 3921 sump-

155 3924 237 3988 tibus
264 3922 431 3989 Vinceutii
464 3921 658 4008 descriptum
683 3920 788 3985 fuisse.
847 3920 951 3996 Certe,
982 3918 1101 3985 Frello·

155 4010 243 4074 nium
266 4007 439 4072 Vincentio
462 4007 558 4072 libros
581 4006 740 4071 excudere
763 4005 891 4070 solitum
915 4005 1020 4083 luisse,
1045 4006 1102 4070 ob·

156 4107 257 4159 servat
272 4092 436 4157 Maittaire
452 4092 569 4157 Annul.
759 4091 792 4156 b.
807 4105 883 4157 torn.
900 4090 963 4155 lII.
979 4114 1009 4178 p.
1030 4097 1100 4157 141.

159 4180 308 4245 Continet
331 4179 411 4243 haec
433 4178 541 4255 editio,
566 4201 648 4265 quae
705 4115 775 4254 allis,
804 4175 986 4255 Sabellicus,
1015 4177 1102 4245 Rbe-

160 4287 266 4344 nanus,
296 4264 460 4342 Gelenius,
487 4263 682 4341 Glareanus,
701 4263 852 4329 Velcurio
877 4277 911 4330 et
933 4263 987 4331 alii
1010 4264 1105 4332 Livio
