<?xml version="1.0" encoding="UTF-8"?>
<!DOCTYPE html PUBLIC "-//W3C//DTD XHTML 1.0 Transitional//EN"
    "http://www.w3.org/TR/xhtml1/DTD/xhtml1-transitional.dtd">
<html xmlns="http://www.w3.org/1999/xhtml" xml:lang="en" lang="en">
 <head>
  <title>
</title>
<meta http-equiv="Content-Type" content="text/html;charset=utf-8" />
  <meta name='ocr-system' content='tesseract 3.04.00' />
  <meta name='ocr-capabilities' content='ocr_page ocr_carea ocr_par ocr_line ocrx_word'/>
</head>
<body>
  <div class='ocr_page' id='page_1' title='image "./tliviipatavinih01kreygoog/tliviipatavinih01kreygoog_0495.png"; bbox 0 0 2934 4800; ppageno 0'>
   <div class='ocr_carea' id='block_1_1' title="bbox 460 212 1152 289">
    <p class='ocr_par' dir='ltr' id='par_1_1' title="bbox 460 212 1152 289">
     <span class='ocr_line' id='line_1_1' title="bbox 460 212 1152 289; baseline 0.01 -7"><span class='ocrx_word' id='word_1_1' title='bbox 460 212 782 283; x_wconf 78' lang='lat' dir='ltr'><strong>KREYSSIGII.</strong></span> <span class='ocrx_word' id='word_1_2' title='bbox 1088 228 1152 289; x_wconf 78' lang='lat'><strong>481</strong></span> 
     </span>
    </p>
   </div>
   <div class='ocr_carea' id='block_1_2' title="bbox 57 372 1247 3624">
    <p class='ocr_par' dir='ltr' id='par_1_2' title="bbox 57 372 1227 3016">
     <span class='ocr_line' id='line_1_2' title="bbox 57 372 1151 455; baseline 0.009 -17"><span class='ocrx_word' id='word_1_3' title='bbox 57 372 152 439; x_wconf 84' lang='lat' dir='ltr'><strong>hos</strong></span> <span class='ocrx_word' id='word_1_4' title='bbox 166 372 266 439; x_wconf 89' lang='lat' dir='ltr'><strong>libros</strong></span> <span class='ocrx_word' id='word_1_5' title='bbox 281 372 391 440; x_wconf 85' lang='lat' dir='ltr'><strong>codice</strong></span> <span class='ocrx_word' id='word_1_6' title='bbox 406 374 649 441; x_wconf 70' lang='lat' dir='ltr'><strong>vindobonensi</strong></span> <span class='ocrx_word' id='word_1_7' title='bbox 670 398 738 441; x_wconf 93' lang='lat' dir='ltr'><strong>non</strong></span> <span class='ocrx_word' id='word_1_8' title='bbox 757 375 924 455; x_wconf 84' lang='lat' dir='ltr'><strong>contineri,</strong></span> <span class='ocrx_word' id='word_1_9' title='bbox 939 377 1024 445; x_wconf 89' lang='lat' dir='ltr'><strong>inter</strong></span> <span class='ocrx_word' id='word_1_10' title='bbox 1037 402 1151 447; x_wconf 87' lang='lat' dir='ltr'><strong>omnes</strong></span> 
     </span>
     <span class='ocr_line' id='line_1_3' title="bbox 60 476 1147 567; baseline 0.006 -26"><span class='ocrx_word' id='word_1_11' title='bbox 60 488 229 553; x_wconf 87' lang='lat' dir='ltr'><strong>constet,</strong></span> <span class='ocrx_word' id='word_1_12' title='bbox 242 499 339 564; x_wconf 88' lang='lat' dir='ltr'><strong>quam</strong></span> <span class='ocrx_word' id='word_1_13' title='bbox 356 476 498 543; x_wconf 90' lang='lat' dir='ltr'><strong>Goelleri</strong></span> <span class='ocrx_word' id='word_1_14' title='bbox 513 478 602 555; x_wconf 90' lang='lat' dir='ltr'><strong>liber,</strong></span> <span class='ocrx_word' id='word_1_15' title='bbox 614 501 711 565; x_wconf 89' lang='lat' dir='ltr'><strong>quem</strong></span> <span class='ocrx_word' id='word_1_16' title='bbox 726 478 821 566; x_wconf 91' lang='lat' dir='ltr'><strong>plane</strong></span> <span class='ocrx_word' id='word_1_17' title='bbox 836 480 995 567; x_wconf 75' lang='lat' dir='ltr'><strong>ignorasse</strong></span> <span class='ocrx_word' id='word_1_18' title='bbox 1010 483 1147 561; x_wconf 85' lang='lat' dir='ltr'><strong>videtur,</strong></span> 
     </span>
     <span class='ocr_line' id='line_1_4' title="bbox 61 578 1146 670; baseline 0.006 -28"><span class='ocrx_word' id='word_1_19' title='bbox 61 586 170 643; x_wconf 73' lang='lat' dir='ltr'><strong>teum</strong></span> <span class='ocrx_word' id='word_1_20' title='bbox 185 578 301 643; x_wconf 88' lang='lat' dir='ltr'><strong>docere</strong></span> <span class='ocrx_word' id='word_1_21' title='bbox 315 579 479 664; x_wconf 90' lang='lat' dir='ltr'><strong>potuisset,</strong></span> <span class='ocrx_word' id='word_1_22' title='bbox 494 580 529 643; x_wconf 92' lang='lat' dir='ltr'><strong>in</strong></span> <span class='ocrx_word' id='word_1_23' title='bbox 549 580 614 644; x_wconf 89' lang='lat' dir='ltr'><strong>imo</strong></span> <span class='ocrx_word' id='word_1_24' title='bbox 633 579 822 666; x_wconf 88' lang='lat' dir='ltr'><strong>paginarum</strong></span> <span class='ocrx_word' id='word_1_25' title='bbox 842 584 983 669; x_wconf 85' lang='lat' dir='ltr'><strong>margine</strong></span> <span class='ocrx_word' id='word_1_26' title='bbox 1003 596 1146 670; x_wconf 89' lang='lat' dir='ltr'><strong>poneret,</strong></span> 
     </span>
     <span class='ocr_line' id='line_1_5' title="bbox 63 680 1147 768; baseline 0.004 -21"><span class='ocrx_word' id='word_1_27' title='bbox 63 680 293 767; x_wconf 77' lang='lat' dir='ltr'><strong>Heusingeri</strong></span> <span class='ocrx_word' id='word_1_28' title='bbox 314 692 421 745; x_wconf 85' lang='lat' dir='ltr'><strong>autem</strong></span> <span class='ocrx_word' id='word_1_29' title='bbox 442 680 643 758; x_wconf 85' lang='lat' dir='ltr'><strong>coniecturis,</strong></span> <span class='ocrx_word' id='word_1_30' title='bbox 659 705 752 768; x_wconf 87' lang='lat' dir='ltr'><strong>quae,</strong></span> <span class='ocrx_word' id='word_1_31' title='bbox 771 683 847 748; x_wconf 83' lang='lat' dir='ltr'><strong>licet</strong></span> <span class='ocrx_word' id='word_1_32' title='bbox 868 685 920 749; x_wconf 71' lang='lat' dir='ltr'><strong>hlc</strong></span> <span class='ocrx_word' id='word_1_33' title='bbox 939 685 1025 751; x_wconf 85' lang='lat' dir='ltr'><strong>Livii</strong></span> <span class='ocrx_word' id='word_1_34' title='bbox 1047 686 1147 753; x_wconf 74' lang='lat' dir='ltr'><strong>inter·</strong></span> 
     </span>
     <span class='ocr_line' id='line_1_6' title="bbox 64 782 1227 874; baseline 0.011 -27"><span class='ocrx_word' id='word_1_35' title='bbox 64 806 176 871; x_wconf 87' lang='lat' dir='ltr'><strong>pres,</strong></span> <span class='ocrx_word' id='word_1_36' title='bbox 208 806 273 870; x_wconf 86' lang='lat' dir='ltr'><strong>qua</strong></span> <span class='ocrx_word' id='word_1_37' title='bbox 301 783 422 848; x_wconf 89' lang='lat' dir='ltr'><strong>ratione</strong></span> <span class='ocrx_word' id='word_1_38' title='bbox 451 782 570 847; x_wconf 89' lang='lat' dir='ltr'><strong>librarii</strong></span> <span class='ocrx_word' id='word_1_39' title='bbox 599 806 730 871; x_wconf 90' lang='lat' dir='ltr'><strong>peccare</strong></span> <span class='ocrx_word' id='word_1_40' title='bbox 756 786 930 871; x_wconf 88' lang='lat' dir='ltr'><strong>potuerint,</strong></span> <span class='ocrx_word' id='word_1_41' title='bbox 957 809 1088 874; x_wconf 88' lang='lat' dir='ltr'><strong>operose</strong></span> <span class='ocrx_word' id='word_1_42' title='bbox 1113 801 1148 854; x_wconf 88' lang='lat' dir='ltr'><strong>ct</strong></span> <span class='ocrx_word' id='word_1_43' title='bbox 1223 849 1227 860; x_wconf 92' lang='lat'><strong>.</strong></span> 
     </span>
     <span class='ocr_line' id='line_1_7' title="bbox 64 884 1146 978; baseline 0.006 -28"><span class='ocrx_word' id='word_1_44' title='bbox 64 884 209 972; x_wconf 87' lang='lat' dir='ltr'><strong>putide</strong></span> <span class='ocrx_word' id='word_1_45' title='bbox 238 885 510 963; x_wconf 81' lang='lat' dir='ltr'><strong>demonstraverit,</strong></span> <span class='ocrx_word' id='word_1_46' title='bbox 537 908 603 951; x_wconf 90' lang='lat' dir='ltr'><strong>non</strong></span> <span class='ocrx_word' id='word_1_47' title='bbox 632 886 693 951; x_wconf 87' lang='lat' dir='ltr'><strong>nisi</strong></span> <span class='ocrx_word' id='word_1_48' title='bbox 722 909 792 952; x_wconf 89' lang='lat' dir='ltr'><strong>raro</strong></span> <span class='ocrx_word' id='word_1_49' title='bbox 821 889 1050 955; x_wconf 73' lang='lat' dir='ltr'><strong>cordationibus</strong></span> <span class='ocrx_word' id='word_1_50' title='bbox 1077 891 1146 978; x_wconf 86' lang='lat' dir='ltr'><strong>pla·</strong></span> 
     </span>
     <span class='ocr_line' id='line_1_8' title="bbox 68 988 1144 1074; baseline 0.004 -19"><span class='ocrx_word' id='word_1_51' title='bbox 68 990 224 1067; x_wconf 81' lang='lat' dir='ltr'><strong>oebunt,</strong></span> <span class='ocrx_word' id='word_1_52' title='bbox 239 989 275 1053; x_wconf 92' lang='lat' dir='ltr'><strong>in</strong></span> <span class='ocrx_word' id='word_1_53' title='bbox 294 1000 419 1053; x_wconf 84' lang='lat' dir='ltr'><strong>textum</strong></span> <span class='ocrx_word' id='word_1_54' title='bbox 438 988 629 1074; x_wconf 85' lang='lat' dir='ltr'><strong>recipiendis</strong></span> <span class='ocrx_word' id='word_1_55' title='bbox 649 990 823 1054; x_wconf 90' lang='lat' dir='ltr'><strong>orationem</strong></span> <span class='ocrx_word' id='word_1_56' title='bbox 839 990 1005 1057; x_wconf 88' lang='lat' dir='ltr'><strong>Livianam</strong></span> <span class='ocrx_word' id='word_1_57' title='bbox 1028 995 1144 1059; x_wconf 90' lang='lat' dir='ltr'><strong>mirum</strong></span> 
     </span>
     <span class='ocr_line' id='line_1_9' title="bbox 71 1091 1147 1181; baseline 0.003 -24"><span class='ocrx_word' id='word_1_58' title='bbox 71 1105 254 1179; x_wconf 86' lang='lat' dir='ltr'><strong>quantum</strong></span> <span class='ocrx_word' id='word_1_59' title='bbox 268 1092 481 1179; x_wconf 79' lang='lat' dir='ltr'><strong>interpolaret.</strong></span> <span class='ocrx_word' id='word_1_60' title='bbox 530 1091 802 1178; x_wconf 70' lang='lat' dir='ltr'><strong>circumspectius</strong></span> <span class='ocrx_word' id='word_1_61' title='bbox 816 1094 946 1178; x_wconf 89' lang='lat' dir='ltr'><strong>quidem</strong></span> <span class='ocrx_word' id='word_1_62' title='bbox 962 1117 1029 1159; x_wconf 91' lang='lat' dir='ltr'><strong>rem</strong></span> <span class='ocrx_word' id='word_1_63' title='bbox 1049 1096 1147 1181; x_wconf 83' lang='lat' dir='ltr'><strong>gessit</strong></span> 
     </span>
     <span class='ocr_line' id='line_1_10' title="bbox 72 1192 1145 1285; baseline 0.004 -26"><span class='ocrx_word' id='word_1_64' title='bbox 72 1192 472 1281; x_wconf 83' lang='lat' dir='ltr'><strong>Baumgarten·Crusius,</strong></span> <span class='ocrx_word' id='word_1_65' title='bbox 503 1193 738 1259; x_wconf 86' lang='lat' dir='ltr'><strong>recentissimus</strong></span> <span class='ocrx_word' id='word_1_66' title='bbox 768 1194 853 1285; x_wconf 78' lang='lat' dir='ltr'><strong>Livii</strong></span> <span class='ocrx_word' id='word_1_67' title='bbox 882 1196 994 1272; x_wconf 85' lang='lat' dir='ltr'><strong>editor,</strong></span> <span class='ocrx_word' id='word_1_68' title='bbox 1025 1198 1081 1284; x_wconf 90' lang='lat' dir='ltr'><strong>qui</strong></span> <span class='ocrx_word' id='word_1_69' title='bbox 1110 1200 1145 1263; x_wconf 92' lang='lat' dir='ltr'><strong>in</strong></span> 
     </span>
     <span class='ocr_line' id='line_1_11' title="bbox 74 1294 1146 1383; baseline 0.005 -22"><span class='ocrx_word' id='word_1_70' title='bbox 74 1308 189 1361; x_wconf 83' lang='lat' dir='ltr'><strong>textu</strong></span> <span class='ocrx_word' id='word_1_71' title='bbox 213 1296 328 1383; x_wconf 91' lang='lat' dir='ltr'><strong>passim</strong></span> <span class='ocrx_word' id='word_1_72' title='bbox 355 1294 551 1382; x_wconf 84' lang='lat' dir='ltr'><strong>refingendo,</strong></span> <span class='ocrx_word' id='word_1_73' title='bbox 581 1295 629 1359; x_wconf 90' lang='lat' dir='ltr'><strong>uti</strong></span> <span class='ocrx_word' id='word_1_74' title='bbox 659 1294 806 1359; x_wconf 89' lang='lat' dir='ltr'><strong>codicum</strong></span> <span class='ocrx_word' id='word_1_75' title='bbox 836 1318 854 1360; x_wconf 92' lang='lat' dir='ltr'><strong>a</strong></span> <span class='ocrx_word' id='word_1_76' title='bbox 883 1295 1146 1366; x_wconf 84' lang='lat' dir='ltr'><strong>Drakenborchio</strong></span> 
     </span>
     <span class='ocr_line' id='line_1_12' title="bbox 77 1396 1145 1489; baseline 0.005 -26"><span class='ocrx_word' id='word_1_77' title='bbox 77 1398 230 1485; x_wconf 78' lang='lat' dir='ltr'><strong>aliisqde</strong></span> <span class='ocrx_word' id='word_1_78' title='bbox 250 1396 464 1462; x_wconf 76' lang='lat' dir='ltr'><strong>adhibitorum</strong></span> <span class='ocrx_word' id='word_1_79' title='bbox 484 1397 683 1475; x_wconf 90' lang='lat' dir='ltr'><strong>lectionibus,</strong></span> <span class='ocrx_word' id='word_1_80' title='bbox 699 1399 746 1462; x_wconf 92' lang='lat' dir='ltr'><strong>ita</strong></span> <span class='ocrx_word' id='word_1_81' title='bbox 760 1397 1002 1487; x_wconf 87' lang='lat' dir='ltr'><strong>Bambergensis</strong></span> <span class='ocrx_word' id='word_1_82' title='bbox 1016 1425 1145 1489; x_wconf 90' lang='lat' dir='ltr'><strong>quoque</strong></span> 
     </span>
     <span class='ocr_line' id='line_1_13' title="bbox 78 1499 1145 1589; baseline 0.005 -24"><span class='ocrx_word' id='word_1_83' title='bbox 78 1499 197 1587; x_wconf 86' lang='lat' dir='ltr'><strong>copiis</strong></span> <span class='ocrx_word' id='word_1_84' title='bbox 219 1500 336 1565; x_wconf 89' lang='lat' dir='ltr'><strong>rectius</strong></span> <span class='ocrx_word' id='word_1_85' title='bbox 359 1514 407 1565; x_wconf 88' lang='lat' dir='ltr'><strong>est</strong></span> <span class='ocrx_word' id='word_1_86' title='bbox 429 1522 513 1577; x_wconf 89' lang='lat' dir='ltr'><strong>usus,</strong></span> <span class='ocrx_word' id='word_1_87' title='bbox 537 1512 579 1576; x_wconf 89' lang='lat' dir='ltr'><strong>et,</strong></span> <span class='ocrx_word' id='word_1_88' title='bbox 603 1522 703 1588; x_wconf 89' lang='lat' dir='ltr'><strong>quum</strong></span> <span class='ocrx_word' id='word_1_89' title='bbox 728 1501 945 1588; x_wconf 77' lang='lat' dir='ltr'><strong>typographus</strong></span> <span class='ocrx_word' id='word_1_90' title='bbox 963 1503 1044 1589; x_wconf 89' lang='lat' dir='ltr'><strong>(quo</strong></span> <span class='ocrx_word' id='word_1_91' title='bbox 1066 1505 1145 1583; x_wconf 92' lang='lat' dir='ltr'><strong>iure,</strong></span> 
     </span>
     <span class='ocr_line' id='line_1_14' title="bbox 80 1600 1147 1691; baseline 0.004 -24"><span class='ocrx_word' id='word_1_92' title='bbox 80 1603 163 1690; x_wconf 85' lang='lat' dir='ltr'><strong>ipse</strong></span> <span class='ocrx_word' id='word_1_93' title='bbox 191 1601 321 1686; x_wconf 87' lang='lat' dir='ltr'><strong>viderit)</strong></span> <span class='ocrx_word' id='word_1_94' title='bbox 349 1602 454 1687; x_wconf 88' lang='lat' dir='ltr'><strong>quarti</strong></span> <span class='ocrx_word' id='word_1_95' title='bbox 483 1600 632 1665; x_wconf 86' lang='lat' dir='ltr'><strong>editionis</strong></span> <span class='ocrx_word' id='word_1_96' title='bbox 661 1615 785 1665; x_wconf 89' lang='lat' dir='ltr'><strong>nostrae</strong></span> <span class='ocrx_word' id='word_1_97' title='bbox 811 1602 980 1667; x_wconf 89' lang='lat' dir='ltr'><strong>voluminis</strong></span> <span class='ocrx_word' id='word_1_98' title='bbox 1003 1604 1147 1691; x_wconf 80' lang='lat' dir='ltr'><strong>plagulas</strong></span> 
     </span>
     <span class='ocr_line' id='line_1_15' title="bbox 81 1702 1146 1794; baseline 0.004 -25"><span class='ocrx_word' id='word_1_99' title='bbox 81 1704 241 1769; x_wconf 87' lang='lat' dir='ltr'><strong>nondum</strong></span> <span class='ocrx_word' id='word_1_100' title='bbox 257 1702 416 1790; x_wconf 81' lang='lat' dir='ltr'><strong>evulgatas</strong></span> <span class='ocrx_word' id='word_1_101' title='bbox 431 1703 478 1767; x_wconf 92' lang='lat' dir='ltr'><strong>illi</strong></span> <span class='ocrx_word' id='word_1_102' title='bbox 492 1704 766 1780; x_wconf 84' lang='lat' dir='ltr'><strong>subministrasset,</strong></span> <span class='ocrx_word' id='word_1_103' title='bbox 779 1727 833 1769; x_wconf 89' lang='lat' dir='ltr'><strong>eos</strong></span> <span class='ocrx_word' id='word_1_104' title='bbox 846 1706 942 1769; x_wconf 90' lang='lat' dir='ltr'><strong>etiam</strong></span> <span class='ocrx_word' id='word_1_105' title='bbox 958 1706 1052 1785; x_wconf 88' lang='lat' dir='ltr'><strong>locos,</strong></span> <span class='ocrx_word' id='word_1_106' title='bbox 1065 1732 1146 1794; x_wconf 89' lang='lat' dir='ltr'><strong>quoa</strong></span> 
     </span>
     <span class='ocr_line' id='line_1_16' title="bbox 85 1804 1146 1897; baseline 0.005 -24"><span class='ocrx_word' id='word_1_107' title='bbox 85 1806 216 1873; x_wconf 76' lang='lat' dir='ltr'><strong>codicis</strong></span> <span class='ocrx_word' id='word_1_108' title='bbox 244 1804 503 1871; x_wconf 76' lang='lat' dir='ltr'><strong>vindobonensis</strong></span> <span class='ocrx_word' id='word_1_109' title='bbox 536 1806 722 1871; x_wconf 83' lang='lat' dir='ltr'><strong>auctoritate</strong></span> <span class='ocrx_word' id='word_1_110' title='bbox 753 1807 929 1886; x_wconf 78' lang='lat' dir='ltr'><strong>emendavi,</strong></span> <span class='ocrx_word' id='word_1_111' title='bbox 960 1810 1146 1897; x_wconf 86' lang='lat' dir='ltr'><strong>integriores</strong></span> 
     </span>
     <span class='ocr_line' id='line_1_17' title="bbox 86 1906 1148 1997; baseline 0.005 -23"><span class='ocrx_word' id='word_1_112' title='bbox 86 1908 252 1974; x_wconf 80' lang='lat' dir='ltr'><strong>exhibuit.</strong></span> <span class='ocrx_word' id='word_1_113' title='bbox 300 1906 365 1972; x_wconf 87' lang='lat' dir='ltr'><strong>Sed</strong></span> <span class='ocrx_word' id='word_1_114' title='bbox 389 1926 488 1995; x_wconf 89' lang='lat' dir='ltr'><strong>quum</strong></span> <span class='ocrx_word' id='word_1_115' title='bbox 512 1908 599 1973; x_wconf 88' lang='lat' dir='ltr'><strong>idem</strong></span> <span class='ocrx_word' id='word_1_116' title='bbox 622 1910 742 1997; x_wconf 89' lang='lat' dir='ltr'><strong>pariter</strong></span> <span class='ocrx_word' id='word_1_117' title='bbox 765 1933 801 1975; x_wconf 90' lang='lat' dir='ltr'><strong>ac</strong></span> <span class='ocrx_word' id='word_1_118' title='bbox 823 1910 973 1990; x_wconf 83' lang='lat' dir='ltr'><strong>Tafelins,</strong></span> <span class='ocrx_word' id='word_1_119' title='bbox 992 1936 1033 1977; x_wconf 87' lang='lat' dir='ltr'><strong>ex</strong></span> <span class='ocrx_word' id='word_1_120' title='bbox 1057 1916 1148 1979; x_wconf 88' lang='lat' dir='ltr'><strong>cuius</strong></span> 
     </span>
     <span class='ocr_line' id='line_1_18' title="bbox 88 2010 1147 2097; baseline 0.003 -21"><span class='ocrx_word' id='word_1_121' title='bbox 88 2010 238 2076; x_wconf 86' lang='lat' dir='ltr'><strong>editione</strong></span> <span class='ocrx_word' id='word_1_122' title='bbox 268 2020 402 2087; x_wconf 87' lang='lat' dir='ltr'><strong>textum,</strong></span> <span class='ocrx_word' id='word_1_123' title='bbox 433 2010 516 2075; x_wconf 87' lang='lat' dir='ltr'><strong>vitiis</strong></span> <span class='ocrx_word' id='word_1_124' title='bbox 545 2032 711 2097; x_wconf 89' lang='lat' dir='ltr'><strong>operarum</strong></span> <span class='ocrx_word' id='word_1_125' title='bbox 748 2034 814 2075; x_wconf 90' lang='lat' dir='ltr'><strong>non</strong></span> <span class='ocrx_word' id='word_1_126' title='bbox 851 2013 969 2097; x_wconf 89' lang='lat' dir='ltr'><strong>ubique</strong></span> <span class='ocrx_word' id='word_1_127' title='bbox 1006 2015 1147 2093; x_wconf 86' lang='lat' dir='ltr'><strong>sublatis,</strong></span> 
     </span>
     <span class='ocr_line' id='line_1_19' title="bbox 90 2113 1147 2201; baseline 0.005 -21"><span class='ocrx_word' id='word_1_128' title='bbox 90 2114 234 2181; x_wconf 82' lang='lat' dir='ltr'><strong>describi</strong></span> <span class='ocrx_word' id='word_1_129' title='bbox 257 2114 356 2191; x_wconf 85' lang='lat' dir='ltr'><strong>iussit,</strong></span> <span class='ocrx_word' id='word_1_130' title='bbox 373 2114 488 2201; x_wconf 88' lang='lat' dir='ltr'><strong>quibus</strong></span> <span class='ocrx_word' id='word_1_131' title='bbox 508 2114 541 2177; x_wconf 93' lang='lat' dir='ltr'><strong>in</strong></span> <span class='ocrx_word' id='word_1_132' title='bbox 563 2114 640 2178; x_wconf 88' lang='lat' dir='ltr'><strong>locis</strong></span> <span class='ocrx_word' id='word_1_133' title='bbox 654 2136 674 2178; x_wconf 85' lang='lat' dir='ltr'><strong>a</strong></span> <span class='ocrx_word' id='word_1_134' title='bbox 688 2113 943 2179; x_wconf 84' lang='lat' dir='ltr'><strong>Drakenborchii</strong></span> <span class='ocrx_word' id='word_1_135' title='bbox 963 2120 1147 2186; x_wconf 89' lang='lat' dir='ltr'><strong>recensione</strong></span> 
     </span>
     <span class='ocr_line' id='line_1_20' title="bbox 91 2214 1148 2310; baseline 0.004 -29"><span class='ocrx_word' id='word_1_136' title='bbox 91 2217 164 2282; x_wconf 84' lang='lat' dir='ltr'><strong>sive</strong></span> <span class='ocrx_word' id='word_1_137' title='bbox 187 2238 314 2281; x_wconf 89' lang='lat' dir='ltr'><strong>mecum</strong></span> <span class='ocrx_word' id='word_1_138' title='bbox 338 2214 403 2279; x_wconf 87' lang='lat' dir='ltr'><strong>sive</strong></span> <span class='ocrx_word' id='word_1_139' title='bbox 423 2237 495 2279; x_wconf 91' lang='lat' dir='ltr'><strong>cum</strong></span> <span class='ocrx_word' id='word_1_140' title='bbox 520 2214 590 2279; x_wconf 89' lang='lat' dir='ltr'><strong>aliis</strong></span> <span class='ocrx_word' id='word_1_141' title='bbox 608 2215 809 2293; x_wconf 87' lang='lat' dir='ltr'><strong>discessisset,</strong></span> <span class='ocrx_word' id='word_1_142' title='bbox 829 2238 896 2281; x_wconf 89' lang='lat' dir='ltr'><strong>non</strong></span> <span class='ocrx_word' id='word_1_143' title='bbox 917 2234 1062 2286; x_wconf 89' lang='lat' dir='ltr'><strong>accurate</strong></span> <span class='ocrx_word' id='word_1_144' title='bbox 1084 2222 1148 2310; x_wconf 91' lang='lat' dir='ltr'><strong>sig-</strong></span> 
     </span>
     <span class='ocr_line' id='line_1_21' title="bbox 94 2318 1146 2409; baseline 0.005 -26"><span class='ocrx_word' id='word_1_145' title='bbox 94 2318 285 2396; x_wconf 87' lang='lat' dir='ltr'><strong>nificaverit,</strong></span> <span class='ocrx_word' id='word_1_146' title='bbox 314 2329 410 2405; x_wconf 80' lang='lat' dir='ltr'><strong>atque</strong></span> <span class='ocrx_word' id='word_1_147' title='bbox 439 2329 610 2404; x_wconf 88' lang='lat' dir='ltr'><strong>praeterea,</strong></span> <span class='ocrx_word' id='word_1_148' title='bbox 642 2340 742 2405; x_wconf 89' lang='lat' dir='ltr'><strong>quum</strong></span> <span class='ocrx_word' id='word_1_149' title='bbox 775 2318 906 2405; x_wconf 90' lang='lat' dir='ltr'><strong>ingenii,</strong></span> <span class='ocrx_word' id='word_1_150' title='bbox 937 2343 1001 2407; x_wconf 90' lang='lat' dir='ltr'><strong>quo</strong></span> <span class='ocrx_word' id='word_1_151' title='bbox 1038 2322 1146 2409; x_wconf 89' lang='lat' dir='ltr'><strong>pollet,</strong></span> 
     </span>
     <span class='ocr_line' id='line_1_22' title="bbox 95 2419 1147 2508; baseline 0.004 -22"><span class='ocrx_word' id='word_1_152' title='bbox 95 2421 246 2486; x_wconf 84' lang='lat' dir='ltr'><strong>acumine</strong></span> <span class='ocrx_word' id='word_1_153' title='bbox 261 2420 295 2484; x_wconf 92' lang='lat' dir='ltr'><strong>in</strong></span> <span class='ocrx_word' id='word_1_154' title='bbox 310 2419 370 2484; x_wconf 91' lang='lat' dir='ltr'><strong>hoc</strong></span> <span class='ocrx_word' id='word_1_155' title='bbox 389 2419 493 2484; x_wconf 87' lang='lat' dir='ltr'><strong>labore</strong></span> <span class='ocrx_word' id='word_1_156' title='bbox 508 2419 708 2485; x_wconf 86' lang='lat' dir='ltr'><strong>festinantius</strong></span> <span class='ocrx_word' id='word_1_157' title='bbox 727 2422 893 2508; x_wconf 82' lang='lat' dir='ltr'><strong>profligato</strong></span> <span class='ocrx_word' id='word_1_158' title='bbox 913 2424 960 2486; x_wconf 90' lang='lat' dir='ltr'><strong>uti</strong></span> <span class='ocrx_word' id='word_1_159' title='bbox 981 2424 1089 2503; x_wconf 90' lang='lat' dir='ltr'><strong>nollet,</strong></span> <span class='ocrx_word' id='word_1_160' title='bbox 1106 2449 1147 2490; x_wconf 90' lang='lat' dir='ltr'><strong>ne</strong></span> 
     </span>
     <span class='ocr_line' id='line_1_23' title="bbox 95 2520 1149 2610; baseline 0.005 -23"><span class='ocrx_word' id='word_1_161' title='bbox 95 2544 201 2588; x_wconf 90' lang='lat' dir='ltr'><strong>unum</strong></span> <span class='ocrx_word' id='word_1_162' title='bbox 230 2520 370 2607; x_wconf 89' lang='lat' dir='ltr'><strong>quidem,</strong></span> <span class='ocrx_word' id='word_1_163' title='bbox 397 2534 552 2607; x_wconf 80' lang='lat' dir='ltr'><strong>quantum</strong></span> <span class='ocrx_word' id='word_1_164' title='bbox 582 2521 723 2598; x_wconf 88' lang='lat' dir='ltr'><strong>memini,</strong></span> <span class='ocrx_word' id='word_1_165' title='bbox 755 2521 840 2586; x_wconf 86' lang='lat' dir='ltr'><strong>Livii</strong></span> <span class='ocrx_word' id='word_1_166' title='bbox 865 2522 971 2588; x_wconf 90' lang='lat' dir='ltr'><strong>locum</strong></span> <span class='ocrx_word' id='word_1_167' title='bbox 997 2525 1149 2610; x_wconf 86' lang='lat' dir='ltr'><strong>palmaria</strong></span> 
     </span>
     <span class='ocr_line' id='line_1_24' title="bbox 96 2625 1147 2714; baseline 0.005 -23"><span class='ocrx_word' id='word_1_168' title='bbox 96 2627 283 2692; x_wconf 82' lang='lat' dir='ltr'><strong>coniectura</strong></span> <span class='ocrx_word' id='word_1_169' title='bbox 301 2625 514 2712; x_wconf 78' lang='lat' dir='ltr'><strong>personaverit</strong></span> <span class='ocrx_word' id='word_1_170' title='bbox 534 2637 567 2688; x_wconf 87' lang='lat' dir='ltr'><strong>ct</strong></span> <span class='ocrx_word' id='word_1_171' title='bbox 586 2625 620 2688; x_wconf 92' lang='lat' dir='ltr'><strong>in</strong></span> <span class='ocrx_word' id='word_1_172' title='bbox 634 2625 736 2688; x_wconf 85' lang='lat' dir='ltr'><strong>varias</strong></span> <span class='ocrx_word' id='word_1_173' title='bbox 750 2625 863 2689; x_wconf 88' lang='lat' dir='ltr'><strong>erroris</strong></span> <span class='ocrx_word' id='word_1_174' title='bbox 880 2647 917 2690; x_wconf 90' lang='lat' dir='ltr'><strong>ac</strong></span> <span class='ocrx_word' id='word_1_175' title='bbox 935 2627 1147 2714; x_wconf 85' lang='lat' dir='ltr'><strong>negligentiae</strong></span> 
     </span>
     <span class='ocr_line' id='line_1_25' title="bbox 95 2725 1148 2814; baseline 0.006 -23"><span class='ocrx_word' id='word_1_176' title='bbox 95 2726 362 2814; x_wconf 84' lang='lat' dir='ltr'><strong>reprehensiones</strong></span> <span class='ocrx_word' id='word_1_177' title='bbox 390 2725 596 2803; x_wconf 83' lang='lat' dir='ltr'><strong>incurrerit¹³,</strong></span> <span class='ocrx_word' id='word_1_178' title='bbox 627 2725 668 2790; x_wconf 91' lang='lat' dir='ltr'><strong>de</strong></span> <span class='ocrx_word' id='word_1_179' title='bbox 698 2725 783 2791; x_wconf 88' lang='lat' dir='ltr'><strong>Livii</strong></span> <span class='ocrx_word' id='word_1_180' title='bbox 812 2725 1006 2793; x_wconf 86' lang='lat' dir='ltr'><strong>editionibus</strong></span> <span class='ocrx_word' id='word_1_181' title='bbox 1034 2730 1148 2797; x_wconf 86' lang='lat' dir='ltr'><strong>horum</strong></span> 
     </span>
     <span class='ocr_line' id='line_1_26' title="bbox 97 2826 1149 2914; baseline 0.007 -20"><span class='ocrx_word' id='word_1_182' title='bbox 97 2829 340 2894; x_wconf 86' lang='lat' dir='ltr'><strong>duumvirorum</strong></span> <span class='ocrx_word' id='word_1_183' title='bbox 355 2850 452 2914; x_wconf 89' lang='lat' dir='ltr'><strong>opera</strong></span> <span class='ocrx_word' id='word_1_184' title='bbox 465 2827 582 2914; x_wconf 84' lang='lat' dir='ltr'><strong>paratis</strong></span> <span class='ocrx_word' id='word_1_185' title='bbox 596 2826 658 2894; x_wconf 86' lang='lat' dir='ltr'><strong>alio</strong></span> <span class='ocrx_word' id='word_1_186' title='bbox 673 2838 817 2914; x_wconf 88' lang='lat' dir='ltr'><strong>tempore</strong></span> <span class='ocrx_word' id='word_1_187' title='bbox 835 2850 872 2892; x_wconf 88' lang='lat' dir='ltr'><strong>ac</strong></span> <span class='ocrx_word' id='word_1_188' title='bbox 886 2828 956 2894; x_wconf 93' lang='lat' dir='ltr'><strong>loco</strong></span> <span class='ocrx_word' id='word_1_189' title='bbox 971 2831 1039 2898; x_wconf 89' lang='lat' dir='ltr'><strong>sine</strong></span> <span class='ocrx_word' id='word_1_190' title='bbox 1054 2832 1102 2897; x_wconf 89' lang='lat' dir='ltr'><strong>ira</strong></span> <span class='ocrx_word' id='word_1_191' title='bbox 1116 2847 1149 2901; x_wconf 89' lang='lat' dir='ltr'><strong>et</strong></span> 
     </span>
     <span class='ocr_line' id='line_1_27' title="bbox 97 2931 558 3016; baseline -0.009 -18"><span class='ocrx_word' id='word_1_192' title='bbox 97 2931 206 2998; x_wconf 88' lang='lat' dir='ltr'><strong>studio</strong></span> <span class='ocrx_word' id='word_1_193' title='bbox 220 2931 377 3016; x_wconf 90' lang='lat' dir='ltr'><strong>copiosius</strong></span> <span class='ocrx_word' id='word_1_194' title='bbox 392 2952 558 3016; x_wconf 85' lang='lat' dir='ltr'><strong>exponam.</strong></span> 
     </span>
    </p>

    <p class='ocr_par' dir='ltr' id='par_1_3' title="bbox 96 3032 1247 3624">
     <span class='ocr_line' id='line_1_28' title="bbox 141 3032 1149 3120; baseline 0.009 -23"><span class='ocrx_word' id='word_1_195' title='bbox 141 3032 277 3097; x_wconf 85' lang='lat' dir='ltr'><strong>Praeter</strong></span> <span class='ocrx_word' id='word_1_196' title='bbox 299 3055 353 3098; x_wconf 86' lang='lat' dir='ltr'><strong>eos</strong></span> <span class='ocrx_word' id='word_1_197' title='bbox 376 3045 491 3110; x_wconf 88' lang='lat' dir='ltr'><strong>autem,</strong></span> <span class='ocrx_word' id='word_1_198' title='bbox 515 3032 571 3120; x_wconf 90' lang='lat' dir='ltr'><strong>qui</strong></span> <span class='ocrx_word' id='word_1_199' title='bbox 594 3055 703 3098; x_wconf 90' lang='lat' dir='ltr'><strong>omnes</strong></span> <span class='ocrx_word' id='word_1_200' title='bbox 727 3035 858 3100; x_wconf 90' lang='lat' dir='ltr'><strong>omnino</strong></span> <span class='ocrx_word' id='word_1_201' title='bbox 883 3036 968 3103; x_wconf 91' lang='lat' dir='ltr'><strong>Livii</strong></span> <span class='ocrx_word' id='word_1_202' title='bbox 990 3038 1086 3105; x_wconf 84' lang='lat' dir='ltr'><strong>libros</strong></span> <span class='ocrx_word' id='word_1_203' title='bbox 1107 3063 1149 3106; x_wconf 85' lang='lat' dir='ltr'><strong>ex</strong></span> 
     </span>
     <span class='ocr_line' id='line_1_29' title="bbox 97 3135 1148 3224; baseline 0.006 -23"><span class='ocrx_word' id='word_1_204' title='bbox 97 3157 197 3224; x_wconf 90' lang='lat' dir='ltr'><strong>opere</strong></span> <span class='ocrx_word' id='word_1_205' title='bbox 221 3135 345 3222; x_wconf 89' lang='lat' dir='ltr'><strong>ingenti</strong></span> <span class='ocrx_word' id='word_1_206' title='bbox 367 3135 506 3221; x_wconf 87' lang='lat' dir='ltr'><strong>reliquos</strong></span> <span class='ocrx_word' id='word_1_207' title='bbox 529 3135 699 3202; x_wconf 90' lang='lat' dir='ltr'><strong>ediderunt</strong></span> <span class='ocrx_word' id='word_1_208' title='bbox 723 3149 819 3221; x_wconf 88' lang='lat' dir='ltr'><strong>atque</strong></span> <span class='ocrx_word' id='word_1_209' title='bbox 843 3137 1040 3224; x_wconf 88' lang='lat' dir='ltr'><strong>interpretati</strong></span> <span class='ocrx_word' id='word_1_210' title='bbox 1063 3157 1148 3220; x_wconf 89' lang='lat' dir='ltr'><strong>sunt,</strong></span> 
     </span>
     <span class='ocr_line' id='line_1_30' title="bbox 97 3235 1247 3325; baseline -0.001 -25"><span class='ocrx_word' id='word_1_211' title='bbox 97 3250 171 3325; x_wconf 88' lang='lat' dir='ltr'><strong>post</strong></span> <span class='ocrx_word' id='word_1_212' title='bbox 202 3235 500 3302; x_wconf 83' lang='lat' dir='ltr'><strong>Drakenborehium</strong></span> <span class='ocrx_word' id='word_1_213' title='bbox 532 3237 682 3325; x_wconf 91' lang='lat' dir='ltr'><strong>permulti</strong></span> <span class='ocrx_word' id='word_1_214' title='bbox 713 3237 911 3314; x_wconf 83' lang='lat' dir='ltr'><strong>exstiterunt,</strong></span> <span class='ocrx_word' id='word_1_215' title='bbox 942 3240 998 3325; x_wconf 91' lang='lat' dir='ltr'><strong>qui</strong></span> <span class='ocrx_word' id='word_1_216' title='bbox 1026 3240 1077 3306; x_wconf 85' lang='lat' dir='ltr'><strong>vel</strong></span> <span class='ocrx_word' id='word_1_217' title='bbox 1107 3241 1148 3307; x_wconf 86' lang='lat' dir='ltr'><strong>de</strong></span> <span class='ocrx_word' id='word_1_218' title='bbox 1244 3292 1247 3299; x_wconf 93' lang='grc'><em>,</em></span> 
     </span>
     <span class='ocr_line' id='line_1_31' title="bbox 98 3339 1149 3426; baseline 0.003 -20"><span class='ocrx_word' id='word_1_219' title='bbox 98 3340 187 3407; x_wconf 86' lang='lat' dir='ltr'><strong>Livii</strong></span> <span class='ocrx_word' id='word_1_220' title='bbox 209 3340 348 3426; x_wconf 89' lang='lat' dir='ltr'><strong>ingenio,</strong></span> <span class='ocrx_word' id='word_1_221' title='bbox 365 3339 405 3404; x_wconf 90' lang='lat' dir='ltr'><strong>de</strong></span> <span class='ocrx_word' id='word_1_222' title='bbox 427 3339 529 3404; x_wconf 89' lang='lat' dir='ltr'><strong>lactea</strong></span> <span class='ocrx_word' id='word_1_223' title='bbox 546 3341 614 3405; x_wconf 90' lang='lat' dir='ltr'><strong>eius</strong></span> <span class='ocrx_word' id='word_1_224' title='bbox 635 3340 780 3405; x_wconf 88' lang='lat' dir='ltr'><strong>ubertate</strong></span> <span class='ocrx_word' id='word_1_225' title='bbox 803 3339 979 3426; x_wconf 86' lang='lat' dir='ltr'><strong>ceterisque</strong></span> <span class='ocrx_word' id='word_1_226' title='bbox 999 3343 1149 3409; x_wconf 88' lang='lat' dir='ltr'><strong>orationis</strong></span> 
     </span>
     <span class='ocr_line' id='line_1_32' title="bbox 96 3440 1150 3531; baseline 0.004 -25"><span class='ocrx_word' id='word_1_227' title='bbox 96 3441 271 3506; x_wconf 83' lang='lat' dir='ltr'><strong>virtutibus</strong></span> <span class='ocrx_word' id='word_1_228' title='bbox 303 3453 336 3506; x_wconf 91' lang='lat' dir='ltr'><strong>et</strong></span> <span class='ocrx_word' id='word_1_229' title='bbox 366 3441 429 3506; x_wconf 87' lang='lat' dir='ltr'><strong>fide</strong></span> <span class='ocrx_word' id='word_1_230' title='bbox 460 3441 610 3506; x_wconf 92' lang='lat' dir='ltr'><strong>historica</strong></span> <span class='ocrx_word' id='word_1_231' title='bbox 640 3453 725 3506; x_wconf 88' lang='lat' dir='ltr'><strong>recte</strong></span> <span class='ocrx_word' id='word_1_232' title='bbox 759 3440 963 3518; x_wconf 86' lang='lat' dir='ltr'><strong>aestimanda,</strong></span> <span class='ocrx_word' id='word_1_233' title='bbox 994 3442 1029 3507; x_wconf 93' lang='lat' dir='ltr'><strong>id</strong></span> <span class='ocrx_word' id='word_1_234' title='bbox 1061 3444 1150 3531; x_wconf 88' lang='lat' dir='ltr'><strong>quod</strong></span> 
     </span>
     <span class='ocr_line' id='line_1_33' title="bbox 98 3541 1149 3624; baseline 0.002 -16"><span class='ocrx_word' id='word_1_235' title='bbox 98 3542 332 3623; x_wconf 86' lang='lat' dir='ltr'><strong>Ioecherum¹⁴,</strong></span> <span class='ocrx_word' id='word_1_236' title='bbox 362 3543 524 3621; x_wconf 81' lang='lat' dir='ltr'><strong>Mirum¹³,</strong></span> <span class='ocrx_word' id='word_1_237' title='bbox 560 3541 801 3619; x_wconf 81' lang='lat' dir='ltr'><strong>Schwsbium¹⁶,</strong></span> <span class='ocrx_word' id='word_1_238' title='bbox 832 3541 1149 3624; x_wconf 85' lang='lat' dir='ltr'><strong>Eschenbachium¹⁷,</strong></span> 
     </span>
    </p>
   </div>
   <div class='ocr_carea' id='block_1_3' title="bbox 102 3725 1151 4375">
    <p class='ocr_par' dir='ltr' id='par_1_4' title="bbox 102 3725 1151 4098">
     <span class='ocr_line' id='line_1_34' title="bbox 135 3725 1150 3792; baseline 0.004 -16"><span class='ocrx_word' id='word_1_239' title='bbox 135 3741 166 3788; x_wconf 82' lang='lat'><strong>13</strong></span> <span class='ocrx_word' id='word_1_240' title='bbox 184 3725 245 3776; x_wconf 87' lang='lat' dir='ltr'><strong>Uno</strong></span> <span class='ocrx_word' id='word_1_241' title='bbox 266 3741 333 3776; x_wconf 88' lang='lat' dir='ltr'><strong>nunc</strong></span> <span class='ocrx_word' id='word_1_242' title='bbox 352 3727 469 3790; x_wconf 78' lang='lat' dir='ltr'><strong>defungar</strong></span> <span class='ocrx_word' id='word_1_243' title='bbox 488 3727 612 3790; x_wconf 87' lang='lat' dir='ltr'><strong>exemplo,</strong></span> <span class='ocrx_word' id='word_1_244' title='bbox 644 3728 767 3777; x_wconf 72' lang='lat' dir='ltr'><strong>&lt;lebetes</strong></span> <span class='ocrx_word' id='word_1_245' title='bbox 778 3727 841 3776; x_wconf 85' lang='lat' dir='ltr'><strong>Livii</strong></span> <span class='ocrx_word' id='word_1_246' title='bbox 853 3729 971 3778; x_wconf 86' lang='lat' dir='ltr'><strong>ubertate.</strong></span> <span class='ocrx_word' id='word_1_247' title='bbox 1003 3728 1067 3779; x_wconf 84' lang='lat' dir='ltr'><strong>ibid</strong></span> <span class='ocrx_word' id='word_1_248' title='bbox 1081 3729 1150 3792; x_wconf 78' lang='lat'>1⁷4⁶·</span> 
     </span>
     <span class='ocr_line' id='line_1_35' title="bbox 102 3789 1151 3856; baseline 0.004 -18"><span class='ocrx_word' id='word_1_249' title='bbox 102 3789 426 3852; x_wconf 80' lang='lat' dir='ltr'><strong>quodinComm.deloeis</strong></span> <span class='ocrx_word' id='word_1_250' title='bbox 437 3790 513 3840; x_wconf 79' lang='lat' dir='ltr'><strong>Gellii</strong></span> <span class='ocrx_word' id='word_1_251' title='bbox 526 3791 611 3840; x_wconf 72' lang='lat' dir='ltr'><strong>Nocti.</strong></span> <span class='ocrx_word' id='word_1_252' title='bbox 679 3801 706 3851; x_wconf 85' lang='lat'><strong>15</strong></span> <span class='ocrx_word' id='word_1_253' title='bbox 725 3792 756 3840; x_wconf 78' lang='lat' dir='ltr'><strong>A.</strong></span> <span class='ocrx_word' id='word_1_254' title='bbox 779 3791 811 3841; x_wconf 84' lang='lat' dir='ltr'><strong>G.</strong></span> <span class='ocrx_word' id='word_1_255' title='bbox 834 3790 903 3850; x_wconf 85' lang='lat' dir='ltr'><strong>Miri,</strong></span> <span class='ocrx_word' id='word_1_256' title='bbox 933 3790 1019 3841; x_wconf 84' lang='lat' dir='ltr'><strong>Livius</strong></span> <span class='ocrx_word' id='word_1_257' title='bbox 1045 3794 1151 3856; x_wconf 76' lang='lat' dir='ltr'><strong>Augusti</strong></span> 
     </span>
     <span class='ocr_line' id='line_1_36' title="bbox 105 3851 1151 3915; baseline 0.007 -15"><span class='ocrx_word' id='word_1_258' title='bbox 105 3853 158 3901; x_wconf 80' lang='lat' dir='ltr'><strong>Att.</strong></span> <span class='ocrx_word' id='word_1_259' title='bbox 178 3852 234 3901; x_wconf 90' lang='lat' dir='ltr'><strong>Lib.</strong></span> <span class='ocrx_word' id='word_1_260' title='bbox 251 3851 300 3902; x_wconf 83' lang='lat' dir='ltr'><strong>vt.</strong></span> <span class='ocrx_word' id='word_1_261' title='bbox 320 3853 382 3915; x_wconf 88' lang='lat' dir='ltr'><strong>Cap.</strong></span> <span class='ocrx_word' id='word_1_262' title='bbox 404 3867 423 3902; x_wconf 89' lang='lat'><strong>1.</strong></span> <span class='ocrx_word' id='word_1_263' title='bbox 444 3859 470 3902; x_wconf 89' lang='lat' dir='ltr'><strong>et</strong></span> <span class='ocrx_word' id='word_1_264' title='bbox 489 3853 611 3902; x_wconf 87' lang='lat' dir='ltr'><strong>Lactantii</strong></span> <span class='ocrx_word' id='word_1_265' title='bbox 644 3854 756 3904; x_wconf 86' lang='lat' dir='ltr'><strong>Caesaris</strong></span> <span class='ocrx_word' id='word_1_266' title='bbox 766 3856 878 3903; x_wconf 85' lang='lat' dir='ltr'><strong>adulator</strong></span> <span class='ocrx_word' id='word_1_267' title='bbox 890 3853 1029 3904; x_wconf 85' lang='lat' dir='ltr'><strong>inbistoria</strong></span> <span class='ocrx_word' id='word_1_268' title='bbox 1039 3858 1070 3905; x_wconf 86' lang='lat' dir='ltr'><strong>tle</strong></span> <span class='ocrx_word' id='word_1_269' title='bbox 1081 3857 1151 3907; x_wconf 73' lang='lat' dir='ltr'><strong>Comi</strong></span> 
     </span>
     <span class='ocr_line' id='line_1_37' title="bbox 104 3915 1149 4029; baseline 0.004 -63"><span class='ocrx_word' id='word_1_270' title='bbox 104 3915 127 3966; x_wconf 75' lang='lat' dir='ltr'>E</span> <span class='ocrx_word' id='word_1_271' title='bbox 145 3915 174 3964; x_wconf 92' lang='lat' dir='ltr'><strong>it.</strong></span> <span class='ocrx_word' id='word_1_272' title='bbox 195 3915 258 3964; x_wconf 87' lang='lat' dir='ltr'><strong>Inst.</strong></span> <span class='ocrx_word' id='word_1_273' title='bbox 278 3915 337 3965; x_wconf 83' lang='lat' dir='ltr'><strong>Div.</strong></span> <span class='ocrx_word' id='word_1_274' title='bbox 357 3931 410 3990; x_wconf 73' lang='lat' dir='ltr'><strong>sap.</strong></span> <span class='ocrx_word' id='word_1_275' title='bbox 432 3931 469 3980; x_wconf 81' lang='lat'><strong>²9·</strong></span> <span class='ocrx_word' id='word_1_276' title='bbox 492 3916 611 3975; x_wconf 81' lang='lat' dir='ltr'><strong>Miserae,</strong></span> <span class='ocrx_word' id='word_1_277' title='bbox 643 3916 1038 4029; x_wconf 67' lang='lat' dir='ltr'><strong>spoliisopimiscautelagendns.</strong></span> <span class='ocrx_word' id='word_1_278' title='bbox 1060 3920 1149 3971; x_wconf 86' lang='lat' dir='ltr'><strong>Helm-</strong></span> 
     </span>
     <span class='ocr_line' id='line_1_38' title="bbox 104 3980 1149 4098; baseline 0.008 -8"><span class='ocrx_word' id='word_1_279' title='bbox 104 3989 410 4090; x_wconf 43' lang='grc' dir='ltr'><strong>ἔιιῖιῖἱιιξίὶ’9’ΜΡΝἰ</strong></span> <span class='ocrx_word' id='word_1_280' title='bbox 427 3980 528 4042; x_wconf 56' lang='lat' dir='ltr'>p⁰⁵th⁸⁰</span> <span class='ocrx_word' id='word_1_281' title='bbox 540 3981 612 4044; x_wconf 48' lang='grc' dir='ltr'><strong>ΡΜ</strong></span> <span class='ocrx_word' id='word_1_282' title='bbox 643 3980 745 4092; x_wconf 54' lang='lat' dir='ltr'><strong>mliii</strong></span> <span class='ocrx_word' id='word_1_283' title='bbox 765 3993 787 4092; x_wconf 72' lang='lat' dir='ltr'><strong>li</strong></span> <span class='ocrx_word' id='word_1_284' title='bbox 814 4043 934 4093; x_wconf 70' lang='lat' dir='ltr'><strong>annm</strong></span> <span class='ocrx_word' id='word_1_285' title='bbox 951 4044 1082 4095; x_wconf 69' lang='lat' dir='ltr'><strong>vindicas</strong></span> <span class='ocrx_word' id='word_1_286' title='bbox 1100 4063 1149 4098; x_wconf 66' lang='lat' dir='ltr'><strong>os</strong></span> 
     </span>
    </p>

    <p class='ocr_par' dir='ltr' id='par_1_5' title="bbox 106 4077 1150 4294">
     <span class='ocr_line' id='line_1_39' title="bbox 141 4080 1150 4173; baseline 0.008 -20"><span class='ocrx_word' id='word_1_287' title='bbox 141 4119 170 4164; x_wconf 77' lang='lat'><strong>¹4</strong></span> <span class='ocrx_word' id='word_1_288' title='bbox 187 4105 246 4154; x_wconf 87' lang='lat' dir='ltr'><strong>Chr.</strong></span> <span class='ocrx_word' id='word_1_289' title='bbox 259 4104 292 4154; x_wconf 84' lang='lat' dir='ltr'><strong>G.</strong></span> <span class='ocrx_word' id='word_1_290' title='bbox 304 4104 415 4154; x_wconf 84' lang='lat' dir='ltr'><strong>Ioecheri</strong></span> <span class='ocrx_word' id='word_1_291' title='bbox 429 4104 501 4168; x_wconf 88' lang='lat' dir='ltr'><strong>Disp.</strong></span> <span class='ocrx_word' id='word_1_292' title='bbox 516 4107 547 4155; x_wconf 89' lang='lat' dir='ltr'><strong>de</strong></span> <span class='ocrx_word' id='word_1_293' title='bbox 562 4121 610 4154; x_wconf 86' lang='lat' dir='ltr'><strong>sus·</strong></span> <span class='ocrx_word' id='word_1_294' title='bbox 643 4080 755 4155; x_wconf 78' lang='lat' dir='ltr'><strong>dulitatis</strong></span> <span class='ocrx_word' id='word_1_295' title='bbox 774 4106 847 4165; x_wconf 84' lang='lat' dir='ltr'><strong>Livii,</strong></span> <span class='ocrx_word' id='word_1_296' title='bbox 864 4108 934 4156; x_wconf 89' lang='lat' dir='ltr'><strong>cuius</strong></span> <span class='ocrx_word' id='word_1_297' title='bbox 950 4109 982 4157; x_wconf 90' lang='lat' dir='ltr'><strong>ob</strong></span> <span class='ocrx_word' id='word_1_298' title='bbox 999 4109 1096 4173; x_wconf 86' lang='lat' dir='ltr'><strong>saepius</strong></span> <span class='ocrx_word' id='word_1_299' title='bbox 1114 4128 1150 4162; x_wconf 86' lang='lat' dir='ltr'><strong>rc·</strong></span> 
     </span>
     <span class='ocr_line' id='line_1_40' title="bbox 106 4167 1149 4232; baseline 0.01 -16"><span class='ocrx_word' id='word_1_300' title='bbox 106 4167 611 4231; x_wconf 79' lang='lat' dir='ltr'><strong>pectaIiviifideLipa1743.quaeedi·</strong></span> <span class='ocrx_word' id='word_1_301' title='bbox 645 4169 737 4218; x_wconf 78' lang='lat' dir='ltr'><strong>censita</strong></span> <span class='ocrx_word' id='word_1_302' title='bbox 760 4170 870 4232; x_wconf 83' lang='lat' dir='ltr'><strong>prodigia</strong></span> <span class='ocrx_word' id='word_1_303' title='bbox 893 4170 1054 4224; x_wconf 87' lang='lat' dir='ltr'><strong>insimulatur.</strong></span> <span class='ocrx_word' id='word_1_304' title='bbox 1088 4173 1149 4225; x_wconf 83' lang='lat' dir='ltr'><strong>Got-</strong></span> 
     </span>
     <span class='ocr_line' id='line_1_41' title="bbox 106 4231 785 4294; baseline 0.003 -15"><span class='ocrx_word' id='word_1_305' title='bbox 106 4231 180 4280; x_wconf 85' lang='lat' dir='ltr'><strong>tionis</strong></span> <span class='ocrx_word' id='word_1_306' title='bbox 198 4231 446 4282; x_wconf 78' lang='lat' dir='ltr'><strong>Drakenborchianae</strong></span> <span class='ocrx_word' id='word_1_307' title='bbox 462 4232 534 4282; x_wconf 82' lang='lat' dir='ltr'><strong>Tom.</strong></span> <span class='ocrx_word' id='word_1_308' title='bbox 547 4231 611 4282; x_wconf 90' lang='lat' dir='ltr'><strong>v11.</strong></span> <span class='ocrx_word' id='word_1_309' title='bbox 644 4232 785 4294; x_wconf 77' lang='lat' dir='ltr'><strong>ting.1773.</strong></span> 
     </span>
    </p>

    <p class='ocr_par' dir='ltr' id='par_1_6' title="bbox 105 4293 1151 4375">
     <span class='ocr_line' id='line_1_42' title="bbox 105 4293 1151 4375; baseline 0.01 -34"><span class='ocrx_word' id='word_1_310' title='bbox 105 4311 131 4359; x_wconf 89' lang='lat' dir='ltr'><strong>p.</strong></span> <span class='ocrx_word' id='word_1_311' title='bbox 145 4307 199 4355; x_wconf 78' lang='lat'><strong>²30.</strong></span> <span class='ocrx_word' id='word_1_312' title='bbox 210 4309 263 4356; x_wconf 86' lang='lat' dir='ltr'><strong>sqq.</strong></span> <span class='ocrx_word' id='word_1_313' title='bbox 275 4296 420 4347; x_wconf 85' lang='lat' dir='ltr'><strong>continetur.</strong></span> <span class='ocrx_word' id='word_1_314' title='bbox 442 4295 526 4346; x_wconf 83' lang='lat' dir='ltr'><strong>Eiusd.</strong></span> <span class='ocrx_word' id='word_1_315' title='bbox 539 4295 611 4358; x_wconf 84' lang='lat' dir='ltr'><strong>Disp.</strong></span> <span class='ocrx_word' id='word_1_316' title='bbox 679 4305 707 4356; x_wconf 85' lang='lat'><strong>17</strong></span> <span class='ocrx_word' id='word_1_317' title='bbox 725 4295 755 4348; x_wconf 90' lang='lat' dir='ltr'><strong>C.</strong></span> <span class='ocrx_word' id='word_1_318' title='bbox 773 4295 805 4346; x_wconf 78' lang='lat' dir='ltr'><strong>G.</strong></span> <span class='ocrx_word' id='word_1_319' title='bbox 821 4293 1001 4375; x_wconf 77' lang='lat' dir='ltr'><strong>Esehenbscbii</strong></span> <span class='ocrx_word' id='word_1_320' title='bbox 1019 4299 1084 4352; x_wconf 79' lang='lat' dir='ltr'><strong>Dias.</strong></span> <span class='ocrx_word' id='word_1_321' title='bbox 1101 4318 1151 4364; x_wconf 84' lang='lat' dir='ltr'><strong>qua</strong></span> 
     </span>
    </p>
   </div>
   <div class='ocr_carea' id='block_1_4' title="bbox 150 4376 979 4423">
    <p class='ocr_par' dir='ltr' id='par_1_7' title="bbox 150 4376 979 4423">
     <span class='ocr_line' id='line_1_43' title="bbox 150 4376 979 4423; baseline 0.004 -3"><span class='ocrx_word' id='word_1_322' title='bbox 150 4376 227 4421; x_wconf 70' lang='lat' dir='ltr'><strong>VOIu</strong></span> <span class='ocrx_word' id='word_1_323' title='bbox 244 4377 289 4422; x_wconf 81' lang='lat' dir='ltr'><strong>tv.</strong></span> <span class='ocrx_word' id='word_1_324' title='bbox 940 4381 979 4423; x_wconf 87' lang='grc' dir='ltr'><strong>ιι</strong></span> 
     </span>
    </p>
   </div>
   <div class='ocr_carea' id='block_1_5' title="bbox 0 0 1489 4800">
    <p class='ocr_par' dir='ltr' id='par_1_8' title="bbox 0 0 1489 4800">
     <span class='ocr_line' id='line_1_44' title="bbox 0 0 1489 4800; baseline 0 0"><span class='ocrx_word' id='word_1_325' title='bbox 0 0 1489 4800; x_wconf 95' lang='lat' dir='ltr'><strong> </strong></span> 
     </span>
    </p>
   </div>
  </div>
 </body>
</html>
