2934 4800
331 205 646 274 EDITIONUM
679 205 825 274 LIVIL
1036 213 1103 274 459

95 339 153 404 G
247 362 323 406 aeus
358 365 399 407 ex
436 355 562 408 vetusto
601 344 782 410 monasterii
819 342 1104 410 laurishaimenais

93 449 127 490 c
212 428 261 492 'ce
287 427 321 492 in
347 428 485 514 apricam
510 429 615 494 lucem
640 429 782 516 pmtulit
828 429 882 494 De
907 430 969 494 hoc
991 430 1101 496 codice

99 511 303 578 Erasmus
331 514 366 580 in
395 527 569 580 memorata
596 515 638 580 ad
667 516 863 581 Montioium
889 515 1101 594 Praefatione,

98 599 296 686 superius
316 599 377 666 hoc
393 613 479 665 tomo
500 601 533 664 in
551 600 618 689 Syll
693 602 849 666 variarum
865 601 1104 667 Praefationum

101 708 158 784 p.
191 690 274 751 270.
296 707 316 750 a
338 708 388 750 me
410 687 505 763 edita,
525 689 601 774 egit.
619 624 746 753 ollibto
767 686 890 764 ultimo,
905 688 972 752 sive
988 689 1100 755 XLV.

104 785 267 836 aterum
284 771 457 848 subiicitur,
473 771 568 838 libros
585 773 643 838 hos
663 773 767 838 editos
785 795 854 838 esse
878 773 1052 851 ‘Basileae,
1067 774 1103 838 in

111 865 126 894 ‘
146 857 300 922 officina
330 857 537 936 Fmbeniana,
571 881 629 946 per
660 859 895 960 Hieronymum
929 859 1021 924 Frobt
1054 859 1101 924 Io.

112 951 127 981 ⁶
149 942 382 1029 Hervagium,
398 957 431 1008 et
454 944 622 1010 Nicolaum
647 945 864 1032 Episcoprum‚
881 947 1104 1011 MDXXXI.’

111 1029 237 1093 Tum
264 1044 442 1116 sequnntur
467 1032 611 1094 omnium
636 1031 721 1095 Livii
747 1031 910 1108 librorum,
934 1045 968 1096 et
992 1055 1028 1096 su
1071 1055 1098 1096 r·

114 1115 272 1191 stitum,
297 1129 330 1180 et
353 1115 600 1216 deperditonrm,
627 1116 816 1204 Epitomae3
844 1131 954 1204 postea
975 1054 1102 1182 Indieces

116 1202 171 1264 in
208 1200 305 1266 libros
325 1201 429 1266 Livii:
456 1202 497 1266 ad
520 1224 657 1288 quorum
680 1203 799 1268 calcem
823 1203 994 1290 apponitur
1011 1202 1103 1268 Allo·

119 1287 238 1350 cutio
260 1287 301 1352 ad
324 1286 513 1364 Lectorem3
538 1311 611 1376 qua,
635 1301 791 1375 quantum
814 1288 930 1352 iniuria
951 1302 1016 1352 tem
1060 1289 1103 1354 ria

119 1395 182 1436 ex
221 1395 332 1438 recena
360 1374 454 1438 editis
479 1375 622 1461 quinque
652 1375 878 1524 fosterioribus
904 1374 989 1438 Livii
1027 1375 1102 1440 ibris

124 1458 355 1544 deperditum
381 1459 427 1537 fit,
452 1475 597 1524 accurata
620 1460 653 1524 di
668 1461 786 1548 igentia
809 1459 980 1524 docemur:
1004 1483 1103 1547 quam

126 1545 409 1630 descriptionem,
437 1546 470 1609 in
501 1546 559 1610 hac
585 1546 652 1611 sola
677 1547 818 1612 editione
847 1547 982 1623 obviam,
1009 1560 1042 1610 et
1067 1548 1103 1610 in

129 1630 366 1695 Lambeciana
386 1631 505 1698 codicis
524 1632 808 1697 Laurishsimensis
829 1633 953 1709 notitia,
970 1655 1012 1696 ex
1034 1632 1103 1697 eius

129 1715 352 1782 Bibliotheca
360 1716 603 1783 Vindobonensi
617 1718 678 1783 hoc
690 1731 778 1783 tomo
791 1741 822 1806 p.
832 1724 909 1783 441.
922 1720 1012 1804 [tom.
1024 1717 1100 1782 VIL

130 1802 200 1867 ed.
217 1801 317 1867 Drak.
332 1826 363 1890 p.
380 1809 443 1868 223
458 1804 471 1888 ]
487 1827 605 1881 recusa,
622 1805 778 1881 omissam,
796 1803 1009 1906 supplementi
1028 1804 1099 1869 loco

132 1888 255 1952 eidem
266 1889 426 1954 subiunxi.
465 1889 611 1955 Tandem
628 1890 740 1956 ultimo
754 1891 823 1955 loco
837 1914 873 1956 tn
883 1889 1024 1955 editione
1039 1890 1100 1954 hac

135 1973 326 2039 Basileensi
351 1975 496 2062 sequitur
520 1976 671 2042 Glareani
697 1975 914 2063 chronologia
933 1978 968 2039 in
991 1999 1101 2041 omnes

136 2059 236 2124 Livii
258 2060 403 2138 decadas,
433 2063 473 2126 ab
498 2063 575 2127 urbe
606 2061 737 2126 condita
761 2063 795 2125 in
826 2076 953 2126 sextum
977 2061 1100 2126 Tiberii

138 2145 298 2211 Caesaris
319 2169 449 2224 annum,
478 2147 620 2235 praefixo
644 2147 759 2212 iterum
788 2169 872 2212 novo
900 2146 1014 2221 titulo;
1048 2148 1102 2212 cui

138 2231 272 2310 itidem,
291 2247 328 2298 ut
347 2246 380 2298 et
404 2235 472 2298 eius
492 2233 580 2310 calci,
601 2233 738 2312 additur,
756 2232 1003 2321 chronologiam
1019 2234 1102 2299 hanc

138 2317 269 2382 editam
289 2341 356 2384 esse
380 2319 543 2386 ‘Basileae
570 2343 611 2384 ex
637 2319 762 2386 officina
783 2319 990 2397 Frobeniana,
1017 2343 1102 2384 anno

143 2414 154 2442 ‘
170 2406 222 2470 M.
231 2407 416 2472 D.XXXl.
432 2428 541 2472 mense
558 2407 697 2473 Martio!

53 2496 150 2593 ⁵3²2
168 2490 317 2557 Veneriis
339 2493 424 2579 apud
447 2492 568 2558 Lucam
586 2494 766 2559 Antonium
786 2491 925 2568 Iuntsm‚
946 2493 980 2555 in
1001 2491 1104 2555 forma

81 2600 226 2643 matore.

195 2664 340 2729 Innotuit
364 2665 443 2729 mihi
467 2666 544 2732 haec
568 2666 667 2731 editio
691 2688 731 2729 ex
755 2662 822 2729 solo
847 2662 1020 2739 Maittaire,
1045 2663 1102 2748 qui

143 2774 221 2815 eam
242 2752 402 2816 recensuit
423 2752 458 2815 in
475 2752 592 2817 Annal.
610 2751 641 2815 Τ
705 2773 752 2837 gr.
772 2763 849 2814 tom.
867 2749 912 2814 ΙΙ.
928 2772 959 2835 p.
978 2751 1050 2816 771.
1068 2762 1103 2812 et

147 2836 212 2901 hoc
239 2836 334 2902 modo
357 2837 541 2937 descripsit:
575 2837 636 2901 ‘T.
687 2837 788 2911 ivios3
820 2847 1020 2900 accesserunt
1044 2834 1101 2898 de·

148 2924 260 2989 ‘cadis
271 2922 311 2987 V.
329 2922 400 2987 libri
415 2946 568 3073 Ἡιιῐηυς,
584 2945 759 3009 nunquam,
776 2922 911 2987 antehac
926 2920 1015 2998 editi,
1026 2943 1101 2985 cum

149 3009 317 3076 ‘Chronol
453 3032 551 3075 ennct
580 3008 741 3086 Glareani,
772 3009 805 3071 in
835 3008 967 3072 aedibus
992 3007 1101 3071 Lucae

150 3097 309 3161 ‘Antonii
319 3032 448 3160 ofiintae
473 3094 659 3160 Florentini.
686 3094 985 3159 Moxxx11.’in
1008 3093 1102 3157 initio

149 3182 288 3259 additur,
324 3182 461 3247 ‘Mense
488 3180 694 3255 Februar103'
719 3180 754 3243 in
780 3179 844 3242 fine
878 3177 951 3242 ‘die
977 3177 1103 3242 decima

153 3268 335 3335 ‘Ianuarii‘

54 3358 150 3420 1532.
175 3356 304 3419 Parisiis
323 3355 409 3441 apud
432 3353 596 3419 Simonem
614 3351 805 3417 Colinaeum
820 3349 1007 3437 prodierunt
1026 3370 1103 3413 con-

95 3440 205 3506 ciones
222 3440 306 3505 Livii
321 3462 394 3505 cum
414 3441 499 3504 notis
514 3438 668 3505 Ioachimi
683 3436 834 3513 Perionii,
850 3435 886 3499 in
898 3434 1001 3516 forma
1013 3449 1103 3499 octu-

119 3526 190 3593 lice.

96 3548 119 3611 p
198 3612 292 3678 Hanc
314 3612 487 3679 editionem
510 3623 726 3677 memorarunt
748 3606 870 3684 Crenii,
887 3606 1006 3684 Hulsii,
1026 3604 1104 3670 alio-

154 3722 287 3787 rumque
307 3698 451 3785 catalogi.
498 3697 582 3763 Vide
604 3697 700 3763 etiam
721 3694 884 3760 Maittaire
900 3691 1019 3757 Annal.
1036 3691 1105 3779 Ty·

233 3836 240 3850 .
266 3799 343 3851 tom.
365 3784 407 3849 V.
430 3798 511 3872 part.
537 3782 582 3849 II.
607 3807 640 3870 p.
666 3788 718 3847 23.
766 3781 882 3845 Postea
906 3778 981 3844 alibi
1006 3778 1103 3842 etiam

154 3808 232 3937 ffi
246 3872 346 3937 editio
361 3872 496 3958 repetita
509 3882 567 3935 est.

67 3960 154 4025 1535.
178 3958 319 4023 Basileae
334 3980 375 4023 ex
391 3958 516 4021 officina
530 3955 738 4031 Frobeniana,
755 3952 905 4017 informa
918 3950 1048 4015 maiore.

198 4044 252 4108 Ad
268 4045 365 4110 linem
380 4044 476 4108 huius
495 4042 645 4109 editionis
665 4040 719 4104 illa
738 4038 888 4125 temporis
905 4049 982 4102 nota
995 4034 1105 4100 addita

156 4143 220 4196 est:
246 4129 411 4195 ‘Basileac
437 4130 470 4193 in
495 4128 621 4193 officina
640 4126 838 4191 Fmbeniana
860 4145 917 4209 per
941 4122 1104 4209 Hierony·

158 4226 262 4281 ‘mum
288 4217 480 4283 Frobenium
508 4228 541 4280 et
566 4213 734 4279 Nicolaum
761 4210 968 4297 Episcopium
994 4230 1104 4273 mense

161 4303 350 4369 ‘Decembri
384 4326 433 4368 an.
470 4297 773 4368 M.D.XXXllll.'
801 4296 858 4361 sed
891 4295 1002 4361 titulus
1034 4294 1105 4359 libri
