2934 4800
355 186 450 252 LIB.
478 187 605 253 XLIIL
635 187 745 254 CAP.
773 193 836 258 12..
1044 194 1102 268 lll
1133 230 1139 235 -

117 345 177 390 cos
198 321 304 390 Italici
322 325 457 411 generis,
473 338 506 389 et
524 347 639 410 magna
657 329 807 410 exparte
826 324 1030 390 tumultuario
1048 323 1105 388 de·
1116 337 1149 388 U.
1161 340 1191 389 c.
1209 341 1263 400 58⁴¹·

46 425 146 474 ectu
162 412 361 511 conscriptos
375 411 420 475 ibi
434 410 549 474 milites
567 411 698 474 amissos
716 411 901 477 referebant
949 409 1106 475 Consules
1115 403 1146 453 Δ·
1161 405 1191 454 ⁰·
1209 415 1263 466 ¹7⁰·

31 497 231 584 designati,
247 498 303 562 ubr
316 497 455 584 primum
468 497 685 583 magistratum
698 497 840 574 inissent,
855 497 896 562 de
915 496 1107 563 Macedonia

31 584 176 648 referre
192 583 237 648 ad
253 597 399 648 senatum
412 583 505 648 iussi:
528 583 767 671 destinataeque
786 583 965 670 provinciae
980 585 1018 648 iis
1032 595 1106 648 sunt

34 669 154 734 Italia
167 684 204 734 et
218 669 420 735 Macedonia.

98 756 181 820 Hoc
203 779 289 821 anno
307 755 526 822 intercalatum
546 769 611 821 est:
635 757 729 822 tertio
749 757 802 822 die
823 771 894 844 post
913 755 1107 822 Terminalia
1116 773 1150 826 U.
1162 774 1191 822 ο.
1209 773 1264 836 ⁵83·

37 842 234 908 Kalendae
248 842 447 908 intercalares
459 843 556 909 fuere
603 843 789 908 Sacerdotes
802 844 886 908 intra
899 865 973 908 eum
987 839 1146 906 aunuml·
1163 839 1222 888 ΟΛ
1258 873 1265 887 ·

36 930 192 1007 mortui,
214 929 253 994 L.
266 929 463 994 Flamininus
485 930 502 964 ¹*
522 930 539 964 *
561 931 727 1017 pontifices
748 929 812 994 duo
834 929 1045 1006 decesserunt,
1066 928 1104 992 L.

38 1017 179 1081 Furius
199 1015 314 1080 Philus
332 1030 366 1081 et
384 1015 423 1080 C.
436 1016 547 1089 Livius
568 1016 732 1082 Salinator.
779 1016 943 1082 inlocum
964 1015 1050 1080 Furii
1065 1015 1104 1080 T.

41 1102 227 1168 Manlium
242 1102 451 1188 Torquatum,
466 1103 501 1166 in
520 1102 604 1168 Livii
625 1103 672 1168 M.
687 1103 856 1168 Servilium
876 1102 1041 1190 pontifices
1061 1101 1106 1178 le·

95 1201 188 1254 runt.
697 1222 703 1231 ·

39 1213 218 1342 gePrinci
241 1275 273 1339 io
293 1275 361 1340 inse
386 1276 488 1342 uentis
502 1277 577 1342 anni
592 1299 692 1363 quum
712 1275 856 1342 consules
874 1277 949 1340 novi
965 1275 1006 1350 Q
1020 1273 1108 1338 Mar·
1166 1282 1215 1340 12.

42 1365 128 1426 cius
147 1375 184 1427 ct
235 1384 267 1425 n.
282 1300 431 1426 Servilius
451 1362 491 1427 dc
511 1363 680 1449 provinciis
699 1362 888 1439 retulissent,
907 1363 1009 1448 primo
1030 1383 1108 1447 quo-
1118 1365 1151 1420 Q.
1160 1363 1255 1412 Marcio

44 1473 124 1537 que
141 1462 289 1534 tempore
303 1461 358 1512 aut
366 1471 546 1537 comparare
558 1471 613 1513 eos
626 1449 711 1512 inter
724 1472 758 1512 se
770 1449 895 1512 Italiam
909 1461 943 1511 et
957 1446 1109 1511 Macedo-
1118 1425 1266 1541 {lpcsssffi
1304 1498 1307 1504 .

45 1538 160 1612 niam,
174 1547 232 1599 aut
245 1535 348 1599 sortiri
362 1534 497 1622 placuit:
520 1535 704 1622 priusquam
719 1535 754 1599 id
768 1557 835 1600 sors
848 1547 999 1610 cerneret,
1011 1533 1046 1596 in
1060 1533 1110 1595 in·
1119 1507 1254 1604 arietilli

47 1637 203 1698 certum,
216 1644 259 1685 ne
273 1621 353 1707 quid
371 1623 472 1709 gratia
491 1621 644 1687 momenti
658 1621 784 1698 faceret,
800 1621 834 1684 in
852 1633 1018 1706 utramque
1036 1641 1111 1706 pro·

48 1709 215 1785 vinciam,
239 1708 326 1794 quod
350 1731 399 1773 res
424 1708 616 1773 desideraret
639 1707 863 1796 supplementi,
888 1707 1024 1771 decerni
1069 1704 1111 1770 In

50 1793 294 1860 Macedoniam
317 1794 460 1881 peditum
490 1795 708 1860 Romanorum
734 1816 790 1859 sex
819 1793 928 1870 millia,
953 1793 1109 1858 sociorum

49 1880 208 1947 nominis
236 1881 344 1946 Latini
372 1904 429 1946 sex
457 1881 575 1947 millia:
612 1882 737 1969 equites
766 1881 928 1946 Romanos
956 1872 1110 1946 ducentos

51 1966 310 2057 quinqmginta,
335 1968 436 2032 socios
464 1981 630 2034 trecentos.
676 1967 809 2033 Veteres
838 1966 953 2031 milites
981 1965 1109 2042 dimitti,

52 2059 112 2121 ita
127 2067 167 2118 ut
180 2053 215 2117 in
228 2052 367 2141 singulas
381 2054 541 2119 Romanas
555 2054 695 2142 legiones
708 2078 750 2120 ne
768 2054 839 2142 plus
854 2076 929 2118 sena
943 2052 1041 2118 millia
1054 2075 1110 2140 pe·

53 2143 184 2216 ditum,
200 2141 320 2206 treceni
333 2142 456 2228 equites
470 2155 582 2206 essem.
628 2141 732 2205 Alteri
745 2140 867 2206 consuli
887 2140 992 2206 nullus
1006 2153 1111 2204 certus

54 2228 180 2293 finitus
197 2248 348 2292 numerus
366 2228 483 2292 civium
501 2228 729 2304 Romanorum,
744 2251 840 2314 quem
855 2228 889 2291 in
909 2227 1111 2314 supplemen-

56 2330 137 2380 tum
151 2312 281 2401 legeret
327 2312 367 2378 Id
381 2315 477 2379 modo
490 2314 626 2392 finitum,
643 2326 678 2378 ut
698 2314 777 2379 duas
798 2313 938 2401 legiones
952 2314 1110 2389 scriberet,

57 2424 150 2490 quae
175 2402 275 2487 quina
298 2401 398 2466 millia
420 2402 564 2489 peditum
588 2416 622 2466 et
644 2401 783 2467 ducenos
804 2402 967 2478 habereut,
990 2399 1112 2488 equites

58 2498 245 2555 uecenos‘
269 2487 455 2554 Latinomm
476 2488 585 2565 maior,
606 2511 701 2575 quam
720 2488 870 2575 collegae,
888 2487 1034 2551 decretus
1053 2508 1112 2549 uu·
1150 2551 1154 2569 Ι

58 2597 195 2641 merus:
218 2573 364 2661 peditum
376 2574 488 2640 decem
506 2574 605 2639 millia
624 2588 657 2639 et
671 2576 813 2639 sexcenti
830 2574 962 2660 equites.
1011 2572 1112 2648 Quat-

60 2675 144 2727 tuor
165 2674 331 2748 praeterea
354 2661 494 2749 legiones
520 2661 613 2725 scribi
639 2661 750 2738 iussae,
775 2682 866 2747 quae,
890 2660 917 2723 si
943 2682 1007 2746 quo
1033 2680 1113 2746 opus

33 2762 163 2827 qesset,
179 2748 397 2813 educerentur.
442 2747 602 2812 Tribunos
621 2746 680 2825 his,
694 2770 761 2811 non
772 2746 972 2847 permissum,
988 2758 1024 2810 ut
1037 2768 1113 2810 con·

60 2834 154 2900 sules
182 2833 338 2899 facerent:
372 2833 509 2922 populus
536 2834 662 2928 crearit
708 2833 809 2899 Sociis
838 2834 976 2898 nominis
1005 2832 1113 2897 Latini

99 3061 117 3109 8
136 3061 219 3110 Tertio
229 3061 268 3110 die
275 3066 330 3123 poet
342 3054 503 3120 remuriam]
522 3062 577 3110 Te*
609 3076 675 3109 nunc
691 3061 808 3121 redditur,
825 3067 853 3111 ut
869 3063 971 3137 plenum
990 3060 1021 3111 sit
1039 3060 1113 3111 annui

63 3124 270 3183 mimidaiestns
279 3124 378 3173 dieedei
387 3123 505 3183 Termini,
515 3125 577 3173 cele-
609 3124 673 3172 orbis
693 3126 850 3187 spatiumst
871 3125 1034 3189 interponitur
1051 3126 1114 3173 inter

64 3192 205 3240 brabantur
222 3188 326 3250 septimo
341 3188 400 3237 Kal.
413 3189 524 3238 Martias.
545 3189 576 3237 et.
609 3188 936 3249 TerminaliaetKalendas
946 3190 1113 3240 intercalares.

65 3269 139 3317 supr.
156 3252 173 3301 i.
192 3264 231 3313 35.
270 3254 397 3302 Kalendae
413 3254 578 3302 laterculum
610 3252 678 3309 Quia
687 3259 770 3303 autem
780 3254 807 3303 id
818 3269 867 3303 non
874 3270 970 3317 semper
979 3254 1114 3311 accidebat,

66 3322 132 3369 sunt
153 3316 283 3365 Kalendae
304 3316 394 3364 mensis
415 3316 578 3376 intercalaris,
609 3316 659 3365 imo
674 3316 715 3367 bic
731 3324 827 3380 praeter
842 3318 941 3366 solitum
954 3314 1114 3365 intercalandi

67 3384 104 3433 ct
119 3396 149 3429 su
179 3379 273 3444 .i.19.
305 3382 421 3431 Ceterum
438 3380 480 3429 hic
496 3380 579 3442 aliqua
609 3396 701 3429 morem
717 3382 801 3441 fiebat,
816 3381 872 3430 ideo
890 3387 989 3429 notatm
1003 3396 1019 3429 a
1036 3378 1115 3429 Livio.

67 3452 111 3497 est
124 3444 149 3493 di
176 3445 260 3495 cultas.
292 3444 393 3494 Etenim
408 3445 578 3495 intercalatum
609 3445 691 3494 Cnnv.
830 3467 832 3479 ·

68 3524 232 3572 mesempar
241 3508 357 3571 postridie
367 3507 518 3558 Terminalia
528 3509 577 3557 col·
642 3510 789 3572 9Tribarwe
799 3511 849 3570 aa]
864 3509 954 3559 &nnn
965 3513 1016 3557 est:
1033 3506 1116 3557 inhas

69 3574 115 3638 ligi
126 3574 263 3622 videturex
275 3573 392 3623 Varrone.
404 3573 577 3635 delinglret.
610 3575 725 3635 quattuor
746 3572 852 3635 legiones
872 3588 922 3621 non
942 3586 958 3619 a
976 3570 1115 3621 consuhbus

70 3641 104 3689 vi.
114 3644 210 3699 aeteri
219 3638 329 3686 Macrob.
338 3637 506 3699 Satumira.
528 3637 578 3686 lta·
611 3634 711 3695 tribuni,
738 3636 780 3684 sed
807 3652 823 3685 a
849 3636 942 3699 populo
968 3635 1020 3683 dati
1051 3642 1114 3686 sint.

71 3720 123 3766 que
130 3704 273 3751 Puteaneus
279 3701 411 3762 existimat,
417 3702 479 3750 libro
487 3702 519 3749 de
525 3701 578 3749 Bis·
611 3700 712 3761 Nempe
721 3698 792 3748 initio
802 3700 861 3749 belli
870 3699 1033 3760 Macedonici,
1043 3701 1114 3750 tertio

71 3766 579 3829 sexto,c.2.legendumbicenepeatridie
610 3770 669 3813 ante
688 3764 755 3813 hunc
778 3779 851 3823 anno,
871 3763 1013 3825 permissum
1035 3764 1115 3813 linerat

74 3832 234 3881 Tema'nalia,
266 3829 578 3879 Sedsihicstatusetsol·
611 3828 750 3878 consulibus
759 3828 965 3890 praetoribusque,
972 3834 1115 3878 uteoenno

73 3895 156 3944 lenuis
170 3893 218 3942 ruit
231 3892 282 3943 dies
293 3894 415 3943 Kalendis
426 3893 578 3942 intercalari·
610 3894 720 3941 tribunos
741 3891 847 3940 militum
866 3892 981 3943 iacerent.
1002 3894 1033 3941 cf.
1049 3908 1132 3955 supr„

70 3960 128 4017 bus,
146 3958 183 4007 ita
200 3958 316 4007 utnulla
336 3972 445 4019 unquam
463 3973 493 4006 ea
508 3956 535 4005 in
553 3972 579 4005 re
605 3956 662 4006 alii.
674 3970 713 4018 31·
748 3955 778 4004 ld
795 3961 820 4005 et
833 3957 927 4005 dnobus
941 3957 1011 4005 annis
1021 3955 1065 4018 qui
1080 3971 1115 4005 se·

74 4024 179 4072 vadatae
198 4021 280 4081 inerit,
298 4021 358 4084 quid
378 4022 498 4070 attinebat
519 4021 544 4069 id
563 4037 579 4069 a
611 4021 661 4069 cuti
677 4025 743 4080 nint,
753 4018 848 4069 videtur
862 4036 915 4069 esee
928 4027 1059 4073 servatum,
1069 4020 1115 4068 nisi

75 4087 147 4137 Livio
162 4086 261 4135 notari?
277 4086 420 4135 Dodrrellus
430 4085 533 4134 Dissert.
548 4086 579 4134 de
610 4086 676 4147 quod
685 4085 712 4133 in
722 4083 790 4133 hisce
801 4090 915 4147 quattuor
930 4082 1073 4146 legionibus,
1084 4085 1116 4133 da

75 4151 161 4214 cyclis
175 4150 249 4200 Rom.
262 4166 287 4199 x.
298 4151 313 4209 5
326 4164 363 4215 ¹9·
374 4155 458 4211 etseq.
475 4148 580 4211 suspica·
613 4150 700 4211 quibus
711 4150 785 4198 modo
795 4156 878 4199 mum
886 4154 932 4207 eet,
942 4148 981 4195 ius
990 4162 1062 4196 snum
1073 4162 1115 4210 pe

76 4222 125 4274 tur,
135 4222 267 4276 praeeunte
281 4215 435 4277 aliquetenus
446 4213 580 4274 Macrobio‚
612 4214 687 4275 pulus
696 4228 812 4275 usurpare
823 4213 908 4271 voluit,
916 4216 942 4260 et
953 4212 1062 4259 tribunos
1071 4210 1116 4258 mi-

77 4280 142 4327 diem
157 4294 235 4327 uuum
250 4294 266 4327 a
283 4277 441 4341 pontificibus
456 4278 581 4339 perhanc
613 4277 684 4325 litum
692 4275 904 4338 suffragiiscrenre.
916 4276 997 4325 Csnv.
1014 4274 1115 4333 cisupr.

78 4357 168 4391 annum
195 4348 338 4403 exemptum
364 4342 446 4401 striae,
467 4340 509 4402 qui
529 4341 581 4389 dies
613 4340 654 4390 rii.
666 4352 688 4401 5.
705 4340 738 4390 ix.
751 4354 788 4403 59.
