2934 4800
224 690 560 768 FRANCISCO
600 697 918 772 GOELLERO
1010 722 1013 729 ’

492 951 524 1017 S.
548 952 586 1018 P.
609 952 652 1018 D.

57 1199 298 1275 OANNES
337 1204 678 1282 THEOPHILUS
717 1210 1076 1285 KREYSSIGIUS.

482 1498 681 1533 —4—

55 1716 387 1815 JERGRATAE
410 1718 491 1785 mihi
512 1720 643 1787 fuerunt
665 1720 775 1797 literae
798 1722 898 1803 Tuae,
918 1722 978 1789 Vir
997 1724 1095 1790 Prae·

54 1821 74 1880 t
136 1804 345 1883 stantiseime,
360 1830 439 1893 quas
459 1807 576 1872 abhinc
598 1808 764 1873 biennium
785 1820 818 1873 et
858 1810 922 1875 uod
942 1812 1092 1889 excurrit,

54 1888 200 1956 ›luntati
221 1914 311 1956 meae
332 1893 536 1980 obsequutus,
555 1893 596 1958 de
617 1893 701 1960 Livii
721 1833 1090 1984 codiceqitambergensi,

54 1998 73 2040 r
88 1978 240 2043 tenebris
253 1977 288 2041 in
302 1977 406 2043 lucem
420 1992 589 2066 protracto,
604 2004 678 2045 cum
693 1982 860 2058 variarum,
875 2006 953 2069 quas
967 1998 1092 2061 vocant,

53 2064 219 2129 mimium
246 2064 418 2151 specimine
448 2066 491 2129 ad
518 2088 571 2129 me
600 2066 722 2131 misisti.
769 2065 831 2131 His
860 2068 946 2133 enim
975 2070 1092 2133 iterum

53 2171 224 2237 erumque
238 2149 339 2228 lectis,
353 2150 424 2215 lieri
442 2173 509 2216 non
528 2153 644 2239 potuit,
659 2153 740 2239 quin
760 2175 950 2242 magnopere
971 2166 1004 2219 et
1023 2154 1091 2243 ipsc

53 2248 187 2313 retarer,
211 2249 245 2301 et
268 2235 361 2301 Livio
387 2259 459 2302 meo
541 2238 666 2315 tultum,
690 2261 725 2303 re
749 2238 850 2305 multo
873 2240 973 2326 magis
994 2263 1091 2327 quam

52 2322 146 2387 erbis
163 2322 363 2387 confutatum
383 2346 450 2388 esse
489 2347 517 2389 o.
531 2322 691 2402 Vossium,
730 2325 765 2389 ui
779 2324 855 2389 olim
870 2324 1093 2414 Lusiguanum

52 2409 204 2474 mmerito
223 2409 380 2488 cavillans,
399 2410 440 2475 de
461 2410 546 2475 Hist
563 2411 635 2477 Lat
651 2411 705 2477 lib.
765 2435 833 2504 cap.
852 2419 901 2478 19.
921 2413 1000 2478 haec
1021 2437 1094 2513 gar·

52 2495 165 2560 iebot:
202 2496 352 2582 ‘Atqui
375 2519 489 2584 nuper,
519 2511 672 2585 tanquam
699 2497 785 2562 Livii
809 2499 992 2584 genuinam,
1019 2499 1092 2564 libri

63 2582 237 2648 XXXIII.
262 2595 384 2683 partem
411 2583 563 2648 maiorem
588 2606 606 2648 e
628 2584 738 2660 veteri,
761 2597 798 2648 ut
822 2584 876 2662 ait,
899 2583 1094 2649 bibliotheca

87 2669 189 2732 rimus
212 2669 289 2733 iuna
336 2669 433 2734 ublici
459 2669 544 2746 fecit,
569 2693 631 2734 nae
660 2668 714 2734 ille
740 2669 850 2734 sucum
878 2669 954 2734 lecit
982 2669 1093 2734 auritis

52 2762 56 2791 ³
109 2754 190 2831 'dis3
212 2777 278 2820 non
302 2755 309 2769 '
337 2755 345 2770 ’
388 2755 504 2843 quibus
527 2755 661 2820 corculis
684 2778 752 2821 esse
772 2755 883 2821 dutum
905 2769 963 2834 est,
983 2757 1092 2844 etqui

52 2847 197 2917 ‘norunt
221 2840 398 2928 quidcem
422 2841 541 2929 lupinis
566 2841 707 2907 distent'
754 2842 865 2918 Quum
888 2865 964 2908 vero
989 2865 1093 2930 nuper

52 2925 148 2992 libelli
164 2927 227 2991 Tui
244 2927 400 3014 plagulae,
415 2951 436 2992 a
452 2928 541 3015 prelo
560 2942 714 3007 recentes,
729 2942 836 2994 essent
856 2928 979 2994 adlatae
1000 2929 1090 3079 cupi·

52 3013 193 3113 diusque,
207 3025 244 3077 ut
256 3014 294 3078 fit
308 3013 343 3079 in
357 3037 391 3079 re
406 3014 464 3078 diu
478 3027 670 3115 exspectata,
686 3037 705 3079 a
724 3037 776 3080 me
797 3015 1010 3104 perlustratae,
1049 3015 1091 3080 ici

52 3121 166 3251 tit?
160 3099 856 3252 tietffi‘tfill⁰ttt1l⁰l0tffill⁸lt
872 3101 1092 3274 reiffi‘

76 3284 179 3338 ravato
190 3273 360 3350 emendari,
375 3271 571 3339 conclamata
588 3273 758 3373 persenari,
774 3286 807 3338 et
826 3273 1092 3361 ingeniosissimos

56 3295 216 3438 lironorii,
230 3358 365 3437 Dukeri,
384 3358 543 3424 PerIzonii
562 3358 759 3446 chorumque
782 3359 989 3436 coniecturas,
1004 3357 1093 3423 velut

59 3445 130 3532 igne
141 3446 289 3533 probatas,
304 3445 446 3511 eiusdem
461 3445 648 3511 auctoritate
663 3445 853 3522 confirmari,
864 3445 947 3531 quis,
962 3465 1092 3531 quaeso,

61 3553 123 3596 non
141 3554 200 3596 una
216 3554 341 3597 mecum
360 3532 395 3596 in
414 3531 486 3596 sinu
507 3531 671 3619 gaudeat?
716 3529 872 3595 Certatim
888 3530 1018 3618 quidem
1034 3529 1093 3594 viri

63 3617 143 3683 ‹locti
162 3617 215 3684 luc
232 3629 340 3684 nostra
358 3630 461 3683 aetate
480 3618 515 3682 in
538 3641 578 3683 eo
600 3617 799 3718 potissimum
822 3617 1033 3694 elaborarunt,
1055 3629 1093 3680 ut

63 3704 210 3769 codicibus
230 3704 452 3792 manuscriptis
474 3703 654 3769 adcuranus
676 3702 877 3769 excutiendis
897 3702 949 3768 vel
971 3700 1094 3768 inedita

66 3789 95 3854 in
110 3789 236 3855 medium
253 3790 439 3878 proferrent,
454 3789 505 3855 vel
524 3789 611 3855 edita
629 3789 770 3856 numeris
789 3790 854 3855 suis
873 3788 1040 3877 explerent
1059 3799 1093 3853 et

67 3875 863 4051 ffltlssltttlllllilltl'mlllt
879 3872 1092 4040 llllffili,

281 4010 293 4041 5
759 4011 769 4042 ²

104 4190 319 4255 rluhuimopcris
328 4190 471 4254 specimine,
481 4191 555 4240 Bero-
586 4190 613 4240 in
631 4191 756 4256 mancipio
774 4196 820 4252 est,
837 4189 914 4254 magis
932 4190 1096 4253 praevaluit?

74 4255 112 4306 lini
130 4255 193 4316 edito,
209 4271 233 4318 p.
253 4269 275 4305 2.
292 4255 313 4315 θ.
331 4269 354 4319 5.
388 4253 557 4304 Goesclrenius
588 4255 656 4304 Num
668 4254 841 4319 compendium
849 4259 875 4318 ῥ.
886 4257 922 4304 lit.
934 4269 978 4318 pro
989 4269 1038 4316 quo
1049 4255 1095 4304 sor-

75 4320 177 4372 rerircime
190 4319 295 4382 cripuit:
313 4321 405 4369 “idem
422 4319 453 4369 de
464 4334 503 4379 eo,
513 4318 556 4382 qui
588 4319 651 4369 sitan
667 4320 727 4369 olim
742 4323 768 4384 ῥ.
785 4321 832 4368 lull
851 4318 962 4445 positzuu}
977 4323 1037 4380 erat,
1056 4320 1095 4369 vel
