2934 4800
459 175 554 288 nis.
578 206 670 272 xm.
702 207 815 273 one.
839 215 869 273 5.
1166 215 1185 275 o

133 343 275 410 docebat
296 345 401 423 etiam,
425 345 482 412 ‘Si
503 347 636 412 victores
662 345 746 423 Istri,
769 345 884 445 quibus
909 345 1004 410 arnus
1029 344 1187 434 cepissent
1196 363 1231 412 U.
1241 362 1272 413 c.
1288 373 1345 426 574·

136 439 272 508 ‘eastra
290 431 403 497 iisdem
421 447 514 519 capta
530 433 665 497 retinere
686 433 721 496 in
741 454 847 497 annuo
867 431 1030 510 haberent,
1048 432 1187 519 primum
1195 427 1226 476 A.
1243 429 1274 478 ὓ·
1292 427 1346 490 ¹⁷⁸·

137 525 294 582 ‘exutum
316 518 425 583 eastris
446 520 569 584 hostem
591 519 632 584 ad
655 541 740 583 mare
762 532 981 605 persecuturos
1002 519 1107 597 fuisse,
1130 519 1188 584 de·

137 604 237 668 ‘inde
259 605 408 670 stationes
427 619 511 671 certe
531 605 690 692 provallo
710 605 890 670 habituros:
914 606 990 670 vino
1010 628 1186 692 somnoque

139 690 329 755 ‘verisimile
344 715 412 757 esse
427 715 544 757 mersos
559 693 679 758 iacere'
726 692 792 756 Sub
806 692 886 757 baec
901 691 942 756 A.
957 692 1186 758 Baeculonium
1252 695 1284 754 4.

108 777 324 864 seigniferum
348 801 450 856 suum,
469 794 562 844 notae
581 779 774 844 fortitudinis
790 779 903 852 virum,
922 779 1038 844 inferre
1059 780 1186 930 signum

138 864 241 928 iussit.
285 864 355 942 Ille,
378 867 402 930 si
427 889 526 930 unum
549 889 581 932 se
604 881 821 952 sequerentur,
844 889 909 952 quo
930 865 1064 930 celerius
1108 880 1184 944 eret,

107 950 297 1018 9facturum
318 950 417 1018 dixit:
448 953 669 1040 muniensque,
692 975 791 1040 quum
814 968 900 1017 trans
921 953 1038 1017 vallum
1059 954 1184 1040 signum
1195 961 1308 1023 Reoupe

138 1038 324 1114 traiecisset,
339 1041 460 1126 primus
477 1040 619 1105 omnium
638 1055 761 1126 portam
776 1040 912 1105 intravit.
959 1038 1003 1104 Et
1021 1055 1110 1126 parte
1125 1032 1345 1106 aliam‘m

139 1123 182 1190 T.
196 1138 229 1189 et
250 1123 289 1189 C.
304 1125 399 1204 Aelii,
419 1127 538 1192 tribuni
557 1125 694 1190 militum
714 1127 823 1191 tertiae
841 1125 985 1226 legionis,
1003 1149 1076 1191 curu
1095 1127 1186 1212 equi-

140 1225 212 1276 tatu
241 1211 423 1278 adveniunt.
470 1212 657 1289 Confestim,
688 1225 721 1277 et
750 1235 830 1299 quos
858 1214 950 1277 brnos
979 1213 1123 1278 oneraria
1151 1213 1184 1277 in

138 1299 286 1363 iumenta
306 1299 529 1386 imposuerant,
552 1299 662 1377 secuti,
681 1312 713 1362 et
735 1298 846 1364 consul
865 1322 938 1363 curn
960 1312 1027 1364 toto
1049 1300 1185 1386 agmine.

138 1387 191 1450 At
221 1383 371 1454 latrorum
401 1386 504 1474 pauci,
534 1386 590 1472 qui
620 1385 743 1450 modice
773 1385 875 1449 vinosi
904 1398 1003 1463 erant,
1033 1407 1188 1450 memores

139 1471 267 1536 fuerant
277 1472 389 1558 fugue3
413 1473 480 1537 aliis
495 1495 606 1537 somno
621 1495 704 1537 mors
718 1471 903 1536 continuata
913 1486 977 1536 est:
1001 1473 1188 1558 integraque

141 1581 200 1622 sua
214 1559 321 1623 omnia
336 1559 483 1637 Romani,
502 1572 724 1646 praeterquam
739 1557 827 1644 quod
840 1558 906 1622 viui
921 1557 1048 1644 cibique
1063 1559 1189 1623 absum-

143 1658 234 1732 ptum
246 1659 324 1723 erat,
335 1660 530 1733 receperunt.
577 1645 678 1732 Aegri
690 1667 818 1732 quoque
829 1644 954 1722 milites,
966 1645 1069 1730 quiin
1079 1645 1189 1710 castris

141 1731 245 1796 relicti
259 1733 394 1810 fireraut,
410 1748 576 1820 postquam
591 1731 675 1796 intra
689 1730 806 1796 vallum
820 1753 893 1795 suos
907 1745 1082 1808 senserunt,
1094 1731 1189 1796 armis

140 1819 285 1906 arreptis,
301 1819 430 1884 caedem
446 1821 608 1904 ingentem
629 1817 781 1883 fecerunt.
826 1821 914 1883 Ante
932 1841 1042 1883 omnes
1056 1818 1189 1905 insignis

140 1928 241 1992 opere
253 1905 315 1970 firit
331 1906 370 1970 C.
383 1906 513 1993 Popillii
527 1905 650 1992 equitis.
699 1903 825 1969 Sabello
835 1927 1012 2004 cognomen
1024 1919 1098 1970 erat.
1145 1905 1187 1982 Is,

139 1991 227 2079 pede
241 1992 346 2057 saucio
364 1993 502 2070 relictus,
517 1993 611 2079 longe
630 1991 784 2080 plurimos
803 1991 941 2056 hostium
962 1992 1086 2058 occidit.
1136 1991 1189 2056 Ad

140 2091 218 2144 octo
235 2078 333 2143 millia
352 2078 504 2145 istrorum
522 2095 596 2144 sunt
615 2101 714 2156 caesa,
736 2094 846 2164 captus
865 2100 972 2156 nemo,
992 2079 1068 2165 quia
1089 2080 1136 2144 ira
1156 2091 1190 2144 et

139 2164 321 2251 indignatio
336 2166 535 2230 immemores
544 2166 678 2252 praedae
690 2166 773 2230 fecit.
820 2164 893 2229 Rex
907 2178 1013 2230 tamen
1025 2164 1188 2242 istrorum,

140 2251 337 2317 temulentus
352 2275 392 2316 ex
410 2252 566 2328 convivio,
582 2252 696 2339 raptirn
711 2276 730 2315 a
747 2251 811 2315 suis
826 2251 859 2314 in
880 2274 998 2339 equum
1014 2253 1188 2339 impositus,

138 2337 234 2425 fugit
280 2337 331 2403 Ex
353 2339 522 2406 victoribus
541 2338 670 2405 ducenti
689 2338 819 2425 triginta
837 2353 959 2427 septem
979 2338 1095 2404 milites
1116 2361 1188 2426 per-

139 2426 259 2503 ierunt,
270 2425 376 2513 plures
390 2428 425 2491 in
440 2427 594 2492 matutina
608 2426 692 2512 fuga,
731 2425 854 2489 namin
863 2426 1054 2514 recipiendis
1068 2426 1186 2491 castris.

118 2540 129 2574 r
188 2511 281 2577 Forte
297 2513 468 2591 itaevenit,
484 2527 521 2577 ut
536 2514 595 2579 Cn.
613 2528 646 2577 et
660 2512 698 2577 L.
745 2510 852 2589 avillii,
867 2512 984 2576 novelli
999 2513 1188 2600 Aquileicn·
1252 2512 1286 2573 ’5.

141 2623 203 2677 ses,
219 2623 292 2665 cum
307 2614 485 2665 commeatu
504 2599 678 2675 venientes,
695 2599 796 2685 ignari
811 2621 909 2686 prope
930 2598 965 2661 in
982 2614 1075 2685 capta
1088 2614 1189 2664 castra

142 2688 185 2752 ab
200 2685 288 2751 Istris
301 2686 488 2751 inciderent.
533 2685 571 2763 li,
588 2708 687 2772 quum
708 2684 901 2771 Aquileiam,
916 2683 1034 2750 relictis
1054 2686 1346 2837 impedi-Tertullo

143 2774 270 2850 mentis,
290 2772 487 2860 refugissent,
508 2773 615 2837 omnis
637 2785 753 2837 terrore
776 2794 813 2835 ac
831 2771 980 2850 tumultu,
1001 2796 1066 2838 non
1118 2774 1260 2860 qui-³¹⁸⁰·

118 2860 226 2924 eleiae
241 2859 346 2937 modo,
361 2860 417 2924 sed
438 2860 559 2923 Romae
575 2880 704 2945 quoque
719 2872 791 2945 post
851 2881 927 2924 ucos
945 2858 1023 2937 dies,
1038 2858 1190 2947 impleve-

142 2959 240 3011 runt:
263 2968 338 3033 quo,
353 2969 420 3010 non
434 2961 526 3033 capta
546 2958 669 3011 tantum
685 2960 787 3009 castra
858 2944 1010 3023 hostibus,
1025 2969 1085 3011 nee
1104 2946 1189 3033 fuga,

143 3055 228 3121 quae
249 3046 445 3109 venerant,
468 3032 524 3096 sed
588 3030 684 3095 rditas
706 3054 756 3095 res
781 3029 988 3117 deletumque
1014 3033 1190 3097 exercitum
1289 3074 1297 3081 -

117 3142 283 3197 somnem,
299 3117 428 3184 allatum
449 3131 505 3183 est.
569 3133 675 3204 taque,
695 3117 782 3203 quod
804 3118 838 3181 in
858 3117 999 3184 tumultu
1013 3119 1081 3184 fieri
1098 3118 1189 3198 solet,

177 3314 360 3375 SSipnit'mm
380 3314 465 3373 mum]
490 3312 606 3362 Dukerur
625 3328 650 3362 se
683 3313 757 3362 lerius
767 3314 862 3377 signum
873 3313 1010 3374 inferretur,
1020 3316 1133 3367 efficeret.

143 3394 194 3428 uon
211 3378 347 3439 intelligere
362 3376 406 3436 ait,
420 3392 463 3425 cur
478 3377 590 3425 tribunus
606 3378 650 3425 mi-
717 3392 728 3426 r
755 3380 852 3428 Novelli
873 3381 1055 3442 Aquileienses]
1086 3382 1124 3430 Ut
1149 3382 1191 3443 qui

143 3444 216 3491 litum
229 3441 406 3491 Baeculonium
423 3441 562 3503 signiferum
579 3458 651 3491 raum
683 3449 763 3491 essent
774 3458 788 3490 e
799 3442 892 3491 colonis
902 3450 960 3491 aute
970 3444 1102 3491 triennium
1114 3445 1190 3507 Aqui·
1222 3484 1228 3493 .

142 3506 316 3569 appellaverit,
334 3521 389 3553 cum
408 3506 433 3553 in
454 3520 599 3567 unaquaque
617 3506 650 3553 le·
683 3507 885 3566 leismdeductis,
894 3506 1191 3557 utIsc.Gronoviovide·

141 3570 217 3635 gione
231 3576 268 3618 tot
283 3575 362 3619 essent
378 3569 493 3633 signiferi,
507 3576 567 3631 quot
583 3568 651 3632 signa
682 3577 729 3619 tur.
745 3572 776 3619 cf.
789 3586 855 3633 supr.
871 3572 905 3618 xl.
923 3584 962 3631 34
995 3570 1112 3620 Ceterum
1129 3572 1189 3622 Nie-

142 3636 196 3683 sive
206 3634 372 3697 manipuli‚'et
382 3634 473 3681 tribuni
486 3634 592 3681 militum
604 3634 649 3681 toti
682 3634 769 3683 burhio
777 3650 862 3683 vocem
870 3634 959 3683 novelli
966 3649 1100 3697 cognomen
1106 3636 1191 3688 Gavil-

143 3698 234 3759 legioni
243 3705 389 3761 praeessent
412 3698 650 3756 Haudscio,anvox
683 3699 770 3747 liorurn
777 3698 935 3761 gentisfuisso
941 3700 1031 3760 placet.
1049 3700 1190 3753 etniebur.

142 3779 206 3813 anua
217 3763 263 3811 hoc
274 3764 328 3811 loeo
340 3762 478 3826 signiferum
496 3762 567 3810 illum
580 3764 652 3811 deno·
686 3763 710 3812 ii.
723 3778 747 3811 n.
761 3776 815 3825 595.
1203 3824 1208 3830 ι

143 3834 190 3885 tet,
210 3827 252 3889 qui
274 3828 384 3889 proxime
401 3826 525 3875 tribunum
545 3826 652 3875 militurn
719 3828 798 3877 aSed
809 3828 901 3877 Romae
913 3844 1007 3891 quoque
1023 3832 1192 3893 ...impleas-

143 3892 233 3939 stabat
684 3889 757 3953 runt]
775 3892 801 3939 N
803 3906 835 3939 on
843 3893 909 3954 quod
920 3892 1026 3941 Romam
1036 3894 1138 3955 profecti
1144 3896 1193 3944 sint

178 3957 345 4019 chctas-um
366 3956 441 4014 duit]
466 3958 651 4015 1ccturum,sc.
684 3955 710 4003 hi
728 3956 841 4015 Gavillii,
856 3957 899 4005 sed
915 3957 982 4017 quod
997 3972 1081 4005 rumor
1096 3959 1127 4005 ab
1143 3959 1193 4007 illis

144 4018 241 4081 signum
253 4020 278 4066 in
294 4026 372 4067 cestre
387 4018 502 4077 hostium,
514 4020 652 4068 Gronovius
684 4034 782 4081 speruus
793 4020 907 4082 Aquileia
918 4010 1102 4069 Romaminevi
1114 4024 1192 4084 perla-

144 4084 294 4141 emendavit,
305 4084 344 4132 cui
356 4084 493 4132 Crevierius
504 4090 529 4131 et
541 4084 652 4131 Draken-
685 4090 725 4131 tus
734 4086 815 4133 fuerit.
833 4085 942 4133 Doorrr.

145 4146 259 4195 borchius
269 4147 439 4209 astipulantur.
472 4148 588 4197 Ceterum
597 4149 653 4207 sao·
718 4151 822 4209 ΝΜ
835 4151 862 4198 in
878 4150 998 4208 tumultu]
1017 4150 1047 4198 cf.
1063 4150 1135 4212 Supr.
1152 4150 1193 4200 vii.

146 4219 231 4259 tunam
242 4212 277 4259 ita
289 4218 374 4270 vertes,
386 4214 552 4261 centurionem
564 4212 654 4261 dixisse
686 4228 708 4276 9.

147 4290 173 4324 se
183 4274 277 4337 aliquid
289 4278 410 4325 facturum
423 4292 483 4335 esse,
491 4276 565 4339 quod,
577 4282 603 4323 ut
615 4292 652 4324 ee
