2934 4800
381 223 478 290 LIB.
502 221 593 289 XLL
622 222 740 288 cAP.
768 227 816 288 16.
1080 227 1119 288 19

53 377 152 458 quem
165 357 412 436 immolavisset,
424 359 512 425 iecur
522 358 702 424 diffluxisse.
749 357 789 426 Id
802 381 835 423 se
847 358 1021 423 victimario
1032 379 1117 434 nun7
1126 369 1160 420 U.
1171 371 1202 421 c.
1216 372 1271 435 5⁷6·

53 443 147 508 uanti
166 466 291 531 parum
312 445 505 523 credentem,
520 446 623 532 ipsum
641 468 757 532 aquam
774 445 895 510 effundi
915 467 956 509 ex
971 444 1044 521 olla,
1059 443 1113 509 ubi
1123 435 1154 486 Ᾰ·
1171 437 1202 488 ⁰·
1218 437 1274 498 ¹⁷⁶·

51 543 127 594 exta
157 546 394 617 coquerentur,
419 533 561 597 iussisse:
592 545 626 598 et
653 532 768 599 vidisse
796 545 933 596 ceteram
957 531 1114 618 integram

121 639 178 682 em
197 631 367 696 extorum,
382 619 470 684 iectu
483 641 577 684 omne
597 617 798 684 inenarrabili
814 618 885 682 tabe
900 619 1008 682 absum
1035 633 1110 682 tum.

51 631 192 766 llilii-ritis
203 727 248 768 eo
287 705 410 793 rodigio
424 706 581 784 Patribus,
593 719 626 770 et
640 703 720 770 alter
729 703 840 770 consul
854 727 961 769 curam
976 641 1109 769 adiecit:

50 789 106 874 qui
121 812 169 866 se,
182 813 232 878 qu
296 806 390 880 caput
404 793 536 856 iocinon‘
551 792 711 869 defuisset,
724 791 823 856 tribus
836 791 940 872 bubus
951 791 1111 877 perlitasse

50 878 192 962 negavit.
247 876 388 943 Senatus
410 879 578 944 maioribus
600 877 711 944 hostiis
740 877 906 965 usquead
934 877 1109 942 litationem

50 963 228 1028 sacrificari
258 964 359 1031 iussit.
407 964 531 1030 Ceteris
554 965 616 1029 diis
640 964 822 1054 perlitatum
850 964 975 1030 ferunt:
1009 963 1110 1030 Saluti

50 1048 224 1114 Petillium
249 1052 415 1138 perlitasse
440 1066 567 1138 negant.
591 1132 593 1140 Α
613 1050 694 1116 Inde
717 1051 861 1117 consules
885 1065 1108 1138 praetoresque
1119 1061 1272 1112 Provinciae.

29 1136 237 1220 4provincias
249 1139 365 1204 sortiti.
410 1138 501 1203 Pisae
516 1137 577 1203 Cn.
591 1137 752 1216 Cornelio,
764 1137 900 1225 Ligures
914 1137 1042 1204 Petillio
1053 1137 1111 1202 ob-

50 1237 224 1289 venerunt.
276 1224 451 1303 Praetores,
467 1225 506 1290 L.
517 1223 662 1312 Papirius
677 1225 771 1290 Maso
785 1225 948 1304 urbanam,
960 1223 1007 1290 M.
1019 1225 1111 1290 Abu·

50 1307 114 1372 rius
139 1309 233 1374 inter
261 1334 339 1399 pere
378 1312 385 1327 ‘
412 1335 456 1390 os,
480 1312 581 1376 sortiti
608 1325 691 1376 sunt
738 1310 787 1375 M.
806 1309 975 1376 Cornelius
1002 1311 1055 1376 Sci
1078 1313 1110 1377 io

52 1391 300 1484 Maluginensis
361 1399 513 1486 ispaniam
534 1397 726 1474 ulteriorem,
753 1396 792 1461 L.
809 1396 971 1483 Aquillius
998 1334 1110 1462 Gallus

53 1477 199 1547 Siciliam
225 1485 351 1550 habuit.
406 1485 483 1550 Duo
505 1483 546 1549 de
570 1485 666 1550 recati
695 1497 846 1559 suntne
871 1483 905 1546 in
933 1484 1109 1570 provincias

52 1565 156 1634 irent:
190 1567 245 1635 M.
260 1570 417 1660 Popillius
434 1571 467 1635 in
489 1507 676 1636 Sardiniam.
722 1568 927 1634 ‘Gracchum
945 1592 1015 1634 eam
1037 1592 1110 1658 pro-

54 1653 216 1720 ‘vinciam
233 1680 370 1745 pacare:
394 1658 424 1722 ei
439 1657 478 1722 T.
493 1657 670 1722 Aebutium
684 1670 859 1744 praetorem
878 1656 1052 1722 adiutorem
1068 1659 1108 1723 ab

53 1745 191 1807 ‘senatu
206 1743 325 1809 datum
334 1767 410 1810 esse.
454 1743 648 1832 lntermmpi
662 1756 805 1808 tenorem
820 1765 936 1821 rerum,
947 1743 1109 1844 inquibus

55 1830 272 1916 ‘peragendis
301 1830 497 1896 continuatio
525 1831 594 1918 ipsa
622 1829 836 1896 efficacissima
859 1843 951 1906 esset,
976 1830 1107 1896 mrnime

55 1917 262 1982 ‘convenire
310 1917 399 1982 Inter
417 1916 618 1982 traditionem
638 1917 763 2004 imperii
784 1917 955 1982 novitatem
979 1938 1020 1981 ue
1037 1939 1108 1982 suc-

56 2003 219 2080 ‘cessaria
245 2027 329 2092 quae
351 2003 517 2070 noscendis
538 2004 634 2091 prius,
655 2025 750 2090 quam
772 2001 913 2089 agendis,
933 2026 967 2069 re
991 2026 1028 2068 us
1048 2003 1108 2068 im-

56 2085 207 2154 ‘buenda
222 2091 276 2168 sit,
286 2113 378 2192 saepe
388 2094 471 2157 bene
481 2090 639 2178 gerendae
650 2090 696 2154 rei
711 2111 891 2156 occasiones
900 2090 1098 2156 mtercrdere.

57 2169 198 2240 Probata
217 2177 350 2265 Popillir
369 2179 530 2242 excusatio
549 2191 605 2242 est.
650 2176 687 2241 P.
702 2175 847 2240 Licinius
862 2175 994 2241 Crassus
1013 2179 1108 2242 sacri·

57 2256 137 2355 ficiis
156 2283 192 2326 se
214 2263 365 2352 impediri
384 2263 577 2329 sollennibus
597 2263 776 2340 excusabat,
798 2285 839 2326 ne
859 2263 893 2326 in
912 2263 1106 2350 provinciam

59 2357 126 2410 rret.
191 2347 336 2417 Citerior
370 2348 526 2439 Hispania
554 2351 732 2417 obvenerat.
795 2347 948 2414 Cetemm
977 2364 1033 2415 aut
1060 2350 1107 2416 ire

59 2430 170 2513 iussus
186 2452 246 2503 aut
261 2438 364 2503 iurare
404 2460 439 2502 ro
453 2438 616 2515 concione,
631 2436 767 2503 sollenni
785 2436 938 2501 sacrificio
951 2459 986 2501 se
999 2437 1107 2524 prohi-

59 2516 135 2585 beri.
181 2522 224 2588 Id
244 2524 299 2589 ubi
318 2524 352 2589 in
375 2460 412 2588 P.
425 2524 552 2589 Licinio
570 2524 616 2588 ita
637 2538 789 2589 statutum
809 2537 867 2601 est,
887 2537 922 2587 et
942 2524 982 2587 ab
1004 2546 1037 2588 se
1060 2525 1106 2588 uti

61 2601 283 2676 iusiurandum
313 2612 502 2698 acciperent,
532 2609 580 2675 M.
600 2608 769 2675 Cornelius
797 2608 976 2697 postulavit,
1002 2633 1043 2675 ue
1072 2610 1105 2674 in

41 2686 255 2779 sHispaniam
283 2696 463 2763 ulteriorem
492 2697 561 2761 iret.
615 2696 781 2761 Praetores
809 2696 903 2761 arubo
931 2695 966 2760 in
994 2696 1106 2763 eadem

62 2778 155 2845 verba
180 2783 337 2849 iurarunt.
383 2782 430 2848 M
448 2781 587 2849 Titinius
613 2796 646 2847 et
671 2783 711 2847 Τ.
728 2781 881 2847 Fonteius
905 2784 1107 2871 proconsrdes

62 2883 188 2933 manere
200 2892 278 2937 cnm
291 2870 404 2935 eodem
418 2870 543 2957 imperii
558 2871 625 2934 iure
641 2870 675 2933 in
692 2868 848 2956 Hispania
862 2870 955 2935 iussi:
979 2885 1012 2936 et
1022 2883 1059 2937 ut
1072 2873 1107 2935 in

63 2952 320 3039 supplementum
332 2956 381 3021 his
396 2954 687 3021 triamilliacirium
703 2956 921 3021 Romanorum
932 2980 1006 3021 cum
1016 2959 1108 3045 equi·

64 3036 145 3105 tibus
166 3042 326 3121 ducentis,
350 3044 493 3131 quinque
519 3042 619 3107 millia
640 3042 761 3107 sociam
785 3042 893 3107 Latini
916 3044 1053 3109 nominis
1073 3058 1107 3109 et

67 3130 196 3194 trecenti
208 3132 333 3217 equites
347 3130 557 3196 mitterentur.

107 3209 242 3281 Laa'noe
262 3216 357 3283 feriae
377 3217 464 3281 fuere
475 3215 652 3281 antediem
669 3217 799 3281 tertium
817 3215 928 3281 Nonas
943 3215 1056 3293 Maias,
1071 3218 1106 3282 in
1205 3268 1215 3285 .

68 3297 189 3379 quibus,
205 3304 283 3390 quia
301 3304 334 3368 in
350 3326 415 3368 una
433 3302 536 3367 hostia
550 3302 749 3389 magistratus
763 3302 948 3368 Lanuvinus
984 3318 1107 3369 recatus

68 3400 131 3447 non
148 3404 228 3467 erat,
250 3389 387 3477 ‘populo
407 3390 555 3455 Romano
577 3389 773 3466 Quiritium}
790 3389 935 3476 religioni
988 3390 1021 3454 it.
1067 3388 1107 3454 Id

70 3488 163 3551 quum
179 3476 222 3541 ad
241 3491 385 3541 senatum
400 3474 532 3541 relatum
550 3490 642 3553 esset,
657 3491 848 3561 senatusque
865 3475 906 3539 ad
920 3475 1106 3560 pontificum

72 3554 234 3647 collegium
258 3561 433 3639 reiecisset3
464 3562 677 3649 pontificibus,
725 3562 778 3625 uia
803 3584 869 3625 non
897 3577 982 3625 recte
1007 3561 1106 3627 factae

52 3634 200 3714 tLatinae
215 3661 330 3727 essent,
346 3649 524 3714 instauratis
538 3648 671 3725 Latinis,
687 3670 709 3734 p
758 3647 806 3711 uit
821 3646 1012 3726 Lanuvium,
1027 3672 1107 3736 quo-

75 3744 137 3793 mm
147 3755 244 3821 opera
258 3736 447 3801 instauratae
462 3748 575 3811 essent,
587 3733 704 3799 hostias
717 3734 878 3820 praebere.
912 3737 1108 3802 'Accesserat
1116 3762 1225 3812 Cornelii

76 3812 112 3877 ad
143 3821 337 3909 religionem,
367 3820 454 3908 quod
491 3820 553 3887 Cn.
577 3819 747 3885 Cornelius
780 3818 900 3896 consul,
929 3843 971 3885 ex
999 3830 1173 3888 monte0⁰s
1184 3842 1256 3878 mora

91 4064 120 4123 ,4Ι
135 4053 207 4105 Pina
222 4057 267 4105 On.
279 4057 399 4115 Cornelia,
409 4058 513 4117 uma
524 4057 572 4105 Pe·
605 4056 647 4103 sed
659 4056 690 4104 da
701 4054 771 4103 istius
782 4056 847 4105 verbi
858 4058 978 4119 probitate
988 4059 1110 4120 dubitant,

80 4110 144 4174 ΝΜ]
158 4117 204 4167 Vel
216 4120 312 4181 utrique
320 4120 460 4169 addendum
472 4134 572 4181 praeno-
606 4119 675 4167 cuius
688 4119 755 4167 haud
770 4120 839 4169 aliud
853 4121 955 4170 sortasse
968 4124 1110 4184 exemplum

80 4184 129 4225 men
148 4181 248 4243 ridetur,
268 4185 307 4232 rel
325 4184 426 4245 utrique
444 4184 573 4233 detrahen·
605 4188 693 4231 exnat.
727 4183 901 4233 Beklrer.enm
916 4186 1057 4249 Kreyssigio
1073 4190 1110 4235 ln·

80 4235 139 4293 dum.
155 4246 235 4299 Cur.
605 4254 697 4297 ramat
707 4246 733 4294 in
745 4252 841 4296 textum
852 4249 968 4309 reponrit.

86 4364 90 4375 ,
111 4312 484 4372 tlaeadonmtatmmnt]
501 4314 572 4361 Iure-
637 4309 780 4371 onoma
798 4314 886 4374 opera]
910 4313 1023 4368 Quorum
1045 4313 1112 4363 vitio.

82 4378 186 4425 sermm
207 4380 280 4429 Cret.
301 4384 327 4425 et
350 4378 428 4427 Drak.
448 4376 573 4434 exhibent,
606 4376 636 4423 cl.
648 4390 713 4436 supr.
725 4390 800 4425 ιω.
811 4374 835 4424 6.

886 4443 939 4501 οἳ
