2934 4800
338 229 379 292 22
723 225 836 292 ΤΙΤΙ
867 225 1002 294 LIVII

90 383 98 404 ¹
184 375 219 426 U.
231 376 262 425 ο.
279 363 469 440 576.factum,
484 375 593 463 postea
613 385 747 452 augures
760 364 1003 450 responderunt,
1019 362 1107 451 quod
1126 375 1218 427 extra
1231 359 1418 448 templums

186 441 219 490 ⁸·
235 441 265 491 ⁰·
283 440 335 502 ¹⁷⁶·
344 463 459 514 sortem
485 472 518 513 m
542 449 675 514 sitellam
698 451 732 514 in
755 451 908 538 templum
930 449 1026 514 latam
1047 450 1122 514 foris
1147 448 1215 536 ipse
1236 449 1391 536 posuerit.

345 535 483 600 Profecti
498 536 572 601 inde
588 537 622 600 in
643 537 782 602 diversas
795 537 949 624 regiones.
994 535 1140 602 Petillius
1156 535 1305 600 adversus
1325 533 1395 598 Ba·

344 621 433 687 llatae
449 636 482 687 et
497 622 571 687 Leti
584 623 704 774 iugum,
720 623 809 711 quod
823 646 877 688 eos
891 637 1014 688 montes
1028 636 1182 710 perpetuo
1196 621 1290 686 dorso
1304 622 1395 685 inter

188 731 302 781 Petillios
344 731 378 774 se
390 709 503 796 iungit,
513 723 613 774 castra
646 711 743 776 abuit.
788 710 839 774 Ibi
850 709 1069 775 adhortantem
1080 732 1154 773 eum
1166 731 1224 796 pro
1234 707 1393 772 concione

187 795 245 846 θοι
256 796 318 846 occi-
346 795 470 873 milites,
490 797 705 862 immemorem
725 795 939 884 ambiguitatis
960 797 1057 873 verbi,
1076 795 1251 860 ominatum
1270 794 1393 870 ferunt,

186 873 235 910 Μ
347 882 465 948 ‘seeo
479 882 532 948 die
547 882 664 948 letum
679 897 846 971 capturum
860 883 947 949 esse’
991 883 1125 946 Duabus
1139 881 1232 946 simul
1245 881 1394 968 partibus

346 969 450 1034 subire
472 969 506 1033 in
527 969 673 1035 adversos
699 985 823 1035 montes
845 966 958 1057 eoepit
1005 969 1054 1034 Ea
1074 990 1156 1056 pars,
1177 968 1213 1032 in
1234 967 1333 1054 quai

345 1069 422 1134 erat,
438 1056 571 1143 impigre
591 1057 789 1122 succedebat
834 1056 980 1121 Alteram
999 1055 1105 1120 hostes
1119 1077 1218 1142 quum
1233 1075 1314 1141 prop
1351 1054 1357 1066 '
1460 1066 1461 1069 ’

344 1155 424 1220 sent,
446 1156 482 1207 ut
501 1143 680 1209 restitueret
699 1166 766 1208 rem
786 1143 980 1219 inclinatam,
995 1141 1107 1207 consul
1124 1164 1209 1228 equo
1227 1139 1393 1216 advectus,

345 1251 418 1294 suos
440 1227 569 1315 quidem
592 1253 612 1294 a
633 1229 709 1316 fuga
728 1230 903 1296 revocavitz
933 1229 1011 1316 ipse,
1033 1228 1110 1293 dum
1135 1226 1294 1292 incautius
1314 1239 1394 1291 aute
1460 1252 1461 1259 ¹

346 1315 435 1403 signa
449 1317 640 1394 obversatur,
656 1316 766 1381 missili
785 1316 934 1381 traiectus
947 1315 1072 1380 cecidit.
1117 1313 1190 1379 Nec
1209 1313 1316 1378 hostes
1330 1313 1395 1377 du·

345 1425 415 1467 cern
441 1402 579 1468 occisum
602 1417 785 1480 senserunt3
815 1417 849 1468 et
871 1425 1000 1467 snorum
1022 1401 1125 1489 pauci,
1151 1401 1208 1487 qui
1234 1399 1392 1477 viderant,

345 1488 432 1554 haud
446 1511 486 1553 ne
509 1489 654 1576 ligentur,
670 1504 705 1554 ut
725 1490 831 1577 quiin
850 1512 889 1553 eo
903 1487 1067 1554 victoriam
1080 1488 1162 1552 verti
1178 1486 1304 1564 scirent,
1320 1509 1394 1551 cor·

345 1599 405 1662 pus
419 1598 475 1640 occ
511 1590 624 1640 tavere.
672 1575 747 1640 Aha
760 1575 931 1640 multitudo
945 1573 1090 1662 peditum
1101 1573 1321 1661 equitumque,
1333 1572 1393 1638 de·

346 1663 477 1726 turbatis
499 1661 650 1738 hostibus,
672 1676 796 1726 montes
816 1663 883 1725 sine
901 1661 983 1726 duce
1001 1683 1123 1749 cepere.
1169 1659 1224 1724 Ad
1244 1659 1392 1760 quinque

345 1747 445 1811 millia
458 1747 614 1833 Ligurum
632 1748 751 1813 occisa:
775 1770 816 1812 ex
835 1747 981 1813 Romano
1001 1747 1143 1812 exercitu
1162 1745 1227 1811 duo
1247 1761 1280 1810 et
1294 1769 1393 1833 qum·

346 1835 498 1920 quaginta
512 1833 704 1900 cecideruut
751 1833 854 1934 Super
872 1848 937 1899 tam
956 1833 1137 1898 evidentem
1156 1832 1254 1897 tristis
1272 1833 1392 1897 ominis

345 1934 505 1997 eventum,
520 1920 616 1984 etiam
630 1943 672 1986 ex
691 1919 824 2007 pullano
839 1921 983 1986 auditum
998 1933 1055 1998 est,
1071 1919 1233 1985 vitiumin
1247 1919 1391 2006 auspicio
1461 1940 1462 1951 ¹

344 2005 459 2082 fuisse3
490 2029 549 2070 nec
573 2006 607 2071 id
636 2006 798 2072 consulem
827 2007 994 2094 ignorasse.
1042 2007 1080 2072 O.
1097 2005 1253 2083 Valerius,
1280 2005 1392 2070 audita

347 2091 463 2180 [morte
488 2091 529 2168 Q,
543 2092 672 2170 Petillii,
695 2093 872 2158 exercitum
893 2094 961 2159 sine
983 2093 1065 2158 duce
1087 2093 1232 2158 relictum
1253 2091 1295 2156 ad
1316 2115 1390 2157 suas

343 2201 381 2243 co
405 2181 449 2244 ias
460 2179 615 2257 adiunxit,
626 2180 804 2266 iterumque
815 2202 978 2267 aggressus
987 2181 1103 2257 hostes,
1112 2201 1223 2246 eorum
1232 2179 1390 2265 sanguine

343 2202 482 2352 collegae
499 2265 650 2331 Manibus
664 2267 790 2354 egregie
803 2267 991 2367 parentavit
1036 2266 1148 2331 Trium
1173 2266 1259 2330 havit
1273 2265 1315 2330 de
1330 2265 1391 2329 Li·

343 2351 481 2439 guribus
526 2351 566 2417 Iu
580 2352 748 2441 legionem,
760 2375 850 2418 cutus
864 2366 937 2419 ante
951 2354 1042 2441 signa
1052 2376 1128 2419 cons
1176 2353 1298 2418 occisus
1309 2366 1389 2430 erat,

344 2462 451 2506 severe
473 2440 513 2505 ab
530 2454 642 2505 senatu
661 2440 913 2505 animadversum
933 2455 989 2506 est
1037 2440 1078 2505 Εἰ
1099 2441 1263 2505 universae
1280 2462 1414 2527 nequas

344 2526 537 2615 stipendium
557 2527 634 2591 anni
653 2527 835 2614 procedere,
855 2550 960 2614 nequo
980 2551 1054 2593 aera
1071 2527 1141 2592 dari
1161 2526 1289 2614 placuit,
1310 2527 1391 2614 quia

344 2636 401 2698 pro
430 2612 530 2679 salute
557 2612 754 2701 imperatoris
778 2614 918 2678 hostium
947 2614 1017 2679 telis
1046 2637 1079 2679 se
1104 2636 1171 2678 non
1195 2613 1389 2679 obtulerant

347 2698 413 2765 Sub
428 2699 507 2765 haec
522 2699 708 2787 temporale
751 2700 775 2764 ti
790 2700 1023 2778 Dardanorum,
1039 2724 1119 2788 quos
1133 2701 1245 2787 ingens
1259 2699 1415 2765 Bastar-6

344 2807 456 2850 narum
482 2786 649 2864 exercitus,
678 2722 836 2851 Cidndieo
860 2787 952 2865 duce,
975 2800 1012 2851 ut
1034 2801 1108 2852 ante
1134 2787 1389 2863 memoravimus,

343 2874 516 2958 premebat,
533 2872 669 2937 Romam
683 2895 809 2939 venere.
855 2872 922 2948 Qui
937 2896 1036 2960 quum
1051 2874 1092 2938 de
1113 2869 1275 2937 Bastarnis
1288 2896 1415 2960 expo-7

343 2958 488 3037 suissent,
509 2974 629 3046 quanta
648 2974 730 3024 esset
751 2981 861 3025 eorum
883 2960 1064 3038 multitudo,
1085 2982 1180 3047 quam
1202 2981 1333 3047 procera
1353 2974 1391 3025 et

342 3044 493 3110 immania
512 3068 651 3133 corpora,
670 3060 791 3133 quanta
809 3046 844 3109 in
864 3046 1012 3133 periculis
1031 3046 1172 3124 audacia,
1190 3045 1389 3124 adiecerunt,

343 3132 524 3196 societatem
546 3132 585 3196 iis
604 3155 671 3197 esse
694 3156 768 3197 cum
789 3132 916 3210 Perseo,
937 3147 969 3197 et
992 3156 1064 3199 vero
1087 3156 1161 3198 eum
1183 3133 1293 3197 maiori
1314 3134 1389 3211 sibi,

342 3238 438 3303 quam
454 3218 622 3283 Bastarnas
635 3219 729 3306 ipsos,
741 3241 809 3283 esse
826 3219 951 3283 terrori:
976 3242 1012 3283 ac
1026 3220 1170 3371 ppoiude,
1186 3233 1222 3284 ut
1231 3218 1389 3284 auxilium

342 3304 401 3368 sibi
423 3303 565 3382 ferretur,
588 3305 628 3369 ab
649 3318 761 3370 senatu
782 3304 1000 3392 postulanmt„
1063 3320 1145 3371 atres
1166 3306 1387 3384 decrevemnt‚

342 3390 513 3456 mittendos
528 3414 595 3457 esse
610 3391 740 3492 legatos,
756 3392 813 3479 qui
831 3390 1040 3458 Macedoniae
1055 3415 1104 3457 res
1119 3392 1327 3480 inspicerent:
1352 3409 1388 3457 et

340 3479 446 3543 statim
462 3479 503 3548 A.
516 3479 681 3544 Postumio
698 3479 862 3565 negotium
881 3478 1001 3557 datum,
1018 3493 1053 3544 ut
1067 3503 1105 3545 co
1124 3478 1386 3567 proficisceretur.

341 3564 490 3653 Collegae
507 3566 537 3631 ei
552 3566 768 3631 adiunxerunt
783 3588 801 3629 e
822 3565 1008 3644 iunioribus,
1024 3580 1061 3631 ut
1078 3588 1177 3654 penes
1197 3588 1273 3630 eum
1294 3588 1387 3659 prae·

329 3820 332 3837 ,
373 3794 387 3835 4
411 3779 481 3835 Quod
505 3786 575 3826 estro
602 3780 717 3839 templum
743 3780 843 3837 mum]
878 3779 992 3839 posuerit.

341 3842 407 3888 Iline
436 3841 528 3901 colligit
550 3841 775 3896 Drakenborchius,
796 3857 845 3903 quo
910 3855 923 3903 5
947 3846 988 3892 Ne
1010 3860 1034 3891 w
1059 3844 1207 3905 stipendium
1238 3846 1301 3891 uani
1325 3860 1384 3905 pro·

340 3904 534 4017 ιιιιιίζὶεᾱεοτίίῑέἱ)Ι
554 3906 683 3980 auspicato
704 3907 781 4017 fierqu,
803 3907 843 3980 ob
876 3906 972 4027 gedera]
1006 3908 1064 4018 {age
1077 3909 1145 3969 apud
1160 3908 1217 3954 Vul.
1232 3906 1302 3955 atax.
1317 3906 1343 3955 ii.
1360 3920 1382 3969 γ.

339 3984 483 4017 serranum
527 3984 625 4026 usaue
659 3984 740 4017 auso
776 3984 844 4017 mm
905 3984 1087 4019 1.narranur.

338 4033 444 4081 sitellam
460 4032 599 4089 coniiceret,
612 3984 657 4081 nisi
672 4049 748 4095 quum
763 4034 845 4081 sitella
908 3982 1032 4097 6⁵me
1049 4038 1242 4095 Butuntum]
1266 4036 1297 4083 cs.
1309 4036 1382 4098 Supr.

338 4097 362 4143 in
375 4098 505 4159 templum,
516 4094 566 4145 sive
578 4098 658 4147 locum
669 4098 775 4159 auguriis
786 4113 842 4145 con·
875 4098 911 4146 xl.
924 4100 964 4157 58.

338 4168 467 4217 sacratum,
477 4162 554 4209 alluta
564 4160 641 4209 soret:
659 4162 751 4223 quippe
762 4162 842 4209 sitella
908 4164 1037 4222 7Romum
1060 4166 1160 4223 catere]
1190 4163 1297 4210 Dahae
1317 4164 1380 4224 lega-

338 4224 361 4272 in
371 4226 491 4287 templum
504 4226 553 4273 lata
562 4225 635 4273 fuisse
647 4225 842 4287 videtnrpostea,
874 4226 941 4274 tione
970 4228 1149 4285 Dardanorum,
1175 4242 1237 4287 quos
1267 4226 1380 4277 Thessali

338 4304 410 4351 quam
433 4290 517 4339 consul
539 4294 627 4338 sortem
649 4289 674 4339 iu
696 4289 766 4339 illam
785 4290 842 4338 tona
874 4290 1103 4352 comitabantur,cf.
1116 4292 1203 4355 Polyb.
1214 4291 1316 4355 xxvio.
