2934 4800
276 202 975 273 MANUSCRIPTORUMLIVII.
1087 210 1151 269 419

121 340 204 409 VL
232 341 551 409 Hevrncmnnos
571 341 675 407 codex
698 354 747 407 est
769 340 1028 407 membranaceus
1048 340 1151 405 forme

66 428 225 507 maiori,
241 428 297 516 qni
315 428 506 529 Fragmento
527 426 813 515 Havercampiano‚
834 426 940 529 paullo
962 438 1037 491 ante
1060 448 1147 490 num.

65 514 123 581 II.
159 528 356 593 memorato,
383 538 418 579 1n
447 512 559 579 eodem
589 513 750 579 volumine
779 514 948 590 subrectus,
975 536 1015 577 eo
1040 526 1148 577 tamen

64 602 194 688 longe
226 601 385 666 recentior
413 614 447 665 et
475 600 580 665 minus
608 600 742 687 integer,
772 600 910 677 eosdem,
940 622 1021 687 quos
1056 597 1148 675 illud,

66 688 249 753 dominos
270 686 391 752 hebuit.
436 685 489 751 Dc
512 686 581 751 eius
601 697 704 751 aetate
726 684 810 751 infra
830 685 945 763 dicam,
960 708 1061 772 quum
1080 683 1149 749 Ha·

67 796 226 839 vercam
250 774 370 851 ionum,
382 773 507 838 tertiam
521 772 674 838 librorum
685 770 771 837 Livii
785 771 906 837 decedo
919 772 1148 848 continentem,

66 882 231 925 recense

125 945 225 1011 VII.
249 944 430 1011 annnsm
459 944 590 1010 Pmrtns
615 943 718 1011 codex
748 957 798 1009 cet
826 946 1086 1009 membranaceus
1114 944 1150 1007 in

70 1034 205 1097 forma
227 1032 349 1110 maiori,
371 1054 408 1097 co
430 1030 505 1097 sade
527 1030 688 1117 antiquus,
707 1052 804 1130 quem
827 1029 887 1095 viri
909 1030 997 1096 docti
1019 1052 1076 1095 rex
1098 1030 1150 1095 vel

70 1132 227 1206 septem
241 1116 420 1183 seculorum
431 1116 861 1183 aetatemferreexrstimant
893 1116 1033 1181 Videtur
1042 1130 1150 1181 cutem

74 1207 125 1269 ab
157 1204 316 1291 imperito
339 1204 467 1269 librario
490 1203 665 1291 descriptus
691 1224 759 1267 esee
781 1224 823 1267 ex
846 1202 956 1267 codice
979 1202 1074 1290 longe
1096 1224 1150 1267 vc-

75 1291 237 1357 tustiore
248 1314 257 1367 3
285 1291 431 1379 quisine
454 1289 518 1355 ulla
539 1311 653 1354 vocum
676 1288 881 1354 distinctione
904 1288 1057 1353 continua
1078 1287 1150 1353 lite·

75 1400 210 1443 rarum
227 1376 307 1441 serie
330 1388 475 1442 exaratus
493 1375 562 1441 fuit.
607 1374 648 1439 Id
665 1389 773 1441 autem
796 1398 838 1439 ex
858 1399 897 1439 eo
914 1374 1059 1451 conficio,
1075 1374 1152 1462 quia

77 1464 220 1551 passim
239 1462 401 1540 vocabula,
417 1486 499 1549 quae
521 1461 749 1549 distinguenda
769 1474 874 1539 erant,
884 1481 1050 1549 perperam
1073 1483 1149 1525 con-

79 1563 287 1628 nectuntur,
307 1562 340 1613 et
362 1562 481 1627 conco,
496 1570 578 1636 quoe
598 1548 654 1612 iun
695 1548 762 1613 ndo
780 1561 880 1624 erant,
899 1547 1147 1634 distinguuntur.

81 1636 325 1701 Nihilominus
344 1636 487 1701 omnium
507 1635 628 1723 optimo
644 1571 839 1712 tiirentino,
854 1656 951 1720 quem
971 1655 1105 1699 numero
1123 1632 1149 1697 Ι.

81 1722 260 1799 recensui,
271 1722 413 1787 bonitate
425 1722 588 1809 proximus
599 1734 656 1797 est,
688 1720 899 1807 lurimamque
910 1732 1033 1808 portem
1045 1719 1151 1785 eidem

86 1809 285 1873 consentit:
309 1808 394 1874 unde
418 1810 445 1875 si
468 1830 534 1873 non
558 1830 599 1873 ex
684 1828 746 1885 em,
768 1829 810 1870 ex
833 1828 899 1893 quo
922 1805 985 1883 ille,
1006 1819 1091 1871 certe
1112 1828 1154 1870 ex

86 1894 201 1959 simili
223 1894 397 1981 exemplari
418 1908 588 1980 utrumque
611 1890 805 1979 descriptuni
827 1915 895 1957 esse
917 1892 1051 1957 videtur.
1101 1892 1153 1955 Ad

70 1981 193 2047 ‚idem
223 1981 480 2068 persuadendum
510 1980 631 2044 faciunt
660 1980 757 2044 etiam
787 1978 961 2079 singulares
989 1978 1154 2055 formulae,

91 2091 190 2155 quae
213 2066 255 2131 cd
277 2068 376 2131 linem
399 2066 608 2153 quorumdam
632 2065 785 2130 librorum
811 2064 896 2129 Livii
921 2078 955 2129 et
979 2064 1014 2128 in
1037 2065 1099 2129 hoc
1122 2078 1156 2127 ct

94 2154 135 2217 in
162 2152 221 2217 illo
243 2152 352 2218 codice
377 2165 566 2228 occurrunt3
599 2174 677 2238 quos
700 2150 754 2214 hic
777 2164 930 2227 enotasoe,
954 2164 988 2215 et
1011 2149 1156 2216 Lectorio

94 2239 207 2304 oculis
221 2239 386 2315 subiicere,
401 2238 488 2303 haud
503 2239 558 2303 abs
572 2259 606 2303 re
621 2238 689 2302 erit.

238 2461 277 2526 In
293 2459 490 2526 Florentino.
733 2459 772 2523 In
788 2459 945 2525 Leidcnoi
960 2461 1073 2544 primo.

479 2642 534 2707 Ad
550 2641 648 2707 finem
663 2639 738 2706 libri
757 2639 782 2705 l.

159 2797 365 2862 Victoriam
408 2815 484 2863 vero
531 2793 616 2878 (lege
703 2793 774 2862 Titi
795 2793 887 2858 Livii
912 2795 955 2858 ab
982 2794 1061 2858 urbe
1088 2815 1162 2860 con·

114 2899 150 2962 V.
174 2898 225 2981 C.)
249 2897 454 2964 emendatam
481 2896 620 2962 Domitio
658 2897 726 2960 dita
754 2897 838 2962 iiber
863 2899 991 2983 primur
1015 2898 1161 2984 explicit.

111 3000 330 3086 Gymnocttir.
658 2998 1062 3084 lucipittiberceoundus.

481 3289 535 3352 Ad
553 3287 650 3352 finem
665 3285 739 3351 libri
757 3284 801 3351 ll.

164 3439 232 3504 Titi
253 3438 344 3503 Livii
365 3437 408 3502 ab
428 3437 507 3502 urbe
529 3439 619 3502 cond.
712 3435 914 3503 Victorianus
933 3435 1016 3502 010
1027 3436 1061 3520 (Ι.
1078 3436 1167 3518 VC.)

111 3542 169 3607 tit.
184 3540 234 3604 ΙΙ.
247 3539 395 3626 explicit.
426 3538 550 3625 Incipit
565 3539 620 3604 tib.
661 3538 867 3603 enuntiabam
900 3539 1041 3603 Domnis
1073 3539 1169 3622 Sym·

113 3639 336 3730 Iltsettcit.
664 3640 798 3705 machir.
850 3638 918 3705 liti
927 3640 1018 3706 Livii
1032 3639 1076 3705 ab
1090 3639 1169 3704 urbe

397 3729 398 3734 ἵ
665 3743 759 3806 cond.
776 3741 858 3806 tiber
869 3741 920 3805 II.
933 3741 1081 3828 explicit.
1114 3740 1170 3805 In·

663 3845 746 3930 cipit
759 3845 882 3908 tertius.

475 4121 528 4185 Ad
547 4121 645 4184 tinem
661 4119 734 4183 libri
754 4117 817 4183 ΙΙΙ.

168 4287 224 4352 Ad
248 4285 346 4350 linem
376 4283 473 4347 huius
499 4281 631 4348 libriin
721 4279 789 4343 Titi
836 4277 911 4341 Livi
956 4277 1176 4344 Nicomochus

953 4399 974 4440 n
989 4383 1044 4441 et
