2934 4800
332 229 648 300 EDITIONUM
680 231 824 300 LIVII.
1044 238 1108 304 447

158 367 215 434 In
240 369 313 434 fine
336 369 432 435 huius
454 368 612 448 editionis,
629 392 694 457 qua
713 393 757 436 ex
778 369 995 435 munificentia
1015 369 1110 435 Illus-

96 457 274 521 trissimi
290 455 416 521 Lovelii
431 478 507 520 usus
521 478 601 534 sum,
618 457 696 521 haec
717 458 852 544 ascripta
866 457 992 522 inveni:
1018 457 1109 522 ‘Titi

100 551 114 580 ‘
135 544 250 608 Livii
270 542 417 608 Patavini
440 542 580 608 historici
601 543 729 607 illustris
744 543 873 609 decadis
887 557 1017 630 quartae
1035 544 1109 608 libri

104 637 117 665 ‘
133 629 294 706 finiunt,
312 653 392 716 quos
414 628 557 694 Michaell
577 629 781 694 Manzolinus
802 630 983 695 Parmensis
997 631 1107 708 ductu,

104 723 119 752 ‘
134 716 321 802 impensa,
336 715 507 801 solertique
528 714 694 802 diligentia
713 717 891 782 viventibus
911 717 1108 804 posterisque

108 802 308 889 ‘imprimi
345 803 466 867 curavit
502 825 587 867 anno
626 802 734 867 salutis
771 804 1106 869 M.CCCC.LXXX.
1150 862 1154 868 .

110 889 269 975 ‘pridie
288 887 449 954 Calendas
469 887 503 952 N
505 889 688 954 ovembres.’
734 890 850 966 Locus,
871 890 926 954 ubi
947 889 1028 954 liber
1048 890 1109 954 inr-

110 997 269 1062 pressus
289 987 347 1053 est,
363 999 429 1040 non
449 975 587 1040 additur.
634 974 750 1039 Monet
768 990 875 1040 autem
891 974 1054 1041 Maittaire
1073 977 1109 1040 in

113 1061 263 1126 Annal.
278 1061 484 1149 Typograph.
498 1073 574 1126 tom.
588 1060 648 1126 IV.
685 1111 693 1126 .
706 1066 782 1126 406.
795 1061 910 1126 librum
922 1063 1109 1148 impressum

115 1147 276 1299 Quidem
300 1171 367 1213 esse
390 1171 410 1213 a
431 1148 628 1237 typographo
649 1084 824 1225 liminensi,
844 1171 909 1212 non
932 1163 1049 1226 tamen,
1072 1163 1108 1213 ut

163 1234 279 1298 rland.
302 1256 334 1320 p.
355 1239 426 1300 148.
448 1235 590 1321 putabat,
610 1234 765 1311 Parmae;
793 1248 885 1322 putat
906 1249 1012 1299 autern
1034 1257 1109 1299 eum

121 1320 318 1420 deceptum
341 1343 409 1421 esse
433 1343 453 1385 a
478 1320 630 1387 Cornelio
654 1321 854 1408 Beughemio
879 1343 911 1408 p.
934 1326 986 1386 85.
1012 1342 1109 1420 quem
1200 1377 1207 1390 .

122 1429 268 1580 ῗιῗξέιιιιέ
290 1405 627 1558 ἐξιξὲῃὲἔίῐῑῗοηῗῐιιῗι18
643 1406 1109 1572 iihiiesmPrirriddriseeriiovdihhli:

178 1602 311 1666 rperarrr
351 1581 392 1646 ad
431 1580 466 1644 id
506 1580 664 1657 inductus,
703 1580 791 1666 quod
831 1579 1034 1644 Marrzolinns
1075 1603 1108 1645 se

126 1603 352 1732 parmensem
396 1665 522 1731 dixerit.
583 1666 706 1732 Verum
751 1680 860 1753 postea
900 1690 941 1732 ex
979 1666 1108 1732 Clariss.

133 1753 310 1819 Maittaire
346 1753 464 1818 Annal.
497 1753 701 1841 Tpograph.
741 1767 817 1818 tom.
851 1751 879 1818 I.
942 1802 949 1815 .
989 1758 1041 1818 84.
1076 1767 1110 1818 et

135 1853 222 1904 tom.
254 1839 315 1905 IV.
346 1862 378 1927 p.
410 1844 484 1905 235.
518 1777 627 1917 didici,
659 1839 854 1904 Michaelem
888 1775 1109 1904 lllinzolinum

136 1925 352 1991 Parmensem
387 1927 626 2014 typographiam
660 1927 794 1990 Tarvisii
828 1927 1015 2003 exercuisse,
1050 1927 1110 1990 ibi-

140 2011 219 2076 dem
245 2036 286 2077 ue
324 2013 364 2078 ah
402 2035 487 2077 anno
525 2013 867 2078 MCCCCLXXVll.
907 2012 948 2076 ad
988 2035 1109 2076 annum

145 2035 475 2166 Mcdchxxxl.
488 2098 590 2163 varios
602 2097 696 2162 libros
707 2086 856 2163 emisisse.
895 2099 1000 2175 Quam
1013 2099 1111 2199 igitur

144 2185 182 2247 in
192 2184 277 2249 notis
288 2185 462 2250 editionem
472 2185 676 2250 Parmensem
685 2185 804 2262 vocavi,
816 2184 981 2250 Tarvisina
1014 2208 1107 2262 rrma3

146 2292 244 2370 quam
266 2294 340 2336 vero
363 2270 561 2336 'l’arvisinam
581 2270 718 2423 primam
742 2283 776 2336 et
797 2272 979 2350 secundam,
1027 2273 1109 2337 arri-

148 2379 218 2423 srna
238 2357 378 2423 secunde
398 2371 433 2423 et
451 2371 564 2508 quarta
604 2357 736 2423 icendae
758 2371 858 2424 erant
903 2358 1108 2424 Parmensem

150 2456 255 2509 tamen
271 2445 444 2510 editionem
483 2444 554 2509 rrius
572 2445 648 2509 anni
664 2445 973 2511 MCCCCLXXX.
989 2468 1009 2508 a
1024 2444 1109 2509 Mel·

152 2530 256 2596 chiore
273 2530 387 2597 Suessa
408 2553 556 2595 excusam
579 2549 733 2596 memorat
754 2530 914 2596 Fabricius
934 2531 968 2593 in
987 2530 1109 2595 Biblio-

152 2616 243 2682 theca
256 2617 371 2683 Latina
384 2618 443 2696 frib.
461 2616 486 2682 Ι.
503 2640 570 2703 cap.
589 2618 650 2682 Xl.
670 2629 803 2682 testatus
821 2639 855 2681 se
874 2616 943 2681 eius
962 2616 1109 2681 notitiam

154 2726 194 2768 ex
224 2703 270 2769 Be
314 2704 421 2769 hemio
454 2703 622 2791 accepisse.
670 2702 734 2768 Sed
770 2726 944 2790 perperam.
991 2700 1110 2767 Nullus

156 2790 237 2855 eninr
260 2728 420 2855 llirchior
445 2788 557 2855 Suessa
580 2790 645 2854 sive
672 2789 764 2855 Sessa
788 2789 872 2855 inter
898 2789 1110 2877 typographos

158 2876 257 2942 seculo
292 2878 371 2943 XV.
403 2876 468 2941 sire
502 2899 586 2941 anno
623 2877 782 2942 MXXD.
816 2891 1021 2955 memoratur,
1052 2876 1109 2941 se‘d

160 2964 279 3029 demum
317 2963 455 3028 occurrit
491 2986 577 3028 anno
613 2962 788 3028 MDVIll.
850 2963 882 3026 ui
923 2962 983 3027 sibi
1025 2986 1109 3028 anno

161 3050 343 3115 MDXVll.
371 3050 491 3114 socium
518 3048 650 3113 adscivit
676 3047 808 3113 Petrum
826 2986 874 3113 (de
901 3049 1051 3126 Ravanis,
1077 3064 1110 3115 et

160 3158 228 3200 cum
253 3158 291 3200 eo
315 3135 444 3201 Livium
470 3158 555 3200 anno
581 3134 739 3199 MDXX.
765 3133 911 3199 Veneriis
933 3135 1044 3213 edidit,
1073 3150 1110 3199 ut

162 3222 281 3287 inferius
295 3244 352 3286 suo
366 3222 436 3288 loco
450 3220 624 3287 videndum
640 3219 708 3284 erit.

75 3315 172 3379 1481.
193 3308 321 3386 Parisiis,
337 3309 370 3373 in
385 3308 487 3373 forma
501 3307 627 3373 maiore.

205 3394 291 3459 Hanc
329 3394 503 3460 editionem
543 3404 696 3459 memorat
733 3390 896 3457 Maittaire
936 3390 1110 3456 Annalium

166 3481 291 3591 Tppogr.
308 3495 383 3546 tom.
402 3479 441 3545 V.
458 3494 537 3568 part.
554 3480 598 3546 ΙΙ.
637 3482 736 3544 ‚532

82 3575 175 3641 1482.
202 3567 319 3631 larvisii
332 3590 391 3656 per
405 3566 581 3632 Iohannem
627 3563 799 3642 ercellinm,
815 3564 849 3647 in
863 3563 965 3628 forma
977 3562 1099 3626 maiori.

207 3653 255 3717 Ad
277 3653 395 3719 calcem
422 3653 516 3719 huius
541 3652 690 3717 editionis
715 3650 882 3737 sequentia
910 3649 1034 3713 adiecta
1061 3648 1112 3712 in·

169 3740 266 3805 renio:
290 3739 381 3805 ‘Hes
398 3740 467 3804 Titi
483 3740 567 3804 Livii
581 3737 726 3815 decadas,
746 3760 765 3801 a
785 3736 876 3801 Luca
895 3734 995 3799 Porro
1015 3756 1112 3820 quam

171 3826 410 3913 ‘diligentissime
422 3826 609 3913 recognitas,
619 3823 755 3889 'Fervisii
766 3821 927 3887 lohannes
936 3818 1113 3905 Vercellius

173 3913 331 4000 ‘impressit
351 3913 450 3977 Anno
479 3912 589 3977 salutis
609 3909 776 3974 millesimo
799 3906 1113 3995 quadringentesimo

175 3999 368 4086 ‘octogesimo
398 3997 559 4063 secundo.‘
602 3995 697 4061 Hanc
727 3994 902 4059 editionem
928 3994 1047 4079 ubique
1078 3994 1113 4056 in

174 4086 242 4150 notis
267 4085 464 4149 Tarvisinam
496 4084 630 4171 primam
662 4103 829 4168 perperam
860 4080 980 4158 vocavi,
1012 4102 1113 4166 quum

175 4172 317 4237 Tarvisina
342 4170 483 4236 secunda
507 4167 644 4235 dicenda
668 4166 787 4233 suisset.
833 4165 930 4245 Vide,
957 4188 1041 4253 quaa
1072 4165 1113 4229 de

176 4258 291 4325 editione
306 4256 518 4346 praecedente
533 4255 619 4320 dicta
632 4266 717 4319 sunt.
