2934 4800
375 168 479 237 LIB.
503 167 612 237 XLV.
642 171 754 239 CAP.
780 177 831 239 12.
1078 179 1139 241 183

38 294 166 376 ruditu,
194 298 344 368 Pelusii
376 305 522 370 validum
547 305 695 372 relictum
720 320 789 374 erat
812 307 1013 395 praesidium.
1064 307 1133 397 Ap-
1147 323 1180 376 U.
1195 325 1225 375 ο.
1237 325 1295 388 ⁵84·

35 386 184 485 arebat,
212 387 386 456 claustra
409 391 441 457 A
527 393 553 457 ti
577 394 689 471 teneri,
709 408 756 472 ut,
777 416 877 482 quum
898 393 1005 471 vellet,
1026 390 1175 460 rursus*-
1191 390 1222 441 0·
1240 389 1293 441 ¹⁶³*

33 484 229 537 exercitum
245 475 462 543 induceret:
527 477 571 544 llo
584 479 736 545 intestino
757 502 831 546 cum
852 481 946 545 fratre
968 502 1043 546 eum
1065 483 1134 546 exi·

35 580 98 655 um
122 556 217 636 fore,
237 574 285 625 ut
299 563 431 642 victor,
445 564 545 628 fessus
560 566 743 644 certamine,
758 589 960 654 nequaquam
981 588 1040 653 par
1061 567 1133 633 An-

29 642 143 708 aocho
159 645 318 712 futums
335 664 438 714 esset.
484 649 585 728 Haec,
600 651 775 738 prudenter
788 652 1005 718 animadversa
1024 675 1045 717 a
1066 675 1133 719 ma·

27 751 107 808 tore,
125 752 217 795 cum
234 755 398 800 assensn
411 736 516 801 minor
529 736 634 814 fiater,
650 738 770 825 quique
785 759 858 803 cum
873 761 913 803 eo
927 751 1027 814 erant,
1042 761 1132 806 aoce-

25 830 177 901 peruut:
207 841 322 884 soror
349 821 529 908 plurimum
551 822 682 900 adiuvit,
700 846 768 889 non
791 824 923 890 consilio
946 823 1050 902 modo,
1074 826 1132 892 sed

24 901 1130 1082 ffldffihffislssqlf’„i⁰ffl⁰llhll⁸ffiffil⁰b

490 1041 501 1072 ,
1120 1045 1128 1064 .

25 1095 119 1159 quae
136 1075 180 1138 in
196 1077 318 1156 bello,
337 1102 408 1145 non
428 1103 488 1167 per
508 1080 706 1146 obsidionem
727 1103 759 1146 m
803 1105 833 1160 o,
851 1082 906 1148 sed
927 1083 1023 1148 etiam
1044 1097 1132 1170 post·

28 1181 138 1244 quarn
166 1184 192 1227 a
220 1167 418 1231 moenibus
438 1166 616 1231 abscessum
637 1181 696 1244 est,
716 1168 792 1254 quia
813 1167 894 1232 nihil
915 1191 957 1233 ex
977 1169 1011 1234 A
1097 1183 1130 1235 to

27 1245 324 1330 subvehebatur,
348 1253 491 1317 omnium
511 1274 617 1317 rerum
635 1265 799 1318 attenuata
817 1254 926 1341 inopia
947 1269 1022 1320 erat.
1104 1256 1130 1320 is

32 1353 147 1417 quum
174 1333 317 1401 laetari
347 1338 547 1403 Antiochum
569 1338 762 1404 conveniens
786 1352 878 1417 esset,
902 1341 930 1404 si
954 1338 1130 1406 reducendi

32 1419 111 1482 eius
129 1442 248 1486 causa
272 1425 464 1489 exereitum
484 1424 519 1490 A
602 1437 672 1489 tum
693 1425 881 1503 induxisset,
926 1448 969 1490 uo
989 1426 1131 1526 specioso

36 1503 147 1606 titulo
167 1508 220 1572 ad
247 1533 378 1575 omnes
396 1510 494 1575 Asiae
516 1447 724 1576 dtgydraeciae
748 1449 1131 1598 ciduteslegauonibru

37 1594 264 1678 recrprendis
293 1596 463 1684 literisque
484 1595 692 1675 dimittendis,
714 1619 790 1662 usus
811 1610 888 1676 erat,
911 1595 991 1662 adeo
1014 1611 1062 1663 est
1082 1599 1131 1663 of-

40 1675 173 1756 sensns,
200 1693 247 1746 ut
272 1681 385 1747 mrdto
405 1683 508 1747 acrius
527 1682 634 1747 infesti
694 1706 736 1748 ue
759 1683 907 1748 adversus
927 1683 1018 1761 duos,
1033 1705 1130 1772 quam

44 1775 127 1827 ante
153 1766 333 1833 adversus
354 1790 465 1846 unum,
484 1782 609 1856 pararet
628 1705 756 1834 budllum.
804 1768 950 1858 Cyprum
968 1770 1130 1858 externplo

45 1847 195 1916 classem
221 1855 343 1919 misitz
366 1855 444 1941 ipse,
463 1855 568 1942 primo
585 1877 660 1920 vere
682 1877 755 1920 cum
779 1856 921 1920 exercitu
944 1856 1129 1945 Aegyptum

50 1947 188 2081 petens,
211 1938 258 2004 in
287 1939 414 2005 Coelen
439 1940 563 2028 Syriam
587 1941 747 2025 processit.
795 1941 891 2007 Circa
913 1941 1131 2007 Rhinocolura

83 2021 256 2090 tolemaei
279 2026 395 2112 legatis
413 2027 580 2112 agentibus
593 2027 718 2112 gratias,
733 2027 821 2114 quod
836 2049 893 2115 per
907 2049 981 2092 eum
995 2050 1130 2114 regnum

34 2108 728 2276 pnfflmssoepgisrffispffip
739 2135 832 2263 ”Aah
847 2135 962 2264 tlh?
977 2127 1130 2264 ‘5532ss

59 2275 181 2359 laetus
190 2284 230 2348 vi
246 2221 458 2372 atlpoueuainirs
472 2297 591 2372 ageret,
601 2222 782 2371 respondit:
807 2245 906 2351 ‘lion
919 2283 1011 2350 aliter
1023 2307 1131 2373 neque

65 2364 232 2435 ‘classem
256 2383 489 2449 revocaturum,
510 2393 617 2458 neque
639 2371 815 2437 exercitum
836 2370 1051 2449 reducturum,
1069 2370 1132 2436 nisi

65 2457 78 2487 ‘
86 2452 153 2518 sibi
169 2469 209 2521 et
230 2469 305 2523 tota
320 2458 348 2523 C
394 2480 440 2535 ro,
455 2470 490 2522 et
503 2456 642 2535 Pelusio,
656 2480 806 2573 agroque,
821 2458 878 2544 qui
892 2458 976 2521 circa
989 2457 1132 2522 Pelusia-

70 2543 172 2604 ‘cum
192 2544 318 2610 ostium
372 2542 408 2607 1li
426 2556 518 2621 esset,
536 2542 681 2621 cederet3
712 2544 864 2629 diemque
878 2542 1067 2630 praestituit,
1081 2542 1133 2607 in·

47 2635 121 2687 ³118
143 2650 251 2713 quam
277 2630 319 2695 de
342 2630 578 2695 conditionibus
599 2630 736 2717 peractis
757 2646 942 2714 responsum
964 2628 1131 2717 acciperet.

52 2707 260 2809 ⁴qutquam
274 2716 344 2781 dies
357 2716 432 2780 data
445 2716 578 2780 indutiis
597 2716 767 2802 praeteriit,
783 2715 800 2751 ⁴*
815 2714 886 2779 na'
930 2714 1036 2779 ntibus
1050 2715 1130 2780 ostio
1190 2719 1239 2781 12.

76 2793 149 2862 Ndi
169 2802 215 2866 ad
234 2802 410 2879 Pelusium,
425 2824 484 2889 per
496 2802 622 2867 deserta
635 2802 773 2866 Arabiae
788 2800 807 2837 ¹
821 2800 863 2865 ad
917 2800 1059 2888 emphim
1080 2802 1131 2866 in-

79 2882 242 2966 colebant,
258 2902 292 2954 et
312 2889 353 2953 ab
373 2888 487 2953 ceteris
501 2888 535 2952 A
619 2888 681 2965 tiis,
696 2888 812 2989 partim
826 2885 998 2965 voluntate,
1014 2886 1130 2975 partim

58 2978 181 3050 tneor,
196 2974 242 3039 ad
256 2972 493 3039 Alexandream
515 2996 548 3038 m
593 2974 648 3039 'cis
668 2974 835 3039 itineribus
855 2972 1029 3039 descendit.
1074 2972 1131 3039 Ad
1140 2992 1279 3041 omnum

81 3050 272 3125 Eleusinem
287 3074 478 3147 uansgremo
491 3060 622 3136 flumen,
636 3060 693 3161 qui
706 3058 795 3125 locus
809 3070 961 3148 quattuor
977 3058 1077 3125 millia
1091 3060 1130 3125 ab
1139 3055 1263 3166 pausem

84 3139 293 3211 Alexandrea
306 3147 404 3225 abest,
414 3144 512 3233 legati
523 3146 663 3211 Romam
677 3158 891 3211 occrurerunt.
930 3145 1022 3222 Quos
1030 3168 1130 3233 quum
1140 3124 1256 3233 &um

85 3226 292 3297 advenientes
305 3232 478 3310 salutarem,
491 3231 699 3383 dextrfflne
715 3231 853 3319 Popillio
867 3231 1061 3319 porrigerem
1085 3244 1132 3297 ta·

88 3310 183 3418 bellas
195 3319 229 3383 ei
242 3318 398 3420 Popillius
405 3332 582 3420 'senatusco
649 3332 718 3383 tum
740 3318 894 3418 habentes
913 3316 1020 3417 uadit,
1035 3332 1132 3405 atque

88 3420 231 3469 ommum
251 3427 390 3492 primum
403 3404 439 3469 rd
452 3404 559 3493 legere
572 3406 670 3470 rubet.
718 3404 845 3481 meus
859 3402 1015 3490 perlectis,
1030 3425 1149 3490 quum,

120 3606 260 3666 9Pe1mir‘]
284 3606 315 3656 ot
333 3604 438 3657 Diodor.
454 3604 518 3655 lixo.
530 3603 590 3654 Vnt.
623 3600 827 3653 Drakenborchio
844 3604 938 3651 certum
957 3600 1060 3662 ridetur,
1078 3600 1125 3652 nisi

90 3666 204 3728 min.
623 3669 922 3731 forteperaatr'rexponas
929 3665 1052 3728 perfectis.

124 3743 134 3777 1
150 3735 287 3782 Attenuare
300 3734 385 3796 iuopia
400 3731 468 3795 erat]
487 3732 592 3795 Propter
656 3749 672 3793 4
688 3730 891 3792 'Naoipoatibua
900 3731 960 3779 ostio
969 3730 1038 3790 Nat]
1052 3728 1133 3781 Locus

94 3794 197 3845 omnium
205 3810 285 3845 rerum
294 3796 405 3859 inopiam
415 3797 448 3846 ad
458 3804 558 3846 tenuem
567 3802 593 3845 et
624 3794 774 3844 hauddubie
785 3808 886 3842 maneus
896 3798 921 3843 et
929 3794 1076 3856 depravatus
1086 3800 1133 3855 est,

92 3859 491 3920 trepidumatammrsdaotaerat.
507 3860 591 3909 Dosa.
624 3874 698 3921 quem
723 3857 837 3921 Sigonius
862 3860 888 3905 et
908 3855 1047 3908 Creriariur
1070 3860 1133 3909 alter

124 3936 136 3968 r
151 3926 229 3973 Sata»
241 3926 344 3986 musar]
363 3926 478 3987 Regnum
493 3940 593 3986 nempe,
624 3924 703 3972 altero
713 3923 787 3971 modo
798 3922 905 3985 supplet.

96 3989 155 4043 quod
165 3994 281 4050 tanquam
291 4004 382 4037 munus
390 4004 436 4051 par
443 3988 595 4038 Antiochum
660 3998 674 4049 5
690 3988 733 4034 Act
750 3986 905 4046 Elarua'nem]
932 3986 973 4035 Ita
994 3985 1133 4036 emendarit

96 4057 219 4113 παρειαί,
237 4051 322 4102 Dora,
627 4048 758 4099 umerus
774 4065 818 4113 pro
835 4051 901 4112 vulg.
916 4051 1053 4099 numm
1086 4050 1134 4101 Ge·

126 4117 518 4179 summasunmna]
537 4112 595 4163 Vox
628 4112 1133 4163 terumlo'lerur'rricmfiritadi'osram

96 4182 193 4235 madir
210 4180 334 4230 crerierio
352 4181 470 4229 mendosa
488 4194 540 4229 esso
560 4178 593 4227 ri·
626 4176 787 4240 canopicon,
800 4176 871 4226 caim
886 4175 1051 4227 meminerunt
1068 4178 1134 4227 Stra·

99 4239 168 4303 detur,
192 4258 237 4306 pro
263 4260 313 4307 qna
340 4243 438 4293 Livium
471 4242 594 4306 scripsisse
625 4244 659 4291 bo
680 4241 739 4293 xvii.
758 4242 814 4291 800.
833 4245 859 4291 ot
877 4240 1020 4295 Athenaeus
1038 4239 1091 4290 xiii.
1108 4254 1133 4303 p.

101 4304 288 4358 delrtirooniicit
317 4308 418 4371 Aliquid
427 4310 503 4357 litero
511 4306 594 4357 mendi
628 4304 683 4369 576.
