2934 4800
166 173 169 182 ⁴
279 187 316 256 12
356 167 360 174 “
657 181 936 264 r1r1n1vrr

120 324 154 374 U·
165 322 196 375 0·
211 333 267 386 574·
278 316 484 406 Sempronius
501 319 665 385 Gracchus
687 319 728 385 de
745 318 916 384 Celtiberis
935 318 1090 405 sociisque
1104 339 1233 395 eorum3
1249 339 1322 404 pos-

118 389 204 501 ssiifffi
214 389 268 502 'gig‘
277 417 345 470 tero
364 406 418 471 die
437 406 474 471 L
488 407 669 472 Postumius
683 405 724 470 de
741 405 902 470 Lusitanis
915 405 1046 492 aliisque
1062 405 1204 470 eiusdem
1218 404 1323 491 regio·

117 517 149 565 de
161 469 251 581 flag&
276 492 326 556 nis
349 492 501 580 Hispanis
522 493 736 580 triumphavit.
783 492 1003 578 Quadraginta
1023 492 1123 556 millia
1142 490 1251 578 pondo
1272 513 1324 556 ar·

117 581 163 631 nis
276 580 365 665 genti
380 581 431 644 Ti.
445 580 608 646 Gracchus
624 579 792 656 transtulit,
804 580 916 665 viginti
928 579 1026 643 millia
1040 579 1186 645 Albinus.
1232 576 1324 641 Mili·

277 666 361 730 tibus
382 666 528 732 denarios
552 668 666 754 quinos
692 666 829 743 vicenos,
852 665 972 754 duplex
994 665 1182 742 centurioni,
1204 664 1323 751 triplex

277 753 377 852 equiti
400 756 493 818 ambo
517 754 709 818 diviserunt:
741 753 832 817 sociis
855 752 1062 838 tantundem,
1075 767 1230 839 quantum
1254 751 1324 815 Ro-

277 861 387 904 mams.

320 926 383 990 Per
397 926 524 992 eosdem
540 926 618 991 forte
634 917 705 991 dies¹
723 927 771 992 M.
784 926 897 990 Iunius
911 925 1021 991 consul
1035 947 1075 990 ex
1091 924 1184 990 Istria
1197 923 1324 989 comiti-

277 1035 367 1077 orum
383 1036 475 1078 causa
497 1014 631 1078 Romam
653 1015 750 1078 venit.
796 1012 880 1077 Eum
895 1035 996 1098 quum
1015 1013 1049 1076 in
1064 1026 1176 1076 senatu
1194 1011 1324 1096 fatigas-

277 1114 347 1164 sent
370 1099 667 1201 interrogationibus
689 1101 808 1164 tribuni
830 1099 930 1186 plebis
956 1099 1102 1186 Papirius
1123 1114 1156 1163 et
1178 1097 1324 1162 Licinius

276 1184 316 1250 de
332 1185 379 1264 iis,
395 1209 477 1273 quae
492 1210 526 1250 m
542 1186 635 1252 Istria
649 1201 755 1252 essent
768 1200 848 1263 actu,
858 1187 893 1250 in
907 1185 1093 1250 concionem
1105 1207 1233 1272 quoque
1248 1206 1324 1270 pro-

277 1270 446 1338 duxemnt.
492 1273 547 1338 Ad
576 1297 658 1360 quae
689 1296 789 1360 quum
818 1271 938 1350 consul,
966 1271 1030 1338 ‘Se
1059 1271 1127 1336 dies
1155 1295 1222 1336 non
1250 1270 1323 1357 plus

278 1357 446 1424 ‘undecim
461 1361 494 1424 in
510 1382 548 1424 ea
568 1361 729 1448 provincia
742 1360 857 1437 firisse,'
870 1358 1085 1447 responderet,
1102 1367 1203 1445 ‘quae
1217 1381 1251 1421 se
1266 1359 1324 1422 ab·

279 1454 386 1511 ‘sente
416 1460 486 1512 acta
515 1462 628 1524 essent,
655 1471 688 1512 se
718 1470 857 1534 quoque,
881 1460 918 1511 ut
947 1445 1026 1522 illos,
1052 1446 1136 1510 fama
1160 1459 1323 1530 comperta

278 1532 447 1610 ‘habere3’
477 1535 732 1619 exsequebantur
760 1533 877 1598 deinde
906 1546 1105 1619 quaerentes,
1136 1531 1247 1607 ‘Quid
1276 1531 1323 1595 ita

279 1628 362 1685 ‘non
377 1621 483 1706 potius
499 1621 540 1685 A.
555 1619 696 1684 Manlius
717 1621 854 1686 Romam
868 1620 1014 1696 venisset,
1030 1632 1067 1684 ut
1080 1617 1235 1684 rationem
1251 1617 1323 1682 red·

279 1705 390 1770 ‘deret
420 1706 538 1793 populo
566 1706 721 1784 Romano,
748 1729 806 1771 cur
834 1730 876 1771 cx
899 1705 1004 1770 Gallia
1029 1706 1200 1792 provincia,
1225 1727 1322 1791 quam

279 1793 424 1856 ‘sortitus
446 1806 537 1868 esset,
560 1792 594 1855 in
616 1790 741 1857 Istriam
764 1793 947 1857 transisset?
985 1792 1125 1866 Quando
1147 1791 1182 1856 id
1203 1791 1321 1856 bellum

279 1886 289 1916 ‘
300 1891 426 1942 senatus
448 1878 646 1954 decrevisset,
670 1879 798 1965 q'uando
819 1878 955 1966 populus
974 1878 1142 1947 Romanus
1162 1878 1348 1943 iussissetis
1391 1873 1397 1881 ’

279 1965 353 2041 ‘Aa
378 1963 515 2040 hercule,
540 1965 661 2051 privato
688 1966 818 2053 quidem
844 1965 975 2030 consilio
1000 1965 1119 2030 bellum
1141 1978 1322 2052 susceptum

280 2059 375 2127 ‘essa
404 2050 461 2116 sed
494 2067 618 2138 gestum
640 2052 823 2152 *prudenter
850 2052 1044 2139 fortiterque.
1104 2051 1184 2130 lmo,
1216 2065 1322 2116 utrum

280 2146 290 2176 ⁶
300 2151 480 2225 susceptum
501 2139 541 2202 sit
561 2159 706 2225 nequrus,
728 2162 771 2204 an
789 2139 998 2204 inconsultius
1019 2152 1153 2226 gestum,
1172 2138 1237 2204 dici
1256 2159 1323 2202 non

280 2231 400 2312 ‘possa
448 2224 606 2290 Stationes
628 2225 706 2290 duas
728 2226 955 2312 necopinantes
976 2227 1017 2291 ab
1040 2223 1129 2290 Istris
1150 2247 1321 2312 oppressas,

280 2319 399 2375 ‘castra
423 2310 569 2376 Romana
592 2326 692 2399 capta,
717 2313 804 2399 quod
825 2313 980 2399 peditum,
1003 2312 1091 2398 quod
1117 2313 1261 2399 equitum
1287 2312 1345 2377 ins

280 2399 409 2463 ‘castris
437 2398 551 2463 fuerit:
590 2413 710 2464 ceteros
744 2401 881 2465 inermes
914 2399 1073 2486 fusosque,
1104 2415 1178 2464 ante
1212 2410 1346 2465 omnes6
1459 2388 1460 2462 l

280 2485 461 2551 ‘consulem
485 2487 598 2573 ipsum,
626 2486 666 2550 ad
690 2509 775 2551 mare
800 2510 836 2551 ac
866 2510 961 2551 naves
988 2485 1113 2573 firgisse
1159 2486 1323 2551 Privatum

280 2580 291 2609 ‘
302 2572 674 2721 ratlionemfedditurum
694 2596 803 2639 earum
823 2596 929 2638 rerum
948 2594 1026 2650 esse,
1041 2574 1192 2660 quoniam
1212 2572 1324 2638 consul

281 2667 342 2722 ‘no
356 2660 459 2723 uisset.

180 2751 210 2811 8.
325 2744 465 2811 Comitia
490 2745 607 2811 deinde
630 2745 746 2811 habita.
794 2746 951 2812 Consules
976 2748 1084 2824 creati,
1109 2746 1150 2812 C.
1167 2746 1324 2812 Claudius

122 2834 238 2885 eomiua
279 2830 426 2910 Pulcher,
451 2832 501 2896 Ti.
520 2832 725 2933 Sempronius
749 2833 929 2898 Gracchus:
957 2847 991 2898 et
1011 2849 1137 2921 postero
1159 2834 1212 2899 die
1256 2856 1325 2898 rae-

280 2932 363 2983 tores
381 2918 466 2996 facti,
486 2919 523 2983 P.
538 2919 649 2984 Aehus
669 2919 799 2984 Tubero
818 2920 945 2997 iterum,
963 2919 1002 2986 C.
1016 2920 1188 2996 Quinctius
1245 2920 1325 2984 ami·

281 3005 385 3081 ninus,
398 3004 448 3069 Ὀ.
467 3005 641 3084 Numisius,
666 3006 703 3070 L.
721 3006 907 3085 Mummius,
932 3005 993 3071 Cn.
1009 3006 1179 3073 Cornelius
1206 3007 1323 3107 Scipio,

123 3109 273 3159 Provinciae.
284 3090 322 3155 C.
333 3090 479 3156 Valerius
491 3091 658 3157 Laevinus.
698 3092 862 3159 Tuberoni
874 3094 994 3157 urbana
1004 3090 1188 3171 iurisdictio,
1201 3094 1325 3169 Qumc·

155 3176 163 3191 ’
282 3178 326 3243 tio
348 3178 515 3266 peregrina
533 3179 648 3255 evenit,
671 3178 819 3244 Numisio
841 3180 956 3257 Sicilia,
978 3181 1138 3247 Mummio
1160 3180 1322 3245 Sardinia:

279 3264 337 3329 sed
360 3288 398 3329 ea
446 3278 552 3352 ropter
580 3266 655 3330 belli
681 3266 933 3353 magnitudinem
961 3268 1125 3354 provincia
1153 3266 1325 3333 consularis

278 3352 369 3417 facta
417 3288 580 3417 liraeehus
595 3376 664 3417 eam
679 3353 816 3431 sortitur,
829 3351 953 3418 latriam
964 3353 1125 3419 Claudius
1133 3378 1143 3432 ;
1169 3353 1276 3441 Scipio
1291 3367 1326 3419 et

280 3437 439 3503 Laevinus
456 3438 603 3517 Galliam,
620 3440 653 3504 in
675 3438 754 3504 duas
768 3439 900 3504 divisam
919 3440 1104 3529 provincias,
1120 3440 1222 3505 sortiti
1239 3453 1323 3505 sunt.

280 3523 391 3589 Idibus
410 3525 545 3604 Martiis,
562 3550 626 3614 quo
644 3526 697 3591 die
718 3526 922 3615 Sempronius
942 3526 1159 3615 Claudiusque
1180 3526 1325 3592 consula-

280 3624 348 3675 tum
364 3612 513 3691 inierunt,
529 3614 649 3678 mentio
665 3626 788 3679 tantum
803 3614 844 3679 de
863 3614 1032 3702 provinciis
1053 3614 1199 3679 Sardinia
1217 3612 1326 3679 Istria-

313 3903 329 3946 4
346 3888 448 3945 Quaado
453 3888 560 3949 populus
568 3889 693 3937 Rooroauc
704 3891 787 3938 iussis·
819 3903 871 3937 esse
883 3888 972 3938 dicitur
979 3905 1044 3953 supr.
1055 3906 1076 3940 a.
1110 3891 1326 3942 SedMJricinius

281 3952 329 4009 set]
355 3951 397 3999 Ita
419 3950 557 4000 Gronovius
579 3967 623 4015 pro
642 3955 740 4016 quondo
761 3954 789 4001 at
819 3954 906 4002 Strabo
917 3968 974 4001 cum
988 3954 1063 4003 trium
1074 3955 1195 4017 signorum
1206 3956 1326 4005 militibus

281 4016 369 4065 ballum
443 4030 507 4077 quae
522 4031 593 4064 voces
606 4016 632 4064 iu
649 4018 703 4066 edd.
722 4018 786 4079 vulg.
819 4032 910 4067 caesus
948 4019 1004 4066 Nisi
1026 4020 1089 4067 forte
1110 4020 1151 4067 hic
1172 4020 1325 4082 intelligendi

281 4084 339 4129 ante
345 4080 787 4142 populurrepetuntur,etaBalrlsero
818 4087 875 4130 sunt
892 4082 956 4145 aegri
973 4083 1052 4131 relicti
1069 4084 1095 4131 in
1113 4084 1205 4143 castris,
1221 4098 1325 4145 quorum

281 4144 351 4191 uncis
360 4144 469 4193 inclusae
479 4150 542 4193 aunt.
819 4147 912 4195 mentio
923 4148 952 4195 fit
962 4163 1028 4209 supr.
1040 4164 1063 4207 4.
1079 4149 1160 4197 carr.

314 4220 328 4268 5
346 4209 416 4265 Quod
426 4211 545 4271 peditum,
555 4212 619 4274 quod
634 4212 743 4273 equitum
758 4212 788 4259 ia
851 4209 867 4259 6
882 4214 1020 4276 Fmosqroe]
1039 4212 1149 4276 Sparsos,
1159 4212 1229 4261 nullo
1240 4210 1326 4261 ordine

282 4274 467 4333 costrirsuarit]
487 4273 593 4322 Videtur
604 4274 678 4323 adiici
689 4275 787 4335 dehere,
819 4274 963 4326 dilabentes.

281 4350 383 4385 caesum.
407 4337 564 4386 Nemcenim
573 4338 693 4400 captusin
703 4339 787 4387 castris
