<?xml version="1.0" encoding="UTF-8"?>
<!DOCTYPE html PUBLIC "-//W3C//DTD XHTML 1.0 Transitional//EN"
    "http://www.w3.org/TR/xhtml1/DTD/xhtml1-transitional.dtd">
<html xmlns="http://www.w3.org/1999/xhtml" xml:lang="en" lang="en">
 <head>
  <title>
</title>
<meta http-equiv="Content-Type" content="text/html;charset=utf-8" />
  <meta name='ocr-system' content='tesseract 3.04.00' />
  <meta name='ocr-capabilities' content='ocr_page ocr_carea ocr_par ocr_line ocrx_word'/>
</head>
<body>
  <div class='ocr_page' id='page_1' title='image "./tliviipatavinih01kreygoog_0452.png"; bbox 0 0 2934 4800; ppageno 0'>
   <div class='ocr_carea' id='block_1_1' title="bbox 363 222 1197 293">
    <p class='ocr_par' dir='ltr' id='par_1_1' title="bbox 363 222 1197 293">
     <span class='ocr_line' id='line_1_1' title="bbox 363 222 1197 293; baseline -0.007 0"><span class='ocrx_word' id='word_1_1' title='bbox 363 231 429 293; x_wconf 82' lang='lat'>438</span> <span class='ocrx_word' id='word_1_2' title='bbox 608 223 891 291; x_wconf 85' lang='lat' dir='ltr'><strong>SYLLABUS</strong></span> <span class='ocrx_word' id='word_1_3' title='bbox 924 222 1197 292; x_wconf 85' lang='lat' dir='ltr'>CODICUM</span> 
     </span>
    </p>
   </div>
   <div class='ocr_carea' id='block_1_2' title="bbox 526 586 1422 736">
    <p class='ocr_par' dir='ltr' id='par_1_2' title="bbox 526 586 1422 736">
     <span class='ocr_line' id='line_1_2' title="bbox 526 586 1422 736; baseline -0.004 -10"><span class='ocrx_word' id='word_1_4' title='bbox 526 643 885 726; x_wconf 69' lang='lat' dir='ltr'>suminus</span> <span class='ocrx_word' id='word_1_5' title='bbox 927 639 1289 736; x_wconf 73' lang='lat' dir='ltr'>conicum,</span> <span class='ocrx_word' id='word_1_6' title='bbox 1420 586 1422 645; x_wconf 73' lang='lat'>³</span> 
     </span>
    </p>
   </div>
   <div class='ocr_carea' id='block_1_3' title="bbox 378 881 1391 970">
    <p class='ocr_par' dir='ltr' id='par_1_3' title="bbox 378 881 1391 970">
     <span class='ocr_line' id='line_1_3' title="bbox 378 881 1391 970; baseline -0.008 -12"><span class='ocrx_word' id='word_1_7' title='bbox 378 885 470 970; x_wconf 87' lang='lat' dir='ltr'>QUI</span> <span class='ocrx_word' id='word_1_8' title='bbox 498 883 638 957; x_wconf 84' lang='lat' dir='ltr'><strong>APUD</strong></span> <span class='ocrx_word' id='word_1_9' title='bbox 666 883 1002 956; x_wconf 82' lang='lat' dir='ltr'>OXONIENSES</span> <span class='ocrx_word' id='word_1_10' title='bbox 1028 881 1391 956; x_wconf 63' lang='lat' dir='ltr'>assultuum.</span> 
     </span>
    </p>
   </div>
   <div class='ocr_carea' id='block_1_4' title="bbox 800 1109 998 1148">
    <p class='ocr_par' dir='ltr' id='par_1_4' title="bbox 800 1109 998 1148">
     <span class='ocr_line' id='line_1_4' title="bbox 800 1109 998 1148; baseline 0 0"><span class='ocrx_word' id='word_1_11' title='bbox 800 1109 998 1148; x_wconf 72' lang='lat'><em>——0—</em></span> 
     </span>
    </p>
   </div>
   <div class='ocr_carea' id='block_1_5' title="bbox 373 1295 1419 4403">
    <p class='ocr_par' dir='ltr' id='par_1_5' title="bbox 373 1295 1394 1729">
     <span class='ocr_line' id='line_1_5' title="bbox 452 1295 1394 1383; baseline -0.005 -19"><span class='ocrx_word' id='word_1_12' title='bbox 452 1295 586 1366; x_wconf 88' lang='lat' dir='ltr'>ODEX</span> <span class='ocrx_word' id='word_1_13' title='bbox 600 1297 858 1362; x_wconf 81' lang='lat' dir='ltr'>membranaceus</span> <span class='ocrx_word' id='word_1_14' title='bbox 877 1295 1009 1382; x_wconf 77' lang='lat' dir='ltr'>insignia</span> <span class='ocrx_word' id='word_1_15' title='bbox 1031 1295 1066 1360; x_wconf 91' lang='lat' dir='ltr'>in</span> <span class='ocrx_word' id='word_1_16' title='bbox 1081 1311 1219 1383; x_wconf 83' lang='lat' dir='ltr'>quarto,</span> <span class='ocrx_word' id='word_1_17' title='bbox 1235 1296 1311 1362; x_wconf 88' lang='lat' dir='ltr'>olim</span> <span class='ocrx_word' id='word_1_18' title='bbox 1324 1295 1394 1360; x_wconf 62' lang='lat' dir='ltr'>the</span> 
     </span>
     <span class='ocr_line' id='line_1_6' title="bbox 378 1307 1392 1472; baseline -0.004 -23"><span class='ocrx_word' id='word_1_19' title='bbox 378 1307 444 1464; x_wconf 80' lang='lat' dir='ltr'>C</span> <span class='ocrx_word' id='word_1_20' title='bbox 477 1397 656 1460; x_wconf 85' lang='lat' dir='ltr'>montanus,</span> <span class='ocrx_word' id='word_1_21' title='bbox 680 1383 811 1471; x_wconf 78' lang='lat' dir='ltr'>posthac</span> <span class='ocrx_word' id='word_1_22' title='bbox 835 1382 1107 1460; x_wconf 64' lang='lat' dir='ltr'>Meermanianue,</span> <span class='ocrx_word' id='word_1_23' title='bbox 1131 1405 1251 1472; x_wconf 86' lang='lat' dir='ltr'>nuper</span> <span class='ocrx_word' id='word_1_24' title='bbox 1272 1384 1305 1446; x_wconf 91' lang='lat' dir='ltr'>in</span> <span class='ocrx_word' id='word_1_25' title='bbox 1323 1381 1392 1445; x_wconf 68' lang='lat' dir='ltr'>hilli-</span> 
     </span>
     <span class='ocr_line' id='line_1_7' title="bbox 373 1467 1392 1547; baseline -0.001 -12"><span class='ocrx_word' id='word_1_26' title='bbox 373 1471 499 1536; x_wconf 78' lang='lat' dir='ltr'>thecam</span> <span class='ocrx_word' id='word_1_27' title='bbox 524 1470 733 1535; x_wconf 87' lang='lat' dir='ltr'>Bodleianam</span> <span class='ocrx_word' id='word_1_28' title='bbox 756 1469 883 1547; x_wconf 74' lang='lat' dir='ltr'>relabu,</span> <span class='ocrx_word' id='word_1_29' title='bbox 903 1467 1012 1546; x_wconf 84' lang='lat' dir='ltr'>seculi,</span> <span class='ocrx_word' id='word_1_30' title='bbox 1033 1484 1071 1534; x_wconf 94' lang='lat' dir='ltr'>ut</span> <span class='ocrx_word' id='word_1_31' title='bbox 1094 1469 1247 1547; x_wconf 84' lang='lat' dir='ltr'>videtur,</span> <span class='ocrx_word' id='word_1_32' title='bbox 1266 1469 1392 1533; x_wconf 54' lang='lat' dir='ltr'>unde&amp;</span> 
     </span>
     <span class='ocr_line' id='line_1_8' title="bbox 374 1556 1392 1643; baseline -0.002 -21"><span class='ocrx_word' id='word_1_33' title='bbox 374 1557 460 1622; x_wconf 84' lang='lat' dir='ltr'>baud</span> <span class='ocrx_word' id='word_1_34' title='bbox 480 1571 587 1622; x_wconf 89' lang='lat' dir='ltr'>tamen</span> <span class='ocrx_word' id='word_1_35' title='bbox 610 1557 723 1621; x_wconf 89' lang='lat' dir='ltr'>eadem</span> <span class='ocrx_word' id='word_1_36' title='bbox 747 1579 854 1633; x_wconf 89' lang='lat' dir='ltr'>manu,</span> <span class='ocrx_word' id='word_1_37' title='bbox 874 1556 1056 1620; x_wconf 78' lang='lat' dir='ltr'>charactere</span> <span class='ocrx_word' id='word_1_38' title='bbox 1078 1557 1264 1643; x_wconf 87' lang='lat' dir='ltr'>capetiano</span> <span class='ocrx_word' id='word_1_39' title='bbox 1283 1569 1392 1620; x_wconf 65' lang='lat' dir='ltr'>erm</span> 
     </span>
     <span class='ocr_line' id='line_1_9' title="bbox 374 1641 1393 1729; baseline -0.008 -21"><span class='ocrx_word' id='word_1_40' title='bbox 374 1644 416 1708; x_wconf 88' lang='lat' dir='ltr'>ali</span> <span class='ocrx_word' id='word_1_41' title='bbox 441 1643 606 1708; x_wconf 88' lang='lat' dir='ltr'>uantulum</span> <span class='ocrx_word' id='word_1_42' title='bbox 625 1643 753 1708; x_wconf 83' lang='lat' dir='ltr'>madore</span> <span class='ocrx_word' id='word_1_43' title='bbox 771 1657 937 1729; x_wconf 88' lang='lat' dir='ltr'>corruptus</span> <span class='ocrx_word' id='word_1_44' title='bbox 951 1655 985 1706; x_wconf 88' lang='lat' dir='ltr'>et</span> <span class='ocrx_word' id='word_1_45' title='bbox 999 1641 1180 1720; x_wconf 79' lang='lat' dir='ltr'>mutilatus,</span> <span class='ocrx_word' id='word_1_46' title='bbox 1197 1643 1339 1707; x_wconf 79' lang='lat' dir='ltr'>foliorum</span> <span class='ocrx_word' id='word_1_47' title='bbox 1350 1646 1393 1702; x_wconf 69' lang='lat' dir='ltr'>le.</span> 
     </span>
    </p>

    <p class='ocr_par' dir='ltr' id='par_1_6' title="bbox 417 1667 1392 1816">
     <span class='ocr_line' id='line_1_10' title="bbox 417 1667 1392 1816; baseline -0.007 -21"><span class='ocrx_word' id='word_1_48' title='bbox 417 1667 576 1795; x_wconf 62' lang='lat' dir='ltr'>Continet</span> <span class='ocrx_word' id='word_1_49' title='bbox 593 1730 677 1794; x_wconf 87' lang='lat' dir='ltr'>Livii</span> <span class='ocrx_word' id='word_1_50' title='bbox 694 1729 908 1794; x_wconf 80' lang='lat' dir='ltr'>Historiarum</span> <span class='ocrx_word' id='word_1_51' title='bbox 927 1728 1024 1793; x_wconf 77' lang='lat' dir='ltr'>libros</span> <span class='ocrx_word' id='word_1_52' title='bbox 1038 1728 1155 1792; x_wconf 89' lang='lat' dir='ltr'>decem</span> <span class='ocrx_word' id='word_1_53' title='bbox 1179 1730 1322 1816; x_wconf 81' lang='lat' dir='ltr'>priorcs;</span> <span class='ocrx_word' id='word_1_54' title='bbox 1339 1726 1392 1788; x_wconf 68' lang='lat' dir='ltr'>dee</span> 
     </span>
    </p>

    <p class='ocr_par' dir='ltr' id='par_1_7' title="bbox 375 1813 1393 2746">
     <span class='ocr_line' id='line_1_11' title="bbox 375 1813 1393 1902; baseline 0.001 -23"><span class='ocrx_word' id='word_1_55' title='bbox 375 1828 481 1880; x_wconf 88' lang='lat' dir='ltr'>autem</span> <span class='ocrx_word' id='word_1_56' title='bbox 497 1814 642 1880; x_wconf 78' lang='lat' dir='ltr'>decimus</span> <span class='ocrx_word' id='word_1_57' title='bbox 659 1839 679 1880; x_wconf 87' lang='lat' dir='ltr'>a</span> <span class='ocrx_word' id='word_1_58' title='bbox 697 1815 800 1880; x_wconf 83' lang='lat' dir='ltr'>verbis</span> <span class='ocrx_word' id='word_1_59' title='bbox 822 1815 885 1879; x_wconf 87' lang='lat' dir='ltr'>‘ad</span> <span class='ocrx_word' id='word_1_60' title='bbox 904 1814 1059 1902; x_wconf 80' lang='lat' dir='ltr'>collegam</span> <span class='ocrx_word' id='word_1_61' title='bbox 1078 1813 1118 1880; x_wconf 87' lang='lat' dir='ltr'>P.</span> <span class='ocrx_word' id='word_1_62' title='bbox 1131 1815 1286 1881; x_wconf 83' lang='lat' dir='ltr'>Decium</span> <span class='ocrx_word' id='word_1_63' title='bbox 1302 1834 1393 1900; x_wconf 68' lang='lat' dir='ltr'>postu*</span> 
     </span>
     <span class='ocr_line' id='line_1_12' title="bbox 377 1900 1293 1990; baseline -0.001 -24"><span class='ocrx_word' id='word_1_64' title='bbox 377 1901 484 1966; x_wconf 85' lang='lat' dir='ltr'>‘dum</span> <span class='ocrx_word' id='word_1_65' title='bbox 530 1900 570 1966; x_wconf 92' lang='lat' dir='ltr'>Id</span> <span class='ocrx_word' id='word_1_66' title='bbox 584 1903 741 1967; x_wconf 77' lang='lat' dir='ltr'>senectuti</span> <span class='ocrx_word' id='word_1_67' title='bbox 755 1925 830 1966; x_wconf 85' lang='lat' dir='ltr'>suae</span> <span class='ocrx_word' id='word_1_68' title='bbox 845 1900 1222 1990; x_wconf 85' lang='lat' dir='ltr'>adminiculum.’—cap.</span> <span class='ocrx_word' id='word_1_69' title='bbox 1239 1907 1293 1965; x_wconf 78' lang='lat'>22.</span> 
     </span>
     <span class='ocr_line' id='line_1_13' title="bbox 379 1982 1391 2090; baseline -0.006 -38"><span class='ocrx_word' id='word_1_70' title='bbox 379 2076 385 2090; x_wconf 38' lang='grc' dir='ltr'>ι</span> <span class='ocrx_word' id='word_1_71' title='bbox 414 1987 562 2089; x_wconf 53' lang='grc' dir='ltr'>ΙἙρεοιιεειι</span> <span class='ocrx_word' id='word_1_72' title='bbox 582 2001 632 2053; x_wconf 86' lang='lat' dir='ltr'>est</span> <span class='ocrx_word' id='word_1_73' title='bbox 653 1989 749 2054; x_wconf 88' lang='lat' dir='ltr'>etiam</span> <span class='ocrx_word' id='word_1_74' title='bbox 764 1987 932 2075; x_wconf 84' lang='lat' dir='ltr'>quaternio</span> <span class='ocrx_word' id='word_1_75' title='bbox 953 1988 1058 2053; x_wconf 82' lang='lat' dir='ltr'>octavi</span> <span class='ocrx_word' id='word_1_76' title='bbox 1075 1987 1181 2054; x_wconf 88' lang='lat' dir='ltr'>finem</span> <span class='ocrx_word' id='word_1_77' title='bbox 1208 2001 1247 2053; x_wconf 89' lang='lat' dir='ltr'>et</span> <span class='ocrx_word' id='word_1_78' title='bbox 1265 1987 1333 2052; x_wconf 90' lang='lat' dir='ltr'>noui</span> <span class='ocrx_word' id='word_1_79' title='bbox 1349 1982 1391 2046; x_wconf 69' lang='lat' dir='ltr'>liiii</span> 
     </span>
     <span class='ocr_line' id='line_1_14' title="bbox 377 2075 1391 2248; baseline 0 -23"><span class='ocrx_word' id='word_1_80' title='bbox 377 2075 745 2248; x_wconf 46' lang='lat' dir='ltr'>mlliiliinnecilibiih‘iiihlli</span> <span class='ocrx_word' id='word_1_81' title='bbox 756 2161 872 2248; x_wconf 84' lang='lat' dir='ltr'>legitur</span> <span class='ocrx_word' id='word_1_82' title='bbox 884 2160 983 2225; x_wconf 80' lang='lat' dir='ltr'>literis</span> <span class='ocrx_word' id='word_1_83' title='bbox 997 2160 1211 2226; x_wconf 80' lang='lat' dir='ltr'>unncialibus</span> <span class='ocrx_word' id='word_1_84' title='bbox 1225 2175 1261 2227; x_wconf 92' lang='lat' dir='ltr'>et</span> <span class='ocrx_word' id='word_1_85' title='bbox 1274 2157 1391 2225; x_wconf 65' lang='lat' dir='ltr'>mbrlue</span> 
     </span>
     <span class='ocr_line' id='line_1_15' title="bbox 377 2245 1391 2335; baseline -0.003 -24"><span class='ocrx_word' id='word_1_86' title='bbox 377 2261 505 2312; x_wconf 88' lang='lat' dir='ltr'>exarata</span> <span class='ocrx_word' id='word_1_87' title='bbox 526 2247 640 2312; x_wconf 87' lang='lat' dir='ltr'>notitia</span> <span class='ocrx_word' id='word_1_88' title='bbox 662 2270 799 2335; x_wconf 83' lang='lat' dir='ltr'>sequena</span> <span class='ocrx_word' id='word_1_89' title='bbox 822 2247 912 2312; x_wconf 85' lang='lat' dir='ltr'>‘Titi</span> <span class='ocrx_word' id='word_1_90' title='bbox 934 2247 1019 2312; x_wconf 88' lang='lat' dir='ltr'>Livii</span> <span class='ocrx_word' id='word_1_91' title='bbox 1044 2246 1300 2314; x_wconf 75' lang='lat' dir='ltr'>Nichomachm</span> <span class='ocrx_word' id='word_1_92' title='bbox 1337 2245 1391 2308; x_wconf 76' lang='lat' dir='ltr'>bu-</span> 
     </span>
     <span class='ocr_line' id='line_1_16' title="bbox 378 2331 1390 2422; baseline -0.003 -25"><span class='ocrx_word' id='word_1_93' title='bbox 378 2343 500 2398; x_wconf 89' lang='lat' dir='ltr'>‘tervm</span> <span class='ocrx_word' id='word_1_94' title='bbox 524 2334 700 2399; x_wconf 86' lang='lat' dir='ltr'>emendavi.</span> <span class='ocrx_word' id='word_1_95' title='bbox 726 2334 767 2398; x_wconf 90' lang='lat' dir='ltr'>ad</span> <span class='ocrx_word' id='word_1_96' title='bbox 790 2333 939 2422; x_wconf 73' lang='lat' dir='ltr'>exempli⁷</span> <span class='ocrx_word' id='word_1_97' title='bbox 958 2332 1098 2398; x_wconf 59' lang='lat' dir='ltr'>Parente.</span> <span class='ocrx_word' id='word_1_98' title='bbox 1121 2336 1190 2399; x_wconf 89' lang='lat' dir='ltr'>mei</span> <span class='ocrx_word' id='word_1_99' title='bbox 1221 2331 1390 2401; x_wconf 67' lang='lat' dir='ltr'>Clementiae·</span> 
     </span>
     <span class='ocr_line' id='line_1_17' title="bbox 378 2418 1391 2487; baseline -0.006 0"><span class='ocrx_word' id='word_1_100' title='bbox 378 2422 437 2487; x_wconf 89' lang='lat' dir='ltr'>‘ab</span> <span class='ocrx_word' id='word_1_101' title='bbox 470 2422 545 2486; x_wconf 88' lang='lat' dir='ltr'>vrbe</span> <span class='ocrx_word' id='word_1_102' title='bbox 572 2421 665 2487; x_wconf 90' lang='lat' dir='ltr'>cond.</span> <span class='ocrx_word' id='word_1_103' title='bbox 688 2420 890 2486; x_wconf 74' lang='lat' dir='ltr'>Victorinum</span> <span class='ocrx_word' id='word_1_104' title='bbox 918 2422 1140 2486; x_wconf 84' lang='lat' dir='ltr'>emendabam.</span> <span class='ocrx_word' id='word_1_105' title='bbox 1187 2422 1326 2487; x_wconf 86' lang='lat' dir='ltr'>Domnis</span> <span class='ocrx_word' id='word_1_106' title='bbox 1341 2418 1391 2481; x_wconf 47' lang='lat' dir='ltr'>Sne</span> 
     </span>
     <span class='ocr_line' id='line_1_18' title="bbox 379 2502 1388 2597; baseline -0.007 -25"><span class='ocrx_word' id='word_1_107' title='bbox 379 2508 538 2573; x_wconf 61' lang='lat' dir='ltr'>‘machia’</span> <span class='ocrx_word' id='word_1_108' title='bbox 571 2507 642 2573; x_wconf 86' lang='lat' dir='ltr'>Lib.</span> <span class='ocrx_word' id='word_1_109' title='bbox 659 2507 700 2571; x_wconf 93' lang='lat' dir='ltr'>V.</span> <span class='ocrx_word' id='word_1_110' title='bbox 717 2508 859 2595; x_wconf 87' lang='lat' dir='ltr'>explicit.</span> <span class='ocrx_word' id='word_1_111' title='bbox 894 2506 1013 2595; x_wconf 90' lang='lat' dir='ltr'>Incipit</span> <span class='ocrx_word' id='word_1_112' title='bbox 1035 2506 1089 2572; x_wconf 90' lang='lat' dir='ltr'>lib.</span> <span class='ocrx_word' id='word_1_113' title='bbox 1106 2506 1170 2572; x_wconf 93' lang='lat' dir='ltr'>VI.</span> <span class='ocrx_word' id='word_1_114' title='bbox 1212 2509 1321 2597; x_wconf 69' lang='lat' dir='ltr'>[Auel.</span> <span class='ocrx_word' id='word_1_115' title='bbox 1340 2502 1388 2568; x_wconf 72' lang='lat' dir='ltr'>ll</span> 
     </span>
     <span class='ocr_line' id='line_1_19' title="bbox 376 2594 743 2746; baseline -0.003 -87"><span class='ocrx_word' id='word_1_116' title='bbox 376 2594 456 2746; x_wconf 44' lang='lat'>243</span> <span class='ocrx_word' id='word_1_117' title='bbox 471 2595 508 2660; x_wconf 87' lang='lat' dir='ltr'>cf.</span> <span class='ocrx_word' id='word_1_118' title='bbox 525 2618 609 2682; x_wconf 88' lang='lat' dir='ltr'>supr.</span> <span class='ocrx_word' id='word_1_119' title='bbox 625 2618 655 2682; x_wconf 86' lang='lat' dir='ltr'>p</span> <span class='ocrx_word' id='word_1_120' title='bbox 668 2600 743 2659; x_wconf 84' lang='lat'>420.</span> 
     </span>
    </p>

    <p class='ocr_par' dir='ltr' id='par_1_8' title="bbox 376 2678 1390 3092">
     <span class='ocr_line' id='line_1_20' title="bbox 458 2678 1390 2759; baseline -0.005 -12"><span class='ocrx_word' id='word_1_121' title='bbox 458 2731 466 2747; x_wconf 91' lang='lat'>.</span> <span class='ocrx_word' id='word_1_122' title='bbox 492 2680 607 2745; x_wconf 88' lang='lat' dir='ltr'>Codex</span> <span class='ocrx_word' id='word_1_123' title='bbox 637 2682 895 2745; x_wconf 83' lang='lat' dir='ltr'>membranaceus</span> <span class='ocrx_word' id='word_1_124' title='bbox 920 2681 954 2744; x_wconf 94' lang='lat' dir='ltr'>in</span> <span class='ocrx_word' id='word_1_125' title='bbox 979 2679 1065 2756; x_wconf 84' lang='lat' dir='ltr'>solio,</span> <span class='ocrx_word' id='word_1_126' title='bbox 1092 2681 1210 2759; x_wconf 81' lang='lat' dir='ltr'>seculi,</span> <span class='ocrx_word' id='word_1_127' title='bbox 1239 2696 1277 2746; x_wconf 87' lang='lat' dir='ltr'>ut</span> <span class='ocrx_word' id='word_1_128' title='bbox 1297 2678 1390 2742; x_wconf 71' lang='lat' dir='ltr'>viden</span> 
     </span>
     <span class='ocr_line' id='line_1_21' title="bbox 377 2765 1389 2867; baseline 0.006 -37"><span class='ocrx_word' id='word_1_129' title='bbox 377 2765 494 2831; x_wconf 88' lang='lat' dir='ltr'>decimi</span> <span class='ocrx_word' id='word_1_130' title='bbox 509 2768 612 2867; x_wconf 87' lang='lat' dir='ltr'>quarti</span> <span class='ocrx_word' id='word_1_131' title='bbox 627 2768 784 2845; x_wconf 90' lang='lat' dir='ltr'>exeuntis,</span> <span class='ocrx_word' id='word_1_132' title='bbox 800 2766 924 2833; x_wconf 86' lang='lat' dir='ltr'>duabus</span> <span class='ocrx_word' id='word_1_133' title='bbox 933 2766 1090 2831; x_wconf 89' lang='lat' dir='ltr'>columnis</span> <span class='ocrx_word' id='word_1_134' title='bbox 1104 2768 1215 2833; x_wconf 87' lang='lat' dir='ltr'>nitide</span> <span class='ocrx_word' id='word_1_135' title='bbox 1231 2776 1389 2836; x_wconf 53' lang='lat' dir='ltr'>eruum</span> 
     </span>
     <span class='ocr_line' id='line_1_22' title="bbox 378 2852 1390 2941; baseline -0.004 -24"><span class='ocrx_word' id='word_1_136' title='bbox 378 2853 484 2939; x_wconf 90' lang='lat' dir='ltr'>quoad</span> <span class='ocrx_word' id='word_1_137' title='bbox 508 2854 614 2918; x_wconf 79' lang='lat' dir='ltr'>literas</span> <span class='ocrx_word' id='word_1_138' title='bbox 637 2854 774 2918; x_wconf 85' lang='lat' dir='ltr'>initiales</span> <span class='ocrx_word' id='word_1_139' title='bbox 797 2854 901 2941; x_wconf 87' lang='lat' dir='ltr'>pictus</span> <span class='ocrx_word' id='word_1_140' title='bbox 923 2865 957 2918; x_wconf 89' lang='lat' dir='ltr'>et</span> <span class='ocrx_word' id='word_1_141' title='bbox 978 2852 1032 2917; x_wconf 94' lang='lat' dir='ltr'>hic</span> <span class='ocrx_word' id='word_1_142' title='bbox 1056 2852 1121 2916; x_wconf 92' lang='lat' dir='ltr'>illic</span> <span class='ocrx_word' id='word_1_143' title='bbox 1141 2854 1323 2929; x_wconf 75' lang='lat' dir='ltr'>deauranu,</span> <span class='ocrx_word' id='word_1_144' title='bbox 1338 2853 1390 2913; x_wconf 74' lang='lat' dir='ltr'>inu</span> 
     </span>
     <span class='ocr_line' id='line_1_23' title="bbox 378 2938 1387 3007; baseline -0.001 -6"><span class='ocrx_word' id='word_1_145' title='bbox 378 2940 503 3004; x_wconf 88' lang='lat' dir='ltr'>codices</span> <span class='ocrx_word' id='word_1_146' title='bbox 534 2940 717 3004; x_wconf 88' lang='lat' dir='ltr'>Laudianos</span> <span class='ocrx_word' id='word_1_147' title='bbox 747 2940 781 3003; x_wconf 91' lang='lat' dir='ltr'>in</span> <span class='ocrx_word' id='word_1_148' title='bbox 811 2939 1003 3005; x_wconf 86' lang='lat' dir='ltr'>bibliotheca</span> <span class='ocrx_word' id='word_1_149' title='bbox 1031 2938 1218 3007; x_wconf 74' lang='lat' dir='ltr'>Bodleiano</span> <span class='ocrx_word' id='word_1_150' title='bbox 1249 2954 1387 3006; x_wconf 66' lang='lat' dir='ltr'>mom</span> 
     </span>
     <span class='ocr_line' id='line_1_24' title="bbox 376 3024 613 3092; baseline 0.021 -5"><span class='ocrx_word' id='word_1_151' title='bbox 376 3024 522 3089; x_wconf 86' lang='lat' dir='ltr'>foliorum</span> <span class='ocrx_word' id='word_1_152' title='bbox 542 3030 613 3092; x_wconf 88' lang='lat'>104.</span> 
     </span>
    </p>

    <p class='ocr_par' dir='ltr' id='par_1_9' title="bbox 377 3110 1419 3607">
     <span class='ocr_line' id='line_1_25' title="bbox 423 3110 1388 3179; baseline -0.006 -4"><span class='ocrx_word' id='word_1_153' title='bbox 423 3110 487 3176; x_wconf 92' lang='lat' dir='ltr'>Hic</span> <span class='ocrx_word' id='word_1_154' title='bbox 517 3112 620 3177; x_wconf 89' lang='lat' dir='ltr'>codex</span> <span class='ocrx_word' id='word_1_155' title='bbox 649 3111 724 3177; x_wconf 91' lang='lat' dir='ltr'>olim</span> <span class='ocrx_word' id='word_1_156' title='bbox 755 3112 796 3177; x_wconf 86' lang='lat' dir='ltr'>ad</span> <span class='ocrx_word' id='word_1_157' title='bbox 826 3112 1027 3177; x_wconf 83' lang='lat' dir='ltr'>Franciecum</span> <span class='ocrx_word' id='word_1_158' title='bbox 1056 3111 1241 3179; x_wconf 85' lang='lat' dir='ltr'>Barbarum</span> <span class='ocrx_word' id='word_1_159' title='bbox 1270 3112 1388 3176; x_wconf 75' lang='lat' dir='ltr'>Venetia</span> 
     </span>
     <span class='ocr_line' id='line_1_26' title="bbox 377 3196 1387 3313; baseline -0.001 -52"><span class='ocrx_word' id='word_1_160' title='bbox 377 3196 561 3275; x_wconf 85' lang='lat' dir='ltr'>Patricium,</span> <span class='ocrx_word' id='word_1_161' title='bbox 573 3212 687 3313; x_wconf 85' lang='lat' dir='ltr'>postea</span> <span class='ocrx_word' id='word_1_162' title='bbox 710 3208 757 3263; x_wconf 88' lang='lat' dir='ltr'>a⁰.</span> <span class='ocrx_word' id='word_1_163' title='bbox 777 3204 869 3264; x_wconf 83' lang='grc'>1525.</span> <span class='ocrx_word' id='word_1_164' title='bbox 893 3200 936 3263; x_wconf 87' lang='lat' dir='ltr'>ad</span> <span class='ocrx_word' id='word_1_165' title='bbox 955 3198 1107 3264; x_wconf 88' lang='lat' dir='ltr'>loannem</span> <span class='ocrx_word' id='word_1_166' title='bbox 1127 3198 1331 3266; x_wconf 85' lang='lat' dir='ltr'>Manfredum</span> <span class='ocrx_word' id='word_1_167' title='bbox 1345 3214 1387 3280; x_wconf 63' lang='lat' dir='ltr'>tu·</span> 
     </span>
     <span class='ocr_line' id='line_1_27' title="bbox 378 3284 1419 3373; baseline -0.003 -25"><span class='ocrx_word' id='word_1_168' title='bbox 378 3284 509 3349; x_wconf 88' lang='lat' dir='ltr'>tinebat.</span> <span class='ocrx_word' id='word_1_169' title='bbox 557 3284 712 3349; x_wconf 72' lang='lat' dir='ltr'>Continet</span> <span class='ocrx_word' id='word_1_170' title='bbox 732 3285 844 3350; x_wconf 88' lang='lat' dir='ltr'>decem</span> <span class='ocrx_word' id='word_1_171' title='bbox 864 3286 982 3373; x_wconf 86' lang='lat' dir='ltr'>primos</span> <span class='ocrx_word' id='word_1_172' title='bbox 1001 3284 1105 3362; x_wconf 79' lang='lat' dir='ltr'>libros,</span> <span class='ocrx_word' id='word_1_173' title='bbox 1121 3308 1202 3350; x_wconf 90' lang='lat' dir='ltr'>cum</span> <span class='ocrx_word' id='word_1_174' title='bbox 1219 3285 1329 3353; x_wconf 76' lang='lat' dir='ltr'>noiulit</span> <span class='ocrx_word' id='word_1_175' title='bbox 1339 3300 1388 3345; x_wconf 81' lang='lat' dir='ltr'>mr·</span> <span class='ocrx_word' id='word_1_176' title='bbox 1418 3335 1419 3338; x_wconf 14' lang='grc' dir='ltr'>η</span> 
     </span>
     <span class='ocr_line' id='line_1_28' title="bbox 378 3364 1387 3459; baseline 0.003 -25"><span class='ocrx_word' id='word_1_177' title='bbox 378 3370 536 3457; x_wconf 84' lang='lat' dir='ltr'>ginalibus</span> <span class='ocrx_word' id='word_1_178' title='bbox 556 3372 737 3449; x_wconf 77' lang='lat' dir='ltr'>instructoS,</span> <span class='ocrx_word' id='word_1_179' title='bbox 757 3395 884 3437; x_wconf 89' lang='lat' dir='ltr'>necnon</span> <span class='ocrx_word' id='word_1_180' title='bbox 898 3395 971 3437; x_wconf 92' lang='lat' dir='ltr'>cum</span> <span class='ocrx_word' id='word_1_181' title='bbox 986 3371 1074 3436; x_wconf 86' lang='lat' dir='ltr'>brevi</span> <span class='ocrx_word' id='word_1_182' title='bbox 1091 3390 1287 3459; x_wconf 83' lang='lat' dir='ltr'>argumento</span> <span class='ocrx_word' id='word_1_183' title='bbox 1298 3364 1387 3453; x_wconf 56' lang='lat' dir='ltr'>singli·</span> 
     </span>
     <span class='ocr_line' id='line_1_29' title="bbox 378 3456 1384 3607; baseline 0.004 -87"><span class='ocrx_word' id='word_1_184' title='bbox 378 3458 533 3607; x_wconf 73' lang='lat' dir='ltr'>capitibus</span> <span class='ocrx_word' id='word_1_185' title='bbox 547 3459 727 3544; x_wconf 83' lang='lat' dir='ltr'>praemisso.</span> <span class='ocrx_word' id='word_1_186' title='bbox 756 3458 880 3545; x_wconf 80' lang='lat' dir='ltr'>[Laud.</span> <span class='ocrx_word' id='word_1_187' title='bbox 896 3460 974 3524; x_wconf 82' lang='lat' dir='ltr'>Lot.</span> <span class='ocrx_word' id='word_1_188' title='bbox 991 3456 1062 3545; x_wconf 89' lang='grc'>50.]</span> <span class='ocrx_word' id='word_1_189' title='bbox 1379 3535 1384 3545; x_wconf 42' lang='grc'><strong><em>,</em></strong></span> 
     </span>
    </p>

    <p class='ocr_par' dir='ltr' id='par_1_10' title="bbox 377 3540 1387 3965">
     <span class='ocr_line' id='line_1_30' title="bbox 440 3540 1384 3622; baseline 0 -15"><span class='ocrx_word' id='word_1_190' title='bbox 440 3542 484 3608; x_wconf 88' lang='grc' dir='ltr'>Π.</span> <span class='ocrx_word' id='word_1_191' title='bbox 511 3543 625 3608; x_wconf 86' lang='lat' dir='ltr'>Codex</span> <span class='ocrx_word' id='word_1_192' title='bbox 642 3544 899 3609; x_wconf 77' lang='lat' dir='ltr'>membranaceus</span> <span class='ocrx_word' id='word_1_193' title='bbox 916 3543 1041 3608; x_wconf 82' lang='lat' dir='ltr'>infolio</span> <span class='ocrx_word' id='word_1_194' title='bbox 1056 3544 1179 3622; x_wconf 89' lang='lat' dir='ltr'>maiori,</span> <span class='ocrx_word' id='word_1_195' title='bbox 1196 3546 1296 3611; x_wconf 81' lang='lat' dir='ltr'>seculi</span> <span class='ocrx_word' id='word_1_196' title='bbox 1307 3540 1384 3607; x_wconf 71' lang='lat' dir='ltr'>decu</span> 
     </span>
     <span class='ocr_line' id='line_1_31' title="bbox 378 3626 1387 3717; baseline -0.002 -24"><span class='ocrx_word' id='word_1_197' title='bbox 378 3630 492 3715; x_wconf 90' lang='lat' dir='ltr'>quinti,</span> <span class='ocrx_word' id='word_1_198' title='bbox 511 3630 634 3694; x_wconf 84' lang='lat' dir='ltr'>duabus</span> <span class='ocrx_word' id='word_1_199' title='bbox 657 3629 813 3694; x_wconf 84' lang='lat' dir='ltr'>columnia</span> <span class='ocrx_word' id='word_1_200' title='bbox 830 3643 985 3707; x_wconf 76' lang='lat' dir='ltr'>exaratus,</span> <span class='ocrx_word' id='word_1_201' title='bbox 1002 3644 1035 3695; x_wconf 88' lang='lat' dir='ltr'>et</span> <span class='ocrx_word' id='word_1_202' title='bbox 1053 3630 1162 3717; x_wconf 86' lang='lat' dir='ltr'>quoad</span> <span class='ocrx_word' id='word_1_203' title='bbox 1185 3632 1309 3697; x_wconf 88' lang='lat' dir='ltr'>literam</span> <span class='ocrx_word' id='word_1_204' title='bbox 1327 3626 1387 3691; x_wconf 76' lang='lat' dir='ltr'><strong>unius</strong></span> 
     </span>
     <span class='ocr_line' id='line_1_32' title="bbox 377 3715 1384 3803; baseline 0.005 -24"><span class='ocrx_word' id='word_1_205' title='bbox 377 3717 531 3803; x_wconf 81' lang='lat' dir='ltr'>cuiusque</span> <span class='ocrx_word' id='word_1_206' title='bbox 552 3715 680 3780; x_wconf 87' lang='lat' dir='ltr'>decadis</span> <span class='ocrx_word' id='word_1_207' title='bbox 699 3716 854 3781; x_wconf 87' lang='lat' dir='ltr'>initialem</span> <span class='ocrx_word' id='word_1_208' title='bbox 875 3716 1081 3793; x_wconf 85' lang='lat' dir='ltr'>illuminatus,</span> <span class='ocrx_word' id='word_1_209' title='bbox 1096 3716 1233 3783; x_wconf 84' lang='lat' dir='ltr'>madore</span> <span class='ocrx_word' id='word_1_210' title='bbox 1254 3727 1384 3801; x_wconf 56' lang='grc' dir='ltr'>οοιτιιρίΰζ</span> 
     </span>
     <span class='ocr_line' id='line_1_33' title="bbox 377 3801 1386 3871; baseline 0 -6"><span class='ocrx_word' id='word_1_211' title='bbox 377 3804 461 3866; x_wconf 81' lang='lat' dir='ltr'>inter</span> <span class='ocrx_word' id='word_1_212' title='bbox 485 3802 610 3867; x_wconf 89' lang='lat' dir='ltr'>codices</span> <span class='ocrx_word' id='word_1_213' title='bbox 636 3801 820 3867; x_wconf 86' lang='lat' dir='ltr'>Laudianos</span> <span class='ocrx_word' id='word_1_214' title='bbox 848 3802 882 3866; x_wconf 92' lang='lat' dir='ltr'>in</span> <span class='ocrx_word' id='word_1_215' title='bbox 907 3802 1099 3867; x_wconf 86' lang='lat' dir='ltr'>bibliotheca</span> <span class='ocrx_word' id='word_1_216' title='bbox 1125 3802 1304 3871; x_wconf 74' lang='lat' dir='ltr'>Bodleiano</span> <span class='ocrx_word' id='word_1_217' title='bbox 1323 3817 1386 3865; x_wconf 65' lang='lat' dir='ltr'>met</span> 
     </span>
     <span class='ocr_line' id='line_1_34' title="bbox 378 3888 729 3965; baseline 0 -12"><span class='ocrx_word' id='word_1_218' title='bbox 378 3903 477 3965; x_wconf 83' lang='lat' dir='ltr'>vatus,</span> <span class='ocrx_word' id='word_1_219' title='bbox 493 3888 639 3953; x_wconf 86' lang='lat' dir='ltr'>foliorum</span> <span class='ocrx_word' id='word_1_220' title='bbox 658 3894 729 3953; x_wconf 87' lang='lat'>180.</span> 
     </span>
    </p>

    <p class='ocr_par' dir='ltr' id='par_1_11' title="bbox 376 3971 1383 4403">
     <span class='ocr_line' id='line_1_35' title="bbox 423 3971 1383 4061; baseline 0.001 -22"><span class='ocrx_word' id='word_1_221' title='bbox 423 3973 578 4039; x_wconf 86' lang='lat' dir='ltr'>Continet</span> <span class='ocrx_word' id='word_1_222' title='bbox 592 3973 702 4039; x_wconf 90' lang='lat' dir='ltr'>decem</span> <span class='ocrx_word' id='word_1_223' title='bbox 723 3974 843 4061; x_wconf 86' lang='lat' dir='ltr'>priores</span> <span class='ocrx_word' id='word_1_224' title='bbox 862 3974 967 4052; x_wconf 85' lang='lat' dir='ltr'>libros,</span> <span class='ocrx_word' id='word_1_225' title='bbox 982 3998 1109 4041; x_wconf 90' lang='lat' dir='ltr'>necnon</span> <span class='ocrx_word' id='word_1_226' title='bbox 1125 3999 1144 4040; x_wconf 90' lang='lat' dir='ltr'>a</span> <span class='ocrx_word' id='word_1_227' title='bbox 1157 3977 1308 4043; x_wconf 73' lang='lat' dir='ltr'>riceeimo</span> <span class='ocrx_word' id='word_1_228' title='bbox 1319 3971 1383 4061; x_wconf 80' lang='lat' dir='ltr'>prim</span> 
     </span>
     <span class='ocr_line' id='line_1_36' title="bbox 377 4060 1383 4148; baseline 0.004 -23"><span class='ocrx_word' id='word_1_229' title='bbox 377 4084 477 4147; x_wconf 84' lang='lat' dir='ltr'>usquc</span> <span class='ocrx_word' id='word_1_230' title='bbox 500 4060 541 4125; x_wconf 88' lang='lat' dir='ltr'>ad</span> <span class='ocrx_word' id='word_1_231' title='bbox 563 4060 839 4148; x_wconf 77' lang='lat' dir='ltr'>quadragesimum</span> <span class='ocrx_word' id='word_1_232' title='bbox 862 4060 978 4125; x_wconf 91' lang='lat' dir='ltr'>librum</span> <span class='ocrx_word' id='word_1_233' title='bbox 1001 4062 1165 4140; x_wconf 84' lang='lat' dir='ltr'>inclusive,</span> <span class='ocrx_word' id='word_1_234' title='bbox 1181 4066 1298 4129; x_wconf 60' lang='lat' dir='ltr'>omisso</span> <span class='ocrx_word' id='word_1_235' title='bbox 1316 4074 1383 4148; x_wconf 62' lang='lat' dir='ltr'>tm</span> 
     </span>
     <span class='ocr_line' id='line_1_37' title="bbox 377 4144 1382 4247; baseline 0.006 -37"><span class='ocrx_word' id='word_1_236' title='bbox 377 4148 535 4212; x_wconf 86' lang='lat' dir='ltr'>tricesimo</span> <span class='ocrx_word' id='word_1_237' title='bbox 555 4149 669 4224; x_wconf 79' lang='lat' dir='ltr'>terti03</span> <span class='ocrx_word' id='word_1_238' title='bbox 701 4147 792 4212; x_wconf 81' lang='lat' dir='ltr'>deest</span> <span class='ocrx_word' id='word_1_239' title='bbox 811 4170 939 4247; x_wconf 84' lang='lat' dir='ltr'>quoque</span> <span class='ocrx_word' id='word_1_240' title='bbox 964 4147 1075 4213; x_wconf 76' lang='lat' dir='ltr'>idtima</span> <span class='ocrx_word' id='word_1_241' title='bbox 1097 4172 1171 4236; x_wconf 84' lang='lat' dir='ltr'>pars</span> <span class='ocrx_word' id='word_1_242' title='bbox 1193 4144 1382 4242; x_wconf 48' lang='lat' dir='ltr'>quadrageld</span> 
     </span>
     <span class='ocr_line' id='line_1_38' title="bbox 376 4232 1376 4323; baseline 0.001 -28"><span class='ocrx_word' id='word_1_243' title='bbox 376 4232 448 4296; x_wconf 92' lang='lat' dir='ltr'>libri</span> <span class='ocrx_word' id='word_1_244' title='bbox 464 4256 483 4296; x_wconf 91' lang='lat' dir='ltr'>a</span> <span class='ocrx_word' id='word_1_245' title='bbox 497 4234 626 4299; x_wconf 89' lang='lat' dir='ltr'>vocibus</span> <span class='ocrx_word' id='word_1_246' title='bbox 652 4242 728 4319; x_wconf 91' lang='lat' dir='ltr'>‘per</span> <span class='ocrx_word' id='word_1_247' title='bbox 746 4256 854 4299; x_wconf 89' lang='lat' dir='ltr'>omma</span> <span class='ocrx_word' id='word_1_248' title='bbox 866 4233 934 4298; x_wconf 86' lang='lat' dir='ltr'>lora</span> <span class='ocrx_word' id='word_1_249' title='bbox 948 4234 1223 4323; x_wconf 84' lang='lat' dir='ltr'>conciliabulaque</span> <span class='ocrx_word' id='word_1_250' title='bbox 1238 4238 1376 4304; x_wconf 73' lang='lat' dir='ltr'>edixerint</span> 
     </span>
     <span class='ocr_line' id='line_1_39' title="bbox 377 4320 903 4403; baseline 0.01 -24"><span class='ocrx_word' id='word_1_251' title='bbox 377 4339 488 4401; x_wconf 79' lang='lat' dir='ltr'>-cap</span> <span class='ocrx_word' id='word_1_252' title='bbox 507 4323 558 4381; x_wconf 84' lang='lat'>37.</span> <span class='ocrx_word' id='word_1_253' title='bbox 585 4320 704 4399; x_wconf 84' lang='lat' dir='ltr'>[Laud.</span> <span class='ocrx_word' id='word_1_254' title='bbox 719 4322 795 4384; x_wconf 82' lang='lat' dir='ltr'>Lat.</span> <span class='ocrx_word' id='word_1_255' title='bbox 817 4320 903 4403; x_wconf 69' lang='lat' dir='ltr'>lm]</span> 
     </span>
    </p>
   </div>
   <div class='ocr_carea' id='block_1_6' title="bbox 0 0 1473 4800">
    <p class='ocr_par' dir='ltr' id='par_1_12' title="bbox 0 0 1473 4800">
     <span class='ocr_line' id='line_1_40' title="bbox 0 0 1473 4800; baseline 0 0"><span class='ocrx_word' id='word_1_256' title='bbox 0 0 1473 4800; x_wconf 95' lang='lat' dir='ltr'> </span> 
     </span>
    </p>
   </div>
  </div>
 </body>
</html>
