2934 4800
342 153 405 215 150
727 142 841 209 ΤΙΤΙ
868 141 1003 208 LIVII

179 304 214 356 U.
226 305 258 355 c.
273 305 328 366 5⁸⁴·
339 282 400 347 sibi
428 279 611 369 appellandi
640 279 792 366 praetoris
821 291 960 366 potestas
989 279 1092 355 fieret,
1117 277 1229 365 copia
1248 273 1396 373 ,ΜΠ

178 371 210 420 Α·
226 370 257 445 ⁰:
277 367 329 416 ¹⁶⁸·
339 383 441 432 castra
455 367 551 432 venit.
598 365 645 430 Et
659 365 850 452 principium
866 365 1016 430 orationis
1038 365 1078 429 ab
1098 375 1327 428 accusatrune
1341 359 1399 422 stul

179 435 323 547 {leffissmoe
340 455 428 519 titiae
449 475 537 518 orsus
557 474 642 530 suae,
663 465 823 539 postremo
843 452 884 516 ad
905 473 1015 537 preces
1035 450 1269 534 lacrimasque
1289 447 1409 520 effirsrs'

166 541 170 548 “
338 540 473 627 genibus
490 539 644 627 praetoris
661 538 819 615 accidens,
835 538 869 602 in
887 551 1074 624 potestatem
1090 559 1159 600 sese
1177 534 1303 600 dedit.
1347 531 1402 595 Pri·

339 649 402 703 mo,
418 626 538 690 bonum
560 625 702 689 animum
721 624 837 689 habere
858 625 969 701 iussus,
984 623 1026 689 ad
1041 645 1174 688 coenam
1200 621 1318 686 etiam
1339 619 1403 681 iuri·

339 725 433 788 tatus,
459 712 495 774 in
520 712 632 776 urbem
657 710 699 774 ad
724 733 797 774 suos
821 710 926 786 rediit,
952 723 1080 773 etcum
1103 721 1273 795 praetore
1302 728 1343 769 eo
1364 704 1404 768 die

339 797 513 862 honorilice
539 811 589 862 est
614 796 779 884 epulatus:
810 796 928 860 deinde
955 797 990 859 in
1015 795 1199 859 custodiam
1234 792 1285 857 C.
1306 791 1404 856 casa

339 884 468 949 tribuno
494 883 631 947 militum
658 882 801 959 traditus,
828 883 882 946 vix
907 880 1093 967 gladiatorio
1118 893 1273 966 accepto
1304 877 1417 941 decent

228 979 280 1039 32.
341 969 468 1034 talentis
487 971 527 1033 ab
547 992 632 1055 rege,
648 991 714 1045 rex,
731 984 768 1032 ut
783 969 815 1032 in
832 991 902 1032 eam
916 968 1076 1032 fortunam
1093 967 1284 1031 recideret.
1335 965 1403 1027 Ant

340 1055 417 1132 cius,
436 1055 555 1119 Scodra
568 1069 705 1141 recepta,
720 1054 801 1118 nihil
816 1055 913 1141 prius,
929 1076 1025 1140 quam
1040 1053 1217 1139 requisitos
1237 1049 1405 1114 Petillium

181 1146 321 1220 Capiastur
341 1141 599 1228 Perpernamque
620 1140 739 1227 legatos
762 1140 804 1204 ad
829 1140 966 1216 seduci,
987 1139 1086 1204 iussit
1135 1136 1286 1213 Quibus
1308 1134 1403 1222 splen

181 1217 324 1324 Qu*
340 1227 418 1292 dore
439 1250 497 1292 suo
515 1227 671 1304 restituto,
688 1226 882 1313 Perpernam
898 1224 1059 1313 extemplo
1075 1224 1175 1289 mittit
1190 1223 1240 1288 ad
1260 1243 1406 1306 compre·

180 1289 204 1336 ⁸¹
339 1313 527 1380 hendendos
541 1314 660 1377 amicos
672 1325 888 1399 cognatosque
904 1312 1002 1398 regis:
1027 1311 1093 1397 qui,
1110 1309 1333 1386 Meteonem,
1350 1307 1404 1371 La-

338 1401 481 1466 beatium
509 1401 613 1487 gentis
638 1401 760 1476 urbem,
809 1398 955 1475 refectus,
983 1396 1128 1461 Etlevam
1153 1419 1311 1461 uxorem
1339 1415 1419 1458 cuma

339 1486 413 1550 liliis
428 1486 562 1562 duobus,
576 1485 779 1550 Scerdilaedo
823 1483 1018 1570 leuratoque,
1034 1498 1067 1547 et
1084 1481 1335 1546 Caravantium
1350 1479 1418 1544 fra-5

339 1585 422 1636 trem
447 1571 596 1637 Scodram
624 1572 659 1634 in
684 1585 785 1636 castra
810 1569 953 1634 adduxit.
1002 1569 1144 1646 Anicius,
1169 1567 1268 1634 bello
1296 1567 1402 1654 Illyrio

339 1657 425 1722 intra
447 1659 578 1744 triginta
594 1657 662 1722 dies
684 1657 835 1745 perfecto,
857 1656 1005 1720 nuntium
1025 1655 1173 1719 victoriae
1193 1653 1417 1740 Perpernam

341 1741 479 1806 Romam
496 1744 598 1808 misit:
622 1756 741 1829 etpost
756 1743 824 1807 dies
844 1763 961 1842 paucos
979 1741 1134 1806 Gentium
1153 1763 1274 1828 regem
1299 1741 1398 1826 ipsum

339 1850 414 1892 cum
493 1843 577 1904 ente,
597 1829 743 1914 coniuge,
764 1828 937 1905 liberisue
956 1827 1061 1904 fratre,
1082 1826 1219 1913 aliisque
1240 1825 1399 1914 principi-

339 1913 399 1978 bus
464 1915 614 2002 priorum.
660 1913 734 1978 Hoc
765 1935 864 2013 unum
895 1913 1014 1979 bellum
1043 1913 1130 2000 prius
1158 1925 1394 2000 perpetratum,

182 2103 321 2154 Perseum
340 1999 750 2160 quiliribouespdildblirdlrbblde
766 2001 1066 2163 qqppp3,pprsem
1076 2106 1206 2185 quoque
1223 2085 1261 2149 in
1278 2103 1394 2170 magno
1441 2119 1444 2140 ι

181 2173 327 2230 magnates
341 2183 459 2236 terrore
481 2185 558 2249 erat,
579 2185 709 2259 propter
726 2109 898 2236 adrentum
920 2171 1014 2236 simul
1030 2170 1163 2236 Aemili1
1179 2173 1260 2236 novi
1280 2192 1392 2236 consu·
1444 2197 1446 2228 ι

180 2238 289 2282 ’οΜ
340 2257 388 2335 lis,
404 2280 501 2345 quem
518 2280 592 2322 cum
611 2258 795 2344 ingentibus
815 2259 910 2322 minis
928 2258 1098 2323 adventare
1118 2257 1284 2335 audiebat,
1301 2253 1391 2322 simul
1444 2233 1447 2338 l

342 2343 468 2411 Octavii
488 2345 649 2431 praetoris.
695 2343 768 2410 Nec
783 2345 888 2409 minus
903 2344 1030 2409 terroris
1044 2366 1063 2409 a
1077 2343 1173 2409 classe
1190 2344 1407 2409 Romanaett
1444 2347 1445 2352 ’

339 2431 480 2520 periculo
494 2432 669 2496 maritimae
684 2454 758 2497 orae
773 2431 918 2497 babebat.
964 2430 1206 2497 Thessalonicae
1224 2429 1391 2495 Eumenes

338 2531 372 2583 et
384 2517 605 2606 Athenagoras
618 2533 786 2606 praeerant
800 2540 874 2582 cum
888 2539 985 2604 parvo
1000 2516 1155 2603 praesidio
1166 2516 1310 2581 duorum
1323 2514 1388 2580 mil·

338 2602 417 2669 lium
440 2618 659 2670 caetratorum.
706 2604 756 2669 Eo
778 2617 812 2669 et
834 2603 1032 2668 Androclem
1057 2602 1253 2690 praefectum
1279 2601 1387 2677 mittit,
1446 2634 1447 2649 ι

338 2691 458 2754 iussum
480 2691 572 2755 subi
610 2690 822 2755 isnavalibus
841 2702 942 2754 castra
964 2690 1089 2754 habere.
1136 2688 1283 2753 Aeneam
1306 2687 1386 2753 mille

338 2775 463 2861 equites
474 2798 548 2839 cum
559 2714 726 2863 Erigono
741 2777 827 2841 misit
841 2775 882 2840 ad
894 2776 1059 2840 tutandam
1074 2775 1264 2839 maritimam
1277 2796 1384 2839 oram:

339 2873 385 2936 ut,
401 2882 594 2947 quocunque
614 2861 705 2926 litore
726 2862 914 2961 applicuisse
936 2884 1033 2926 naves
1054 2861 1194 2925 hostium
1213 2860 1383 2936 audissent,
1446 2840 1447 2879 ¹

338 2946 502 3033 extemplo
516 2946 636 3011 ferrent
649 2950 824 3034 agrestibus
839 2971 859 3012 o
882 2970 942 3012 em.
992 2947 1145 3035 Quinque
1161 2946 1261 3011 millia
1275 2946 1386 3012 Mace-

339 3031 461 3133 donum
482 3032 577 3097 missa
590 3033 632 3097 ad
645 3034 838 3120 praesidium
853 2971 962 3122 lythii
977 3047 1009 3098 et
1025 3033 1148 3110 Petrae,
1165 3033 1281 3133 quibus
1295 3056 1386 3121 prae·
1446 3042 1447 3073 ¹

182 3131 435 3270 aas
449 3117 1209 3293 firmarat
1232 3118 1386 3293 ξιιις

181 3265 226 3309 Μ’
339 3290 423 3355 sicco
448 3290 538 3355 alveo
567 3292 691 3355 transiri
720 3306 853 3378 poterat
900 3291 987 3356 Huic
1016 3304 1053 3356 ut
1081 3292 1185 3356 omnis
1212 3291 1401 3357 multitudos

337 3389 472 3455 vacaret,
496 3377 632 3441 feminae
658 3399 699 3441 ex
725 3378 913 3466 propinquis
939 3377 1068 3443 urbibus
1093 3390 1183 3443 cocta
1208 3378 1329 3443 cibaria
1355 3379 1401 3455 inq

371 3562 567 3622 seminario]
593 3559 652 3610 Sub.
671 3562 785 3611 Praemia
807 3562 846 3609 rel
911 3560 1058 3623 6Tn'yr'ata
1085 3563 1149 3623 dier]
1181 3562 1277 3612 Diebus
1302 3560 1384 3627 viginti
1446 3514 1447 3563 i

338 3632 525 3674 auctoramento.
565 3623 644 3674 Multi
665 3624 759 3687 quippe
781 3624 847 3687 inge
880 3626 1015 3687 perfectum
1040 3626 1086 3675 hoc
1110 3628 1205 3675 bellum
1229 3626 1313 3675 scribit
1335 3630 1383 3690 Ap
1446 3598 1447 3665 l

339 3688 844 3814 ldtrtmttffltrrttd⁰
878 3688 1224 3816 ‘’llltssalb'sils
1249 3768 1283 3803 a
1299 3754 1383 3803 ram»

372 3814 516 3874 4Etleoom
536 3818 648 3876 uxorem]
676 3816 767 3864 Paullo
788 3820 846 3864 ante
878 3816 1015 3866 maritimus
1024 3833 1073 3865 non
1084 3818 1164 3865 minor
1174 3818 1279 3866 terrestri
1290 3824 1349 3867 erat.

340 3892 406 3940 supr.
421 3890 460 3938 30.
478 3891 579 3925 uxorem
600 3879 685 3927 (leutii
704 3880 767 3941 regia
782 3880 846 3929 Etu-
911 3881 1317 3943 Slluiootomar'r10pen'buic
1328 3882 1381 3931 Mu-

339 3950 391 3990 sam
408 3944 491 3990 noster
509 3941 611 3990 vocavit.
650 3943 793 3991 Videndum
814 3958 846 3992 an
879 3946 1076 3993 retmemcndat
1109 3946 1158 3995 Sed
1170 3944 1382 3995 Drakenborcbiru

340 4004 673 4054 unamhancrexhabusrit
690 4006 777 4057 swas.
879 4008 941 4056 nihil
952 4009 1097 4057 mutandum
1110 4014 1212 4058 censet·
1446 3999 1447 4054 l

372 4070 568 4130 sSrerdt'loedo]
598 4068 656 4117 Hoc
683 4084 774 4119 nomen
802 4086 846 4133 pro
911 4072 1028 4136 9000ta]
1056 4074 1129 4122 Cocta
1149 4078 1250 4121 auctore
1272 4073 1380 4123 Draken-

340 4132 405 4193 vulg.
416 4133 533 4182 Scerdilt'o
543 4148 576 4181 ex
590 4132 644 4181 cod.
656 4132 811 4197 integerrimo
822 4142 847 4183 et
879 4136 979 4185 borchio
1000 4137 1108 4199 reposuit
1129 4152 1227 4199 quoquc
1248 4136 1379 4187 Bckkerua

339 4210 371 4245 ex
390 4195 494 4256 Polybio
516 4196 685 4258 reponendum
708 4197 847 4247 Gronovius
880 4200 1070 4261 Vulgcoactae.

339 4257 442 4307 monuit
460 4259 490 4307 cf.
502 4274 567 4319 supr.
579 4260 645 4309 xxvi.
659 4274 696 4319 24.
