2934 4800
373 195 468 262 LIB.
493 197 602 263 XLII.
637 197 748 264 cat-³.
774 203 825 264 64.
1074 205 1115 266 93

25 345 247 418 sgr-aratum,
263 331 306 396 sd
327 345 441 398 terram
462 335 636 420 urgebant:
660 349 703 412 et,
718 335 746 400 ai
760 357 825 422 qua
838 333 1044 413 declinarent,
1060 335 1116 422 qui
1130 355 1161 405 U.
1174 357 1203 407 c.
1219 357 1275 420 581.

47 419 216 506 agebam,
230 418 340 496 ictum,
355 442 415 507 pro
428 419 536 485 diruto
550 444 641 485 muro
655 444 774 486 novum
790 421 994 486 tumultuario
1009 445 1029 487 o
1071 445 1115 499 re,
1126 423 1156 470 A.
1172 421 1204 470 0·
1222 433 1274 483 ¹7¹·

50 505 189 592 raptim
207 528 249 571 ex
268 507 337 606 ipso
351 506 463 572 ruinae
484 521 587 594 strage
609 508 767 595 congestis
788 509 880 586 saxis,
902 522 1027 573 exstrue
1050 523 1115 574 ant.

57 591 188 667 Quum
205 594 354 680 operibus
373 595 569 680 oppugnatio
588 594 704 659 lentior
725 608 817 673 esset,
832 593 929 660 scalas
943 617 1000 682 per
1015 596 1117 660 mani·

54 678 163 765 pulos
179 677 278 744 dividi
299 693 425 766 praetor
444 681 543 758 iussit,
559 695 596 746 nt
610 703 727 746 corona
748 682 891 768 undique
914 682 1041 746 moenia
1062 706 1117 769 ag·

57 788 251 851 gressuum
274 789 313 831 eo
327 768 428 852 magis
441 768 643 833 suffecturam
658 766 698 831 ad
713 768 749 834 id
763 768 1000 833 multitudinem
1019 783 1116 846 ratus,

58 851 169 938 quod,
187 875 251 939 qua
271 866 359 940 parte
380 853 471 940 palus
491 855 602 919 urbem
620 855 734 942 cingit,
750 871 814 920 nec
825 856 980 921 attinebat
994 878 1117 943 oppug-

56 939 146 1015 nari,
162 962 228 1003 nec
241 953 372 1026 poterat.
412 939 485 1027 Ipse
499 942 540 1005 ab
553 965 593 1005 ea
606 954 705 1028 parte,
717 965 782 1028 qua
796 942 878 1007 duae
893 955 1003 1018 turres,
1015 944 1117 1030 quod·

57 1048 129 1112 que
154 1025 244 1091 inter
263 1048 315 1090 eas
335 1026 420 1090 muri
441 1041 518 1104 erat,
538 1042 677 1105 ruerant,
696 1028 760 1092 duo
783 1028 882 1094 millia
903 1028 1038 1094 militum
1060 1028 1117 1094 de-

55 1111 227 1178 lectorum
250 1112 407 1189 admovit3
433 1127 470 1178 ut
484 1114 597 1180 eodem
613 1129 764 1202 tempore,
780 1138 845 1202 quo
866 1117 933 1203 ipse
956 1129 1117 1182 transcen-

58 1198 143 1263 dere
164 1198 275 1264 rninas
296 1213 473 1277 conaretur,
489 1223 646 1266 concursu
663 1200 811 1266 adversm
831 1224 864 1267 ae
886 1201 1116 1288 oppidanorum

57 1285 162 1362 facto,
187 1285 278 1350 scalis
298 1309 399 1351 vacua
419 1285 635 1353 defensoribus
660 1288 786 1353 moenie
808 1289 878 1376 capi
899 1301 988 1375 parte
1011 1287 1117 1374 aliqua

187 1386 210 1436 t.
256 1370 355 1437 Haud
371 1373 511 1460 segniter
524 1397 568 1462 op
589 1373 677 1440 idani
690 1375 756 1438 rim
777 1374 845 1438 eius
867 1397 972 1439 arcere
993 1389 1114 1461 parant.

101 1481 158 1522 am
180 1471 431 1546 superstratum
452 1461 553 1524 ruinis
624 1483 689 1538 um,
704 1461 839 1526 fascibus
861 1460 956 1524 aridis
977 1481 1116 1524 sarmen-

64 1559 178 1610 torum
197 1545 332 1624 inieetis,
348 1559 467 1610 stantes
489 1569 563 1610 cum
584 1546 768 1612 ardentibus
789 1545 909 1612 facibus
931 1567 1116 1612 accensuros

66 1653 109 1695 ea
127 1654 163 1696 ae
181 1655 275 1719 saepe
295 1633 506 1710 minabantur,
521 1647 566 1711 ut,
582 1634 732 1698 incendio
747 1632 930 1719 intersaepti
952 1634 992 1697 ab
1014 1633 1115 1710 hoste,

66 1719 210 1818 spatium
221 1718 263 1783 ed
271 1719 485 1784 obiiciendum
497 1720 680 1784 interiorem
691 1742 817 1784 murum
828 1720 989 1785 baberent.
1017 1719 1116 1796 Quod

63 1806 622 1969 cum
637 1806 1117 1981 sumpsissent:

66 1993 188 2065 gueret
207 2000 346 2044 accensa
391 1978 504 2065 Itaque
519 1993 552 2044 et
567 1980 715 2044 transitos
728 2001 786 2066 per
801 1979 949 2044 distracta
962 1979 1117 2044 fumantia

66 2063 211 2152 virgulta
229 2066 351 2164 putuit3
374 2078 417 2142 et,
432 2069 467 2129 in
480 2065 576 2130 nnius
594 2065 656 2130 loci
700 2066 870 2132 raesidium
885 2067 1031 2131 omnibus
1046 2088 1116 2130 ver-

67 2152 124 2228 sis,
141 2173 268 2216 moema
279 2174 409 2238 quoque
431 2151 573 2238 pluribus
594 2089 700 2216 amul
708 2153 850 2239 partibus
872 2151 962 2217 scobs
984 2153 1115 2240 capiun-

68 2253 131 2302 tur.
179 2237 220 2302 In
237 2238 341 2324 primo
356 2237 496 2302 tumultu
510 2251 620 2325 captae
635 2239 722 2303 urbis
736 2238 875 2304 seniores
895 2239 1114 2326 impubesque,

67 2348 152 2412 quos
171 2347 262 2389 casus
280 2324 389 2390 obvios
410 2324 535 2403 obtulit,
557 2326 673 2412 pamim
694 2325 794 2390 eaesi:
822 2325 932 2390 armati
955 2327 989 2389 in
1011 2347 1115 2390 arcem

67 2412 300 2499 confugerunt:
328 2427 362 2477 et
382 2426 507 2499 postero
529 2412 592 2490 die,
614 2434 714 2513 quum
736 2413 803 2500 spei
827 2413 908 2477 nibil
928 2425 1113 2500 superesset,

44 2498 235 2569 adeditione
249 2498 341 2575 facta,
356 2500 415 2563 sub
429 2521 546 2563 corona
559 2511 735 2564 vemerunt
771 2497 914 2563 Fuerunt
928 2512 1034 2585 autem
1048 2498 1114 2563 duo

68 2585 173 2651 millia
195 2584 295 2649 ferme
321 2598 355 2650 et
379 2586 556 2673 quingenti.
604 2586 801 2651 Ornamenta
821 2585 916 2662 urbis,
939 2596 1059 2650 statuae
1082 2597 1115 2649 et

70 2670 199 2736 tabulae
213 2672 328 2759 pictae,
343 2684 377 2736 et
391 2671 546 2759 quicquid
582 2672 714 2737 retiosee
729 2670 864 2760 praedae
878 2670 949 2747 fuit,
965 2670 1006 2737 sd
1020 2693 1116 2737 naves

48 2758 231 2827 sdelatum:
255 2758 331 2822 urbs
344 2758 451 2822 diruta
463 2780 483 2821 a
496 2758 553 2823 fun
627 2759 718 2824 entis
765 2757 846 2822 Inde
860 2756 988 2823 Thebas
1002 2757 1116 2822 ductus

70 2845 248 2910 exercitus:
272 2845 388 2932 quibus
407 2844 475 2909 sine
497 2846 669 2910 certamine
692 2844 836 2931 receptis,
856 2845 966 2909 urbem
986 2844 1116 2909 tradidit

73 2931 244 3008 exsulibus,
259 2932 359 3018 etqui
371 2930 588 2996 Romanorum
602 2930 700 3019 partis
714 2944 820 2997 erant:
845 2931 992 2995 adversae
1006 2930 1117 2995 factio·

50 3019 124 3083 onia
144 3018 320 3095 bominum,
342 3018 500 3083 fautorum
523 3041 563 3083 ue
586 3019 669 3105 regis
691 3041 728 3083 ac
748 3016 964 3083 Macedonum
985 3017 1116 3081 familias

73 3106 134 3169 snb
154 3126 273 3169 corona
287 3104 440 3171 vendidit.
487 3041 549 3169 liis
571 3106 668 3192 gestis
690 3104 724 3168 in
748 3103 889 3181 Boeotis,
909 3102 950 3167 ad
972 3126 1057 3168 mere
1080 3126 1116 3167 ac

75 3214 172 3257 nares
184 3191 288 3256 rediit.

122 3277 231 3353 anm
245 3276 324 3343 haec
338 3278 374 3342 in
390 3277 522 3343 Boeotia
535 3289 729 3365 gererentur,
742 3277 877 3343 Perseus
891 3275 932 3342 ad
949 3275 1115 3365 Sycurium
1173 3285 1224 3347 64.

77 3365 188 3430 stativa
201 3364 326 3429 diemrn
338 3363 464 3451 aliquot
477 3364 596 3429 habuit
643 3364 709 3429 Ubi
723 3386 824 3451 quum
839 3364 986 3439 audisset,
1002 3362 1116 3447 raptim
1125 3367 1228 3419 Peneus

80 3452 239 3517 Romanos
259 3451 344 3517 circa
361 3473 404 3516 ex
424 3451 507 3539 agris
521 3451 700 3517 demessum
714 3449 916 3515 frumentum
928 3448 1115 3523 convehere,
1125 3431 1274 3547 ffifgnffff

1125 3575 1249 3610 narneen·

1127 3626 1184 3674 dere
1195 3627 1254 3677 vult.

112 3699 180 3759 3131,
189 3698 211 3745 ri
221 3712 271 3759 qna
282 3694 444 3757 declararent]
462 3711 495 3745 sc.
508 3694 581 3754 Etsi
613 3692 697 3751 cietu,
705 3696 730 3741 et
738 3692 795 3741 fidei
807 3693 941 3754 legatorum
949 3692 1118 3743 Romanorum

82 3778 127 3824 qna
146 3760 295 3809 declinarent
321 3759 398 3808 ictum
424 3759 495 3808 molis
517 3759 582 3807 illius
613 3757 737 3805 civitatem
745 3756 1117 3821 commendavissezetsupr.46.

83 3826 214 3888 plumbeae,
235 3823 277 3885 qui
298 3825 402 3885 agebant
423 3824 532 3882 arietem,
550 3838 580 3871 ae
612 3819 968 3879 ananaperseomihilmoti
977 3828 1040 3871 sunt.
1067 3823 1118 3871 Vel

84 3890 178 3951 proinde
187 3888 295 3949 aliquam
311 3888 375 3935 muri
388 3893 483 3949 partem
498 3902 579 3949 proru-
611 3886 684 3949 igitur
693 3886 734 3933 bic
744 3885 847 3933 abeuius
854 3885 953 3935 alterius
964 3886 1068 3935 civitatis
1075 3902 1117 3935 no

85 3960 154 4003 erent.
169 3953 249 4003 cass.
274 3952 304 3999 cf.
316 3967 381 4014 supr.
393 3951 493 4001 xxxviii.
505 3965 527 4014 5.
613 3966 669 3998 men
680 3955 794 4011 posuerat
803 3949 896 4009 Livius,
906 3951 944 3999 vel
955 3950 1048 4012 aliquid
1059 3950 1117 3997 omi-

114 4037 128 4080 4
142 4018 190 4065 Sul
203 4032 291 4065 corona
306 4018 448 4076 misnam]
467 4016 498 4065 cf.
510 4016 581 4077 Snpr.
613 4015 644 4062 sit
661 4015 692 4062 de
711 4014 844 4073 Thebanis,
860 4015 925 4063 unde
947 4030 1016 4062 nosse
1038 4028 1117 4075 posse-

86 4082 107 4131 ii.
121 4093 154 4143 17.
169 4081 201 4130 ix.
213 4094 251 4139 4²·
612 4094 675 4136 mua,
690 4093 734 4126 cnr
749 4080 862 4127 adversm
878 4094 920 4127 eos
934 4078 1061 4127 Romanus
1076 4093 1117 4125 ex-

117 4146 203 4209 5Inde
225 4144 318 4194 Mer
338 4146 425 4193 ductas
445 4146 578 4203 emoitrn]
612 4143 821 4192 ercitmducatur.
838 4144 919 4193 Gaas.

88 4210 156 4272 Atqui
176 4223 241 4270 supr.
260 4224 299 4271 44.
316 4208 428 4257 Thebani
445 4222 580 4256 memoran-
648 4205 663 4256 6
683 4208 814 4270 Familiae]
843 4208 930 4256 Servos
948 4210 973 4253 et
991 4206 1062 4254 bona
1086 4205 1116 4255 cf.

88 4282 122 4323 tur
135 4272 264 4323 decreti-e
280 4279 308 4323 nt
323 4274 450 4321 tolleretur
465 4274 530 4334 regia
543 4286 579 4320 so
612 4285 677 4332 mpr.
688 4270 722 4321 iii.
734 4283 772 4333 55.
