2934 4800
344 222 408 283 294
728 214 841 282 ΤΙΤΙ
872 213 1010 282 LIVII

344 352 507 417 literarum
530 351 700 430 deiectum,
724 365 762 417 ut
780 350 1077 417 INRITANTE’?
1121 374 1157 417 ro
1177 346 1377 416 lNltl'lffl·

347 436 444 502 TES
490 436 687 502 Terminatio
700 437 831 525 pluralis
850 461 940 503 casus
957 438 1083 502 sextili
1121 436 1320 503 Sbrerimita
1331 432 1379 499 fl

348 523 403 588 illo
413 524 602 610 exprimitur
616 523 656 587 B·
670 539 707 589 ut
721 523 869 589 MILIB·
884 548 941 611 pro
957 522 1174 601 MILIBVS;
1198 538 1233 587 et
1243 518 1382 609 pardi

349 610 528 697 copulativa
551 610 675 697 saepius
700 610 745 674 sic
774 610 818 687 Q·
865 632 901 675 ro
928 609 1033 686 QVE„
1079 609 1177 675 Duae
1206 608 1315 673 litereu
1343 608 1384 669 h

350 718 448 759 unam
466 696 602 783 figuram
620 695 803 765 coalescunt
815 633 865 759 Ἃρ
876 718 934 783 pro
948 695 1011 760 VL
1031 708 1066 760 et
1089 695 1143 780 bs
1157 718 1218 782 pro
1241 694 1307 769 N&
1321 689 1389 755 a!

350 781 383 846 in
399 782 464 846 line
484 796 609 847 tantum
622 804 740 858 versus,
755 805 796 845 ne
811 780 917 847 literas
932 804 951 845 a
964 782 1028 846 suis
1038 781 1170 869 syllabis
1184 782 1335 866 seiungere
1349 788 1388 841 et

351 867 393 932 ad
417 882 604 955 sequentem
629 890 756 932 versum
781 867 947 932 transferre
971 890 1099 932 neeesse
1123 867 1207 931 sita.
1254 864 1389 930 Euan

351 954 617 1018 consuetudinem
637 954 672 1018 in
693 953 904 1041 chirographo
918 954 1057 1041 Augusti
1081 951 1259 1017 Suetonius
1277 948 1392 1015 notarit

351 1041 386 1104 in
407 1040 473 1104 vita
492 1040 578 1127 Aug.
599 1062 667 1127 cap.
689 1043 742 1106 87.
767 1050 853 1105 ‘non
868 1039 983 1104 dividit
996 1041 1092 1104 verba
1112 1062 1176 1103 nec
1198 1040 1241 1103 ab
1260 1052 1393 1102 emm
1424 1015 1426 1070 l

352 1134 462 1213 ‘parte
485 1148 633 1191 versuum
658 1126 857 1191 abundantes
881 1126 987 1190 literas
1012 1126 1046 1189 in
1071 1123 1206 1189 alteram
1234 1123 1392 1189 nanum:
1425 1175 1426 1187 ,

353 1213 431 1277 ‘sed
458 1212 578 1277 ibidem
606 1213 712 1277 statim
741 1212 868 1277 subiicit
892 1210 1187 1297 circumducitque'
1233 1209 1274 1273 In
1296 1210 1393 1273 unffi·
1423 1211 1426 1288 l

352 1300 446 1364 nibus
468 1298 602 1386 propriis
624 1297 706 1362 illud
726 1298 896 1398 singulare,
912 1296 1225 1447 quodffimnommi
1270 1309 1396 1414 Q

353 1381 1138 1556 ffiffiufneteffikssffigffimlfuiat,
1153 1381 1265 1532 liuset
1284 1378 1396 1552 aigae

353 1580 430 1622 cura
450 1570 485 1622 et
505 1556 670 1643 diligentia
692 1568 816 1621 textum
838 1576 981 1620 exarame
1003 1554 1138 1704 videliet.
1183 1553 1302 1629 Pauca,
1317 1572 1397 1697 qr‘gae
1423 1602 1426 1703 4

352 1724 556 1815 irrepaenmt,
571 1730 689 1795 menda
707 1730 775 1817 ipae
795 1730 941 1879 rothsuit,
961 1741 997 1791 ut
1014 1725 1143 1792 AGOS
1163 1738 1197 1790 et
1215 1722 1398 1790 FIERET.
1423 1799 1426 1879 ¹

352 1901 409 1967 ubi
422 1900 547 1967 literam
561 1904 719 2053 offiiaerat,
732 1899 1021 1978 CONTERBIA,
1036 1900 1092 1965 ubi
1107 1910 1351 1985 manspoenerab
1366 1916 1397 1959 et

352 2073 701 2141 AVTALCOREsu
715 2076 771 2140 ubi
782 2086 1023 2163 permutaverat
1054 2072 1096 2139 In
1108 2072 1172 2138 alio
1187 2072 1288 2137 verbo
1301 2072 1395 2135 mains

352 2160 479 2224 subesse
494 2160 574 2224 mihi
584 2161 710 2226 videtur
720 2162 851 2238 vitium;
867 2160 983 2247 dequo
995 2161 1030 2224 in
1041 2160 1249 2225 annotatione
1261 2159 1393 2245 prim*-

352 2244 498 2311 Intuenti
516 2268 592 2311 vero
612 2247 674 2312 hoc
695 2259 803 2313 nostra
825 2269 921 2334 opera
943 2268 1097 2311 excusum
1115 2246 1332 2332 fragmentum
1350 2243 1395 2306 in-

352 2331 531 2397 iucundum
553 2333 623 2411 erit,
646 2333 775 2398 hennae
799 2334 896 2397 ineo
919 2332 1059 2421 reperiri,
1083 2332 1240 2396 modain
1365 2344 1395 2391 et

375 2418 460 2485 iures
476 2442 584 2484 versus
599 2420 782 2499 desiderari,
801 2419 897 2485 modo
911 2443 1005 2484 voces
1023 2417 1196 2483 nonnullas
1212 2418 1267 2482 vel
1302 2419 1393 2482 'tera

352 2441 406 2571 lie
424 2507 464 2570 iia
480 2519 588 2571 autem
606 2506 652 2570 aie
671 2506 809 2571 habeant
827 2505 970 2583 lectores,
986 2505 1141 2591 quosdam
1155 2525 1269 2569 versus
1281 2503 1334 2568 vel
1352 2505 1396 2566 in-

352 2605 459 2692 tegros
481 2591 532 2656 vel
555 2591 737 2693 dimidiatos
760 2592 881 2657 excisos
903 2613 981 2692 esse,
1000 2603 1033 2692 et
1054 2613 1127 2655 cum
1152 2589 1394 2691 membranam
1422 2669 1424 2704 Ἰ

353 2677 1396 2859 ttulsstt‘tttliqtt‘ltieiimtitiillabili&

411 2848 497 2912 ditus
518 2847 717 2927 interierunt,
732 2850 777 2914 ibi
799 2850 833 2914 in
852 2849 999 2937 exemplo
1021 2871 1093 2914 meo
1113 2849 1284 2914 asteriscos
1303 2869 1394 2936 posui.

347 2932 423 2996 ‘Alii
452 2945 560 3025 autem
584 2957 693 3000 versus
717 2934 817 3000 literis
842 2936 923 3001 adeo
947 2935 1201 3000 exolescentibus
1232 2934 1393 3021 consmipti

351 3031 437 3095 sunt,
464 3031 509 3095 ut,
533 3019 595 3084 nisi
620 3021 693 3108 quis
718 3021 817 3086 oculis
841 3020 913 3108 plus
938 3044 1036 3108 qnam
1060 3021 1184 3108 lynoeis
1209 3033 1332 3099 utatiir,
1353 3017 1394 3082 rel

351 3105 507 3192 patientia
534 3129 638 3171 meam
667 3118 700 3171 et
729 3129 953 3194 quamcunque
983 3106 1076 3172 aliam
1104 3106 1201 3194 longe
1232 3119 1394 3195 superante
1424 3165 1425 3168 ,

352 3189 514 3278 praeditus
531 3193 581 3269 sit,
597 3192 648 3256 vel
668 3193 785 3258 multos
799 3193 877 3270 dies,
892 3193 1077 3280 interposito
1096 3215 1338 3281 nonnunquam
1355 3195 1395 3256 in·

352 3277 493 3356 tervallo,
513 3277 600 3345 haud
622 3279 786 3358 continuo,
807 3279 1023 3344 membranam
1046 3279 1195 3379 inspiciat
1217 3293 1256 3344 et
1279 3303 1397 3368 perves-

351 3363 376 3428 ti
419 3379 442 3442 t,
472 3363 522 3429 vel
553 3363 684 3428 tandem
715 3377 782 3432 arte
816 3365 954 3452 quadam
989 3365 1069 3429 mihi
1103 3387 1139 3429 1n
1202 3365 1275 3431 nita
1306 3366 1395 3432 literis

348 3450 564 3602 {attunt
582 3449 939 3603 nunnitus
954 3451 1084 3604 aa
1100 3388 1396 3606 etiarn

387 3721 415 3769 17
433 3707 491 3758 via
509 3708 632 3757 Iuvenatii
647 3713 731 3757 notam
748 3709 780 3757 ad
796 3709 857 3770 liug-
893 3718 945 3772 159.

351 3771 429 3819 menti
447 3772 491 3846 lin.
511 3785 564 3846 μο.
608 3772 704 3847 Similia
724 3772 858 3846 scripturae
921 3787 954 3822 ao
970 3772 1011 3846 ld
1026 3771 1154 3834 lamenti
1173 3772 1263 3821 lorum
1281 3775 1395 3824 vaxati&⁴

351 3835 858 3972 animata„
888 3837 1394 3973 ”aurianam

351 3962 516 4025 pahmpsastia
533 3961 661 4012 Vatieama
678 3969 704 4012 et
723 3963 857 4013 Taurinou·
890 3964 1043 4012 Cancelleno
1054 3963 1290 4026 mnnaexopaatia,
1301 3981 1394 4030 quorun

351 4025 418 4073 nibus
434 4025 594 4088 reperiuntur.
617 4028 648 4074 ci.
666 4027 817 4076 Niebubrius
833 4043 858 4090 p.
890 4042 938 4089 ope
946 4043 1010 4076 nune
1018 4027 1136 4077 evanidas
1144 4026 1262 4078 codicum
1272 4031 1394 4093 palimpse-

351 4085 391 4136 61.
402 4095 428 4137 et
443 4089 548 4152 Peyroni
566 4090 673 4140 Praefat.
684 4091 716 4139 ad
731 4091 858 4142 Ciceronis
888 4096 982 4140 storum
996 4091 1129 4153 scriptun-ae
1143 4091 1188 4138 lux
1198 4097 1226 4140 et
1237 4093 1393 4154 splendoris

348 4150 556 4217 augmentans.
889 4156 1012 4204 concinna
1031 4155 1101 4213 solet,
1120 4154 1168 4203 vid.
1186 4154 1392 4219 Niebuhr-inmo

386 4215 415 4262 18
432 4215 473 4263 Da
483 4217 531 4265 hoe
541 4217 632 4265 librarii
642 4233 710 4266 more
725 4218 775 4268 rid.
786 4225 856 4268 notaa
890 4233 927 4268 10.
942 4235 977 4281 aq.
994 4225 1019 4268 et
1037 4219 1179 4280 Peyroaum
1195 4217 1224 4267 in
1244 4219 1355 4273 Praesti.
1369 4223 1392 4270 al

350 4278 383 4326 ad
393 4279 522 4350 fragmenti
533 4279 576 4327 lin.
588 4293 627 4336 41.
887 4282 1014 4334 Ciceronis
1023 4283 1160 4346 taanenu
1170 4297 1195 4346 p.
1207 4295 1233 4345 3.
1245 4299 1284 4347 aq.

385 4354 415 4403 19
427 4339 484 4392 vu.
496 4342 741 4405 uotasadstagmeuti
749 4345 792 4398 liu.
803 4345 855 4408 158.
