2934 4800
414 195 508 262 LIB.
533 196 642 264 XLII.
672 197 782 262 CAP.
806 204 836 262 8.
1099 205 1142 266 45

75 336 263 487 negotium
288 335 400 400 datum
426 349 492 413 est,
506 347 542 400 ut
566 349 723 422 ponerent
748 359 796 414 ea,
820 336 994 423 inquibus
1018 337 1145 424 templis
1154 360 1230 412 uc,
1246 373 1301 426 579·

48 422 113 491 tvi
142 433 277 488 ereturt
299 422 468 509 legatoque
484 436 614 486 centum
629 421 763 486 millium
779 423 858 487 aeris
872 445 989 488 munus
1002 425 1143 501 missum,
1153 427 1185 476 A.
1201 428 1231 477 0.
1249 439 1303 488 ¹7³·

48 513 118 572 6et
133 509 240 574 aedes
254 509 372 574 liberae
387 508 524 596 bospitio
539 507 641 586 datae,
652 523 861 597 sumptusque
872 509 1029 588 decretus,
1040 511 1145 575 donec

77 596 121 660 in
146 595 248 660 Italia
270 610 360 660 esset.
406 594 530 682 Legati,
552 595 607 682 qui
629 596 664 660 in
683 594 776 683 Syria
793 596 928 673 fuerant,
944 597 1145 662 renuntiave-

78 696 180 759 runt,
199 683 238 746 in
259 683 400 746 maximo
422 703 496 746 eum
517 681 637 746 honore
659 683 747 768 apud
766 705 875 770 regem
897 705 974 760 esse,
994 684 1145 748 amicissi-

80 791 252 856 mumque
267 767 386 856 populo
403 767 557 833 Romano.

135 855 180 920 In
204 855 378 942 provinciis
407 878 446 920 eo
474 877 558 919 anno
583 854 670 920 haec.
717 856 754 920 C.
770 855 935 921 Cicereius
959 867 1085 942 praetor
1110 856 1145 918 in
1213 857 1242 920 7.

84 940 233 1008 Corsica
251 942 351 1028 signis
371 941 491 1006 collatis
510 943 682 1029 pugnavit:
706 956 828 1029 septem
850 942 949 1007 millia
972 941 1145 1007 Corsorum
1154 958 1224 1006 Corsi
1238 958 1303 1008 vico·

84 1051 206 1104 eaesa3
230 1029 317 1114 capti
337 1026 470 1114 amplius
490 1027 574 1092 mille
595 1042 680 1092 etse
705 1029 849 1116 tingenti
895 1027 1035 1093 Voverat
1053 1028 1088 1091 in
1107 1051 1147 1092 ea

84 1137 208 1202 pugna
225 1127 355 1202 praetor
374 1113 486 1178 aedem
505 1113 622 1178 Iunoni
685 1129 805 1180 anetae.
850 1115 919 1180 Pax
939 1114 1056 1179 deinde
1072 1114 1147 1179 data

60 1219 76 1269 ⁷
137 1201 283 1266 tentibus
308 1199 427 1277 Corsis,
451 1213 483 1265 et
506 1214 616 1265 exacta
639 1223 728 1266 cerae
751 1202 877 1266 ducena
904 1200 1003 1266 millia
1027 1201 1144 1288 pondo.

127 1311 149 1352 x
168 1286 302 1352 Corsica
316 1288 445 1352 subacta
457 1286 618 1352 Cicereius
633 1287 667 1351 in
684 1287 860 1352 Sardiniam
874 1287 1054 1352 transmisit.
1102 1287 1147 1352 Et

62 1375 133 1439 aiu
148 1374 323 1461 liguribus
340 1373 374 1438 in
388 1396 462 1461 agro
484 1373 649 1438 Statiellati
663 1388 842 1460 pugnatum
856 1374 898 1438 ad
913 1374 1067 1461 oppidum
1083 1375 1147 1440 Ca·

93 1475 230 1612 cipetum.
282 1459 333 1524 Eo
362 1483 395 1526 se
426 1483 557 1547 magnus
586 1460 744 1524 exercitus
772 1459 813 1523 Li
857 1482 928 1524 rum
957 1460 1143 1526 contulerat
1153 1479 1256 1540 Ligures

131 1549 214 1612 rimo
235 1547 293 1612 sub
317 1545 489 1610 adventurn
512 1546 559 1611 M.
576 1545 704 1632 Popillii
727 1569 766 1610 co
840 1546 847 1559 '
886 1546 1052 1612 moenibus
1076 1558 1251 1618 seset}1⁰tlue

101 1633 327 1700 continebant:
358 1632 484 1710 deinde,
511 1645 678 1720 postquam
708 1631 863 1720 oppidum
887 1613 1220 1720 oppugnaturuml¹⁰¹¹·

103 1720 286 1786 Romanum
308 1720 489 1797 cernebant,
511 1720 666 1807 progressi
689 1734 762 1784 ante
783 1733 898 1807 portas,
920 1718 1020 1808 apiem
1041 1734 1146 1784 strux-

100 1821 214 1872 erunt:
237 1829 300 1872 nec
318 1806 438 1885 consul,
456 1818 494 1872 ut
512 1807 568 1894 qui
585 1806 620 1871 id
637 1807 749 1894 ipsum·
761 1807 997 1894 oppugnatione
1014 1805 1147 1869 commi-

97 1893 208 1958 nanda
228 1894 413 1980 quaesisset,
435 1916 555 1958 moram
576 1893 742 1959 certamini
765 1893 850 1958 fecit.
895 1892 1077 1980 Pugnatum
1099 1906 1148 1956 est

96 1979 237 2067 amplius
259 1993 323 2045 tres
344 1981 445 2058 boras,
468 1981 514 2044 ita
534 1994 571 2045 ut
591 1994 704 2046 neutro
729 1980 897 2045 inclinaret
921 2001 1001 2067 spes.
1049 1979 1147 2053 Quod

96 2067 155 2132 ubi
167 2067 282 2132 consul
294 2066 384 2144 vidit,
396 2065 485 2132 nulla
498 2079 586 2154 parte
600 2068 719 2132 moveri
734 2066 889 2154 Ligurum
901 2067 1001 2154 signa,
1013 2065 1148 2152 imperat

96 2153 275 2240 equitibus,
296 2167 333 2218 ut
353 2176 452 2241 equos
471 2154 695 2231 conscendant,
716 2176 753 2217 ac
773 2154 872 2218 tribus
890 2151 985 2218 simul
1006 2152 1148 2240 partibus

97 2240 135 2306 in
165 2239 284 2318 hostes,
315 2255 434 2326 quanto
467 2239 607 2304 maximo
636 2252 764 2327 possent
792 2240 942 2317 tumultu,
971 2239 1145 2304 incurrant.

97 2325 181 2392 Pars
204 2349 319 2415 magna
341 2327 483 2415 equitum
507 2325 645 2390 mediam
667 2325 792 2390 traiecit
812 2327 922 2405 aciem,
943 2340 976 2391 et
996 2325 1039 2391 ad
1059 2340 1149 2415 terga

100 2414 320 2564 pugnantium
348 2416 491 2501 pervasit.
551 2412 632 2478 Inde
667 2426 766 2477 terror
796 2413 933 2478 iniectus
965 2413 1146 2513 Liguribus.

137 2500 233 2565 iversi
246 2502 282 2564 in
301 2523 411 2565 omnes
430 2512 535 2588 partes
628 2512 720 2563 runt:
744 2501 894 2586 perpauci
907 2512 993 2563 retro
1008 2522 1041 2563 1n
1057 2500 1148 2586 oppi-

101 2586 193 2664 dum,
209 2587 286 2673 qnia
299 2587 373 2651 inde
384 2609 418 2651 se
432 2588 601 2651 maximeo
622 2586 738 2650 iecerat
752 2608 858 2672 eques
904 2584 949 2649 Et
963 2598 1147 2672 pugnatam

101 2673 254 2760 pervicax
275 2672 390 2737 multos
409 2674 517 2739 absum
575 2685 625 2737 rat
638 2671 811 2759 Ligurum,
832 2672 920 2737 etin
939 2671 1015 2758 fuga
1031 2672 1147 2759 passim

101 2760 188 2835 caesi
203 2774 285 2825 sunt.
332 2759 454 2826 Decem
469 2761 513 2823 mi
537 2760 568 2825 ia
585 2758 753 2823 bominum
767 2782 859 2823 caesa
872 2758 1058 2835 traduntur3
1081 2781 1148 2822 arn·

102 2846 189 2934 plius
208 2847 400 2934 septingenti
420 2846 534 2933 passim
554 2844 655 2933 capti:
679 2846 770 2933 signa
789 2846 937 2911 militaria
949 2845 1048 2910 relata
1061 2859 1147 2910 octo-

101 2933 195 3083 ffinta
207 2933 282 2998 duo.
327 2930 399 2998 Nec
412 2934 578 2998 incruenta
592 2932 723 2997 victoria
732 2932 801 2997 fuit.
839 2932 990 3020 Amplius
1004 2932 1065 2995 tria
1076 2930 1147 2996 mil·

117 3018 124 3033 ‘
173 3018 311 3083 militum
335 3020 466 3096 amissa3
496 3042 607 3105 quum,
629 3018 816 3083 cedentibus
841 3019 970 3095 neutris,
993 3041 1034 3082 ex
1057 3031 1146 3103 parte

102 3128 127 3169 u
200 3128 240 3169 ue
255 3106 406 3193 primores
420 3106 578 3171 caderent.
624 3104 702 3169 Post
718 3104 800 3169 hanc
815 3127 954 3192 pugnam
969 3127 1009 3169 ex
1025 3103 1147 3169 diversa
1214 3110 1243 3168 8.

102 3192 182 3277 fuga
195 3192 229 3255 in
244 3214 342 3256 unum
363 3192 486 3257 collecti
506 3191 650 3279 Ligures,
666 3214 765 3277 quum
785 3190 935 3255 maiorem
955 3189 1056 3255 multo
1075 3189 1258 3278 par·Dedunt
1269 3206 1304 3241 κ-

78 3290 172 3347 9tem
187 3277 302 3342 civium
317 3276 579 3366 amissam,'quam
593 3300 766 3365 superesse,
782 3292 958 3355 cernerent,
970 3279 1046 3364 (nec
1061 3278 1147 3341 enim

104 3364 178 3451 plus
196 3363 309 3429 decem
328 3364 427 3428 millia
445 3365 610 3429 hominum
631 3364 737 3451 erant)
750 3364 944 3429 dediderunt
957 3386 1043 3440 sese3
1066 3362 1148 3427 nihil

105 3450 236 3536 quidem
251 3450 297 3514 illi
308 3451 404 3550 pacti
452 3450 660 3538 speraverant
680 3466 797 3528 tamen,
811 3474 877 3515 non
891 3450 1036 3525 atrocius,
1051 3470 1148 3535 quam

103 3537 282 3623 superiores
308 3548 519 3623 imperatores,
546 3538 706 3603 consulem
732 3538 768 3601 in
792 3560 827 3601 se
855 3536 1055 3601 saeviturum.
1101 3535 1148 3598 At
1157 3547 1274 3597 Ventus

103 3623 157 3688 ille
179 3646 266 3687 arma
285 3624 431 3688 omnibus
450 3623 578 3702 ademit,
599 3624 752 3712 oppidum
771 3622 878 3698 diruit,
900 3622 983 3708 ipsos
1002 3621 1147 3709 bonaque
1156 3618 1204 3683 tur.

144 3856 159 3905 5
179 3845 329 3906 Lepctoque]
359 3842 467 3904 Principi
486 3840 612 3904 legationis
675 3842 758 3904 9Neo
765 3842 830 3889 calm
839 3839 897 3901 plur
904 3841 983 3889 decem
993 3842 1084 3900 mtttta]
1101 3841 1150 3889 Vel

106 3908 248 3969 Apollonio.
644 3904 684 3952 hie
699 3919 815 3952 numerus
829 3903 893 3952 iusto
908 3904 986 3952 maior
998 3910 1042 3962 est,
1054 3906 1092 3953 vel
1106 3921 1150 3953 nn·

137 3969 611 4032 6Aederllberue]el.Supr.xxx.17.
643 3983 725 4017 mortu
747 3982 871 4015 caesorum
891 3967 918 4016 in
939 3984 1030 4030 pugna,
1048 3968 1080 4016 de
1102 3984 1151 4030 qua

139 4048 154 4097 7
171 4038 267 4084 Enete
278 4036 360 4093 mae]
380 4034 409 4081 ol.
419 4034 490 4096 Supr.
501 4034 536 4081 xl.
548 4047 587 4095 34.
644 4032 718 4080 modo
735 4031 827 4079 mentio
842 4031 908 4081 facta
923 4038 969 4091 est,
985 4032 1048 4079 iusto
1064 4032 1150 4080 minor.

138 4100 154 4147 8
171 4102 204 4147 Ia
214 4114 274 4159 apro
280 4099 424 4157 Statiellatl]
441 4098 562 4147 Statellati
573 4096 613 4145 bie
645 4096 769 4145 Dicuntur
777 4095 840 4145 enim
849 4096 999 4145 Statiellates
1007 4094 1032 4141 in
1042 4094 1080 4152 iis,
1088 4110 1151 4156 quae

107 4170 133 4211 et
148 4162 208 4209 alibi
220 4176 305 4210 omnes
315 4162 371 4210 edd.
382 4176 458 4223 usque
474 4162 505 4209 ad
522 4166 612 4221 postre-
645 4160 755 4223 proxime
770 4162 927 4222 praecedunt,
939 4158 1055 4206 maiorem
1072 4160 1151 4206 multo

107 4241 174 4275 mam
191 4226 299 4283 Gruteri,
316 4226 357 4286 qui
375 4225 467 4287 primur
482 4226 613 4273 Statiellatl
645 4223 733 4271 civium
754 4231 849 4285 partem
867 4223 984 4280 amisisse,
999 4236 1072 4282 quam
1088 4238 1152 4281 quae

107 4290 209 4351 recepit,
224 4290 368 4337 sententiam
382 4287 490 4337 Clurerii
509 4293 613 4337 secutus.
645 4294 788 4347 superesset

108 4355 230 4403 Statellati
241 4360 324 4401 tuetur
334 4350 439 4401 Belrlrer.
