2934 4800
329 187 393 248 tot
483 177 763 248 SYLLABUS
793 171 1288 246 PRAEGIPUARUM

428 314 533 380 ‘Lilio
569 335 668 380 sureo
704 313 745 378 sd
782 312 905 378 Divum
940 312 1142 378 Iacobum.
1189 309 1389 375 maxim*
1429 313 1430 364 ἶ

426 423 536 468 verum
575 400 788 487 privilegium,
826 414 864 464 ut
899 399 1016 464 Livius
1063 399 1145 463 hoc
1188 397 1291 461 modo
1320 397 1390 480 inpi-
1429 399 1430 470 l

427 501 576 564 meretur,
591 500 719 552 senatus
734 485 922 550 Perisiensis
942 509 1038 549 anno
1069 482 1325 549 M.D.Xl,ll.
1339 505 1390 545 nu:

428 573 554 639 Celend
589 571 749 637 Novemb.
782 572 938 635 concessit
986 568 1212 634 ‘Michaeli
1252 567 1386 631 Vm.

428 668 483 724 ‘et
512 659 675 724 Audo'e'no
704 656 828 721 Parvo’
879 656 1010 720 Titulus
1050 656 1194 731 etiam,
1228 655 1289 740 qui
1317 657 1395 716 Ans

427 745 600 810 tationibus
614 743 774 808 adiunctis
787 741 1013 829 praemittitur,
1025 742 1188 806 desinit
1203 741 1272 805 hoc
1280 741 1395 804 mmuh·

427 831 577 896 ‘Parisiis
610 829 811 916 imprimebat
844 827 990 893 Micboel
1022 830 1277 892 vascosanus
1305 827 1355 888 sbi
1379 847 1394 887 :-:

428 916 579 982 ‘Odoino
611 915 736 980 Parvo?
791 913 890 978 Unde
925 913 1060 999 colligo.
1106 914 1314 978 editionem
1343 913 1397 974 lm·

426 1025 575 1068 excusam
594 1023 661 1066 esse
682 1001 767 1088 typis
781 1000 967 1076 Vascosani,
983 1001 1187 1065 venditam
1205 1017 1319 1064 autem
1332 999 1395 1060 st<

426 1089 541 1175 partim
556 1089 660 1164 abeo,
676 1087 791 1174 partim
812 1087 852 1149 ab
868 1085 1000 1150 Odoino
1018 1086 1160 1151 Parvo.
1203 1085 1305 1148 Haec
1321 1105 1395 1148 mss:

397 1202 398 1206 ¹
426 1175 525 1240 editio
551 1197 616 1238 non
643 1172 739 1238 modo
763 1172 908 1236 continet
931 1172 1058 1248 omnin,
1090 1195 1201 1258 quae
1226 1171 1396 1322 pm

427 1260 652 1348 Lugdunensis
677 1257 865 1346 Gryphianu
891 1257 967 1321 anui
995 1259 1256 1324 M.D.XL1.
1304 1259 1396 1318 l'sm

396 1399 400 1406 .
427 1346 524 1412 etiam
542 1344 689 1410 Sabellici
747 1343 855 1408 uculss
874 1344 1134 1410 Annotetiones.

332 1439 425 1500 1543.
450 1431 593 1496 Basileue
608 1455 627 1496 a
650 1431 694 1495 ud
704 1367 859 1494 ldennem
872 1428 1091 1516 Hervagium,
1106 1431 1146 1494 in
1161 1431 1285 1496 forma
1294 1429 1393 1492 ussine

469 1517 564 1582 Hanc
594 1454 768 1582 editionem
800 1515 967 1579 adiunctas
996 1515 1130 1582 habete
1168 1516 1394 1582 Annotatiooz‘

428 1604 587 1680 Rhenum,
618 1602 757 1679 Geleuii,
787 1616 820 1665 et
851 1600 1015 1676 Glareaui,
1046 1602 1236 1690 huiusque
1272 1601 1394 1666 chrm·

426 1689 552 1775 logiam,
573 1703 684 1754 auctor
706 1701 755 1752 est
775 1686 896 1752 Febric.
915 1687 950 1750 in
965 1685 1057 1753 Bibl.
1079 1688 1203 1754 Iatin.
1259 1687 1392 1752 Eumae:

427 1790 604 1840 memorant
629 1775 725 1840 etiam
753 1772 913 1838 Heemius
938 1786 971 1836 et
997 1773 1174 1853 Clericus,
1206 1777 1322 1841 testati
1339 1795 1391 1835 ezr-s

424 1859 577 1946 prodiisse
599 1870 662 1926 ‘ex
677 1859 859 1924 recensione
876 1855 1056 2009 Hmffci',
1071 1861 1285 1948 nullumque
1300 1862 1391 1923 ,turn

426 1946 582 2010 tatiouum
600 1946 751 2011 Glareuni
765 1945 960 2009 mentionem
1027 1947 1119 2010 iunt.

332 2037 423 2098 1544.
448 2033 663 2119 Argentorati,
678 2033 714 2096 in
727 2032 829 2096 forma
847 2031 1016 2117 octuplioe,
1032 2034 1248 2118 prodierunt
1269 2032 1317 2098 Io
1329 2029 1388 2092 te}

371 2119 509 2183 curionis
525 2117 630 2184 Notae
650 2119 684 2182 in
700 2118 785 2182 Livii
799 2117 852 2181 lib.
869 2115 895 2180 I.
911 2131 946 2180 et
959 2115 1004 2180 Π.
1022 2141 1115 2204 quae
1136 2135 1260 2220 poetes
1280 2118 1384 2204 sepis·

371 2203 440 2268 eliis
459 2203 652 2269 editionibus
672 2204 808 2268 insertae
828 2216 910 2266 sunt.
957 2201 1169 2270 Memoravtt
1184 2207 1276 2271 benc
1290 2205 1384 2271 editi:-

373 2313 446 2354 nem
463 2288 624 2355 Fabricius
639 2291 672 2354 iu
689 2289 841 2354 Bibliotb.
858 2289 963 2352 Latin.

331 2381 423 2442 1545.
448 2374 593 2454 Lovanii,
611 2377 646 2441 in
665 2375 767 2441 forma
780 2374 996 2526 quedruffice,
1018 2375 1134 2442 lucem
1160 2378 1282 2444 vidise
1298 2375 1380 2441 Nos

372 2464 461 2529 Petri
488 2461 611 2527 Naunii
635 2464 670 2527 in
697 2462 782 2526 Livii
808 2462 877 2526 libr.
996 2475 1142 2528 testatur
1170 2462 1380 2531 Febricimin

373 2549 455 2614 Bibl
472 2548 577 2613 Latin.
625 2548 743 2613 Utrum
759 2570 833 2613 vero
848 2548 978 2612 eaedem
995 2548 1072 2625 sint,
1091 2564 1202 2651 atque
1217 2552 1302 2626 illae,
1315 2570 1377 2635 qux

371 2635 507 2699 ineditos
530 2635 648 2721 putavi,
673 2647 706 2699 et
730 2634 806 2699 huic
831 2634 963 2698 editioni
989 2635 1056 2699 suis
1083 2635 1171 2701 locis
1198 2638 1328 2713 inserui,
1345 2656 1377 2697 m

370 2720 522 2798 diversae,
538 2743 637 2807 quum
652 2720 768 2785 librum
784 2742 851 2783 non
865 2719 1008 2797 viderim,
1024 2720 1139 2787 dicere
1156 2746 1301 2810 nequeo.

330 2812 423 2871 1548.
450 2807 604 2893 Lugduni
638 2806 725 2893 apud
760 2803 978 2870 Sebastianum
1009 2805 1210 2894 Gryphium
1241 2824 1375 2896 qmttw

371 2892 596 2969 voluminibus,
613 2892 646 2956 iu
660 2892 763 2957 formo
776 2890 974 2956 duodecima.
1421 2926 1424 2967 ς

468 2977 653 3044 Editionem
669 2976 922 3063 Lugdunensem
939 2977 970 3042 G
1030 2978 1168 3043 binnam
1190 2981 1293 3045 buius
1306 2982 1373 3045 dus
1423 2998 1424 3006 ’

422 3063 497 3129 dem
521 3064 607 3141 anni,
628 3064 684 3129 sed
708 3064 743 3128 in
764 3062 867 3127 forma
889 3077 986 3150 octup
999 3065 1057 3141 ce,
1073 3082 1267 3132 memorent
1287 3066 1373 3131 Hen-

422 3150 495 3214 uius
517 3163 551 3214 et
573 3147 718 3250 Clericus
742 3149 776 3213 in
800 3148 912 3214 Iudice
937 3148 1037 3215 Editt
1062 3150 1198 3217 Lirim.
1215 3177 1315 3241 quam
1334 3173 1372 3215 nt

328 3236 942 3424 aestimantium
962 3320 1175 3407 Heium
1213 3325 1251 3389 i„
1287 3326 1371 3389 sm

369 3430 575 3559 mmor'litulo
586 3493 681 3558 huius
692 3493 1048 3579 editionisillumcripta
1057 3508 1106 3558 est
1118 3494 1285 3561 formula:
1302 3495 1369 3560 ‘Bt-
1422 3474 1425 3599 l

424 3578 539 3645 ‘sileae
603 3603 619 3643 r
639 3578 794 3693 Ioapnem
816 3578 1023 3667 Herregium,
1038 3602 1126 3644 enno
1142 3582 1366 3649 munti.
1423 3600 1424 3608 ¹

423 3672 433 3703 ‘
444 3688 551 3730 mense
607 3666 694 3731 ertio.
724 3688 806 3751 quse
829 3665 941 3730 eadem
964 3664 1063 3729 ferme
1085 3665 1121 3728 in
1144 3666 1215 3731 fine
1236 3668 1309 3734 libn'
1326 3692 1366 3731 oe-

421 3752 526 3815 currit.
574 3750 749 3816 Recensuit
766 3751 849 3815 bunc
866 3750 1040 3815 editionem
1059 3750 1193 3816 Caelius
1213 3753 1365 3819 Secundis

422 3837 552 3914 ‘Curio
596 3837 629 3901 ui
651 3837 685 3901 in
706 3835 917 3913 Praefatione,
937 3835 1012 3900 deta
1034 3845 1045 3875 ‘
1055 3835 1205 3903 Besileae
1224 3841 1295 3906 cu
1310 3840 1362 3905 Im

421 3931 432 3961 ‘
444 3922 585 3989 ltux
619 3922 744 3988 V1111.‘
758 3935 901 3999 testatur,
920 3945 954 3987 se
972 3922 1102 3987 Livium
1122 3946 1201 3987 curn
1221 3928 1363 3991 veteribu
1429 3944 1430 3965 ¹

419 4022 453 4072 et
482 4007 571 4073 novis
596 4006 717 4095 aliquot
742 4007 975 4094 exemplaribus
1004 4031 1045 4073 ex
1073 4008 1124 4085 iis,
1150 4032 1242 4095 quae
1272 4034 1363 4077 emen-

419 4094 541 4159 datiora
560 4106 655 4180 atque
676 4092 807 4158 meliora
825 4094 992 4171 habentur,
1006 4094 1202 4160 contulisse:
1225 4111 1263 4162 et
1281 4122 1320 4163 ex
1332 4120 1361 4162 eo

417 4178 524 4243 labore
545 4178 631 4244 bunc
651 4202 684 4244 sc
708 4178 846 4245 tinctum
866 4179 1009 4245 retulisse
1029 4179 1209 4260 affirmavit,
1231 4199 1272 4248 ut
1293 4184 1360 4249 Liri

418 4262 458 4324 ed
484 4263 623 4329 ducents
643 4262 713 4329 loce
733 4264 921 4342 emendarit,
946 4278 980 4331 et
1004 4266 1138 4352 pristino
1162 4268 1265 4335 nitori
1286 4270 1358 4335 resti
