2934 4800
307 223 348 284 28
696 215 809 282 ΤΙΤΙ
835 215 971 283 LlVlI

153 371 186 421 U.
198 372 228 422 c.
243 353 719 433 577.urbanamiu1isdictionem
735 353 883 430 obtinuit,
895 351 934 418 L.
947 349 1116 418 Cornelias
1132 349 1259 437 Sci]pio
1270 348 1361 414 inter

150 437 181 486 A.
199 438 229 486 0·
247 441 498 527 ¹7⁵·peregrinoa
544 439 593 506 Μ.
608 438 710 506 Atilio
724 439 860 526 praetori
875 439 1038 526 provincia
1056 437 1202 504 Sardinia
1216 437 1361 501 obvene-

307 539 372 591 rat:
397 527 454 592 sed
467 549 541 592 cum
561 525 686 614 legione
707 549 799 603 nova,
815 549 911 612 quam
931 523 1076 591 consules
1094 523 1359 611 conscripserant,

308 613 451 700 quinque
467 613 604 680 millibus
619 612 774 702 peditum,
789 613 939 678 trecentis
952 611 1123 699 equitibus,
1139 611 1173 675 in
1189 608 1360 675 Corsicam

308 700 409 764 iussus
431 711 479 764 est
501 699 641 764 transire.
687 699 777 765 Dum
799 699 826 764 is
843 699 888 764 ibi
908 697 1027 764 bellum
1048 711 1181 798 gereret,
1201 695 1387 761 cornelios

308 808 382 872 pror
443 798 511 851 tum
527 786 707 886 imperium,
723 786 771 852 uti
790 784 949 850 obtineret
970 783 1156 851 Sardiniam
1203 782 1266 848 Cn
1281 781 1360 848 Ser*

309 872 383 936 vilio
416 872 556 960 'aepioni
570 895 605 936 ru
626 871 815 958 Hispaniam
835 871 1026 947 ulteriorem,
1041 883 1075 936 et
1093 870 1131 939 Ρ.
1141 869 1238 936 Furio
1259 867 1358 934 Philo

309 959 343 1024 in
358 959 535 1026 citeriorem
551 959 611 1024 tria
625 957 724 1026 millia
737 958 881 1044 peditum
898 958 1126 1034 Romanorum,
1140 957 1264 1044 equites
1278 978 1360 1021 nen·

309 1057 377 1111 tum
392 1045 633 1132 quinquaginta,
645 1059 678 1110 et
692 1045 812 1112 socium
827 1044 936 1111 Iatioi
951 1044 1089 1110 nominis
1102 1044 1244 1132 quinque
1256 1041 1360 1108 millia

298 1131 463 1218 peditum,
483 1131 617 1198 trecenti
636 1131 777 1218 equites:
803 1130 912 1196 Sicilia
932 1131 971 1196 L.
986 1129 1124 1197 Claudio
1138 1131 1207 1212 sine
1225 1128 1359 1229 supple-

308 1232 418 1284 mento
433 1218 568 1284 decreta
617 1217 708 1284 Duas
726 1235 891 1318 praeterea
903 1216 1044 1305 legiones
1059 1216 1203 1282 consules
1217 1216 1357 1280 scrrbere

309 1304 394 1382 iussi,
416 1305 498 1372 iusto
516 1327 648 1369 numero
668 1304 813 1392 peditum
832 1305 1051 1391 equitumque,
1072 1317 1106 1368 et
1125 1303 1236 1368 decem
1256 1301 1360 1366 millia

153 1391 455 1478 Pestilentiapeditum
476 1391 569 1456 sociis
590 1392 755 1478 imperare,
777 1405 811 1456 et
834 1403 1000 1458 sexcentos
1021 1389 1154 1476 equites
1200 1388 1358 1454 Deiectus

310 1477 490 1546 consulibus
510 1502 549 1544 eo
568 1477 726 1544 difficilior
745 1491 821 1556 erat,
837 1477 924 1564 quod
943 1475 1134 1565 pestilentia,
1150 1499 1231 1563 quae
1248 1475 1356 1563 priore

310 1587 394 1631 anno
409 1565 444 1629 in
462 1565 558 1630 boves
577 1565 589 1628 i
672 1577 748 1641 erat,
764 1588 803 1629 eo
823 1577 959 1630 verterat
977 1563 1013 1628 in
1031 1562 1198 1630 bominum
1218 1563 1384 1630 morbos-7

312 1651 378 1726 Qui
402 1587 698 1728 inciderantnlild
722 1650 814 1715 facile
837 1651 1007 1737 septimum
1034 1650 1119 1714 diem
1144 1649 1355 1736 superabant:

310 1738 367 1823 qui
383 1749 616 1823 superaverant,
639 1735 825 1824 longinquo,
847 1737 984 1802 maxime
1006 1750 1189 1823 quartanae,
1211 1734 1358 1822 implica-

310 1825 427 1889 bantur
437 1823 555 1888 morbo.
607 1821 741 1888 Servitia
749 1823 886 1888 maxime
901 1823 1133 1890 moriebantur:
1156 1835 1358 1888 eorumstra·

309 1933 365 1996 ges
378 1931 436 1996 per
455 1931 565 1974 omnes
579 1908 644 1974 vias
664 1909 894 1996 insepultorum
908 1923 984 1974 erat
1030 1908 1083 1973 Ne
1098 1908 1269 1974 liberorum
1283 1908 1358 1995 qui·

310 1995 385 2060 dem
410 1996 573 2062 funeribus
598 1993 742 2060 Libitina
769 1995 952 2060 sufficiebat
1000 1994 1174 2072 Cadavera,
1197 1995 1315 2061 intacta
1337 2010 1382 2060 aa

310 2083 439 2148 canibus
454 2105 491 2148 ac
505 2081 691 2159 vulturibus,
704 2083 792 2146 tabes
803 2081 1004 2147 absumebat:
1028 2082 1166 2169 satisque
1181 2082 1357 2158 constabat,

310 2191 370 2236 nec
388 2169 453 2245 illo,
468 2191 528 2234 nec
547 2169 651 2256 priore
672 2191 766 2245 anno,
783 2168 817 2232 in
835 2180 923 2233 tanta
940 2181 1043 2256 strage
1058 2170 1154 2234 boum
1174 2168 1360 2235 hominum·

311 2279 374 2342 que
388 2253 560 2320 vulturium
575 2277 709 2342 usquam
723 2255 834 2319 visum
875 2254 1059 2322 Sacerdotes
1073 2255 1192 2341 publici
1206 2277 1246 2320 ea
1258 2255 1359 2341 pesti-

310 2342 408 2409 lentia
431 2342 546 2410 mortui
569 2355 653 2420 sunt,
683 2341 745 2409 Cn.
765 2340 916 2409 Servilius
942 2341 1064 2429 Caepio
1132 2341 1243 2419 ntifex,
1265 2355 1360 2428 pater

310 2429 471 2517 praetoris,
487 2442 520 2493 et
537 2429 588 2494 Ti.
601 2428 808 2515 Sempronius
823 2428 873 2495 Ti.
887 2428 913 2493 F
913 2478 921 2493 .
932 2428 1064 2515 Longus
1078 2364 1239 2497 dbocemvir
1252 2450 1359 2495 sacm-

310 2538 392 2594 rum,
411 2528 444 2581 et
463 2515 499 2582 P.
512 2514 624 2581 Aelius
644 2514 761 2581 Paetus
780 2538 889 2602 augur,
909 2529 943 2583 et
962 2515 1013 2583 Ti.
1029 2513 1234 2602 Sempronius
1255 2513 1359 2583 Grae-

311 2602 399 2680 chus,
419 2616 452 2669 et
474 2601 512 2667 C.
527 2601 691 2669 Mamilius
710 2600 840 2667 Vitulus
861 2602 948 2667 curio
968 2602 1133 2678 maximus
1153 2616 1187 2666 et
1201 2600 1250 2666 Μ.
1265 2600 1359 2667 Sem·

310 2690 440 2799 pronius
463 2688 642 2753 Tuditanus
664 2688 820 2809 pontifex.
866 2688 1039 2753 Pontifices
1059 2689 1183 2754 suffecti
1204 2701 1288 2766 sunt,
1314 2688 1384 2756 C.9

312 2774 470 2862 Sulpicius
487 2774 591 2839 Galba
605 2774 651 2811 ¹*
696 2775 851 2841 inlocum
863 2774 1026 2839 Tuditani.
1072 2775 1221 2861 Augures
1232 2776 1358 2841 suffecti

310 2876 394 2938 sunt,
410 2862 444 2935 in
461 2860 600 2929 Gracchi
620 2860 725 2927 locum
740 2861 780 2927 T.
794 2860 947 2927 Veturius
969 2861 1134 2927 Gracchus
1154 2860 1358 2948 Sempronia-

310 2970 380 3025 nae,
396 2949 431 3013 in
446 2948 482 3012 P.
494 2947 581 3011 Aelii
598 2946 639 3023 Q,
652 2946 764 3013 Aelius
779 2947 907 3014 Paetus
954 2947 1126 3013 Decemvir
1139 2970 1298 3013 sacrorum
1314 2946 1356 3015 C.

310 3034 517 3121 Sempronius
541 3034 682 3120 Longus,
706 3034 795 3099 curio
818 3035 975 3101 maximus
998 3036 1035 3108 C.
1050 3033 1232 3101 Scribonius
1254 3034 1357 3102 Curio

311 3121 471 3187 sufficitur.
520 3119 630 3195 Quum
645 3120 843 3207 pestilentiae
863 3121 936 3185 finis
955 3144 1021 3185 non
1035 3122 1136 3199 ficret,
1152 3136 1279 3186 senatus
1299 3121 1357 3186 dc·

310 3206 418 3285 crevit,
436 3207 482 3271 uti
497 3206 667 3271 decemviri
681 3206 777 3272 libros
793 3206 964 3295 Sibyllinos
979 3207 1111 3273 adirent
1158 3206 1209 3273 Ex
1225 3207 1355 3273 decreto

311 3316 421 3361 eorurn
442 3293 527 3359 diem
548 3316 647 3360 unum
667 3292 855 3380 snpplicatio
869 3294 931 3358 fuit
951 3306 993 3372 et,
1011 3293 1053 3369 Q„
1067 3294 1191 3359 Marcio
1205 3294 1380 3381 Philippo1

311 3382 407 3447 verba
435 3393 617 3469 praeeunte,
648 3379 785 3467 popalus
809 3379 844 3445 in
872 3380 941 3445 foro
969 3393 1079 3447 votum
1104 3382 1268 3469 concepit:
1300 3381 1356 3447 ‘Si
1456 3367 1457 3448 l

313 3470 462 3533 ‘morbus
483 3468 724 3554 pestilentiaque
743 3490 784 3533 ex
807 3490 882 3555 agro
905 3467 1052 3533 Romano
1073 3485 1179 3533 emota
1199 3482 1290 3545 esset,
1307 3468 1356 3534 bi·

313 3555 435 3623 fduum
445 3554 537 3619 ferias
552 3578 588 3619 ae
603 3554 866 3641 supplicationem
880 3578 914 3620 se
929 3554 1131 3620 habiturum?
1174 3554 1214 3619 In
1226 3554 1356 3621 Veienti

312 3664 387 3727 agro
403 3642 509 3727 biceps
524 3656 617 3705 natus
630 3663 719 3728 puer,
735 3654 769 3705 et
789 3641 954 3707 Sinuessae
975 3642 1153 3717 unimanus,
1168 3656 1202 3705 et
1222 3641 1356 3707 Auximi

312 3726 418 3814 puella
432 3750 505 3791 cunr
525 3727 691 3793 dentibus:
715 3740 750 3792 et
763 3750 854 3794 arcus
872 3727 1013 3793 interdiu
1032 3750 1144 3793 serem
1159 3727 1248 3793 coelo
1262 3750 1357 3815 super
1456 3779 1457 3788 ,

344 3962 360 4012 6
377 3962 488 4011 Cornelio
500 3970 658 4024 prorogatum
673 3962 816 4024 imperinm]
851 3962 934 4008 locum
945 3960 1077 4023 Caepionis
1091 3960 1213 4009 demortui
1226 3960 1355 4009 suffectum
1456 3979 1457 3984 ¹

314 4026 382 4077 Hinc
404 4031 507 4089 apparat
529 4025 670 4075 Comelium
695 4024 818 4087 superiore
850 4025 924 4073 bursa
938 4031 1020 4073 censet
1035 4024 1259 4083 Drakenborcbiua,
1273 4031 1298 4073 ot
1314 4040 1356 4072 no

312 4106 377 4139 anno
389 4096 524 4151 praetorem
536 4089 617 4138 fuisse.
633 4090 714 4138 Cnar.
845 4104 907 4153 ,uren
926 4088 978 4136 eins
995 4089 1154 4147 intercidisse,
1170 4089 1213 4151 qui
1230 4089 1256 4136 in
1274 4090 1355 4136 locum

347 4166 359 4215 7
376 4156 415 4203 Eo
426 4152 543 4214 aarum]
562 4153 656 4215 Supple
666 4169 740 4203 anno.
851 4152 969 4202 Tuditani
980 4154 1098 4201 suffactus
1107 4159 1153 4201 eat.

345 4218 729 4279 8Libitinu1cfisupr.xl.rq.
885 4219 1049 4273 rQMaroio
1059 4216 1190 4279 Philippo]
1210 4216 1356 4267 Decemviro

345 4298 360 4345 9
378 4284 404 4330 0.
420 4283 546 4344 Sulpitim
568 4282 675 4341 Gatbala
691 4280 768 4328 Hunc
792 4281 818 4328 in
850 4295 980 4329 sacrorum.
998 4281 1203 4343 canaparia.
1219 4282 1302 4331 Casu.
