<?xml version="1.0" encoding="UTF-8"?>
<!DOCTYPE html PUBLIC "-//W3C//DTD XHTML 1.0 Transitional//EN"
    "http://www.w3.org/TR/xhtml1/DTD/xhtml1-transitional.dtd">
<html xmlns="http://www.w3.org/1999/xhtml" xml:lang="en" lang="en">
 <head>
  <title>
</title>
<meta http-equiv="Content-Type" content="text/html;charset=utf-8" />
  <meta name='ocr-system' content='tesseract 3.04.00' />
  <meta name='ocr-capabilities' content='ocr_page ocr_carea ocr_par ocr_line ocrx_word'/>
</head>
<body>
  <div class='ocr_page' id='page_1' title='image "./tliviipatavinih01kreygoog/tliviipatavinih01kreygoog_0253.png"; bbox 0 0 2934 4800; ppageno 0'>
   <div class='ocr_carea' id='block_1_1' title="bbox 365 214 1127 286">
    <p class='ocr_par' dir='ltr' id='par_1_1' title="bbox 365 214 1127 286">
     <span class='ocr_line' id='line_1_1' title="bbox 365 214 1127 286; baseline 0.007 -5"><span class='ocrx_word' id='word_1_1' title='bbox 365 214 578 283; x_wconf 86' lang='lat' dir='ltr'><strong>LIBROR.</strong></span> <span class='ocrx_word' id='word_1_2' title='bbox 611 216 839 283; x_wconf 83' lang='lat' dir='ltr'><strong>DEPERD.</strong></span> <span class='ocrx_word' id='word_1_3' title='bbox 1063 224 1127 286; x_wconf 80' lang='lat'><strong>243</strong></span> 
     </span>
    </p>
   </div>
   <div class='ocr_carea' id='block_1_2' title="bbox 80 351 1127 1217">
    <p class='ocr_par' dir='ltr' id='par_1_2' title="bbox 80 351 1127 1217">
     <span class='ocr_line' id='line_1_2' title="bbox 85 351 1127 441; baseline 0.006 -26"><span class='ocrx_word' id='word_1_4' title='bbox 85 351 276 431; x_wconf 79' lang='lat' dir='ltr'>exercitibus,</span> <span class='ocrx_word' id='word_1_5' title='bbox 287 352 411 440; x_wconf 89' lang='lat' dir='ltr'><strong>proelio</strong></span> <span class='ocrx_word' id='word_1_6' title='bbox 421 352 497 419; x_wconf 87' lang='lat' dir='ltr'><strong>victi</strong></span> <span class='ocrx_word' id='word_1_7' title='bbox 511 352 640 419; x_wconf 87' lang='lat' dir='ltr'><strong>suntab</strong></span> <span class='ocrx_word' id='word_1_8' title='bbox 654 352 710 418; x_wconf 86' lang='lat' dir='ltr'><strong>iis:</strong></span> <span class='ocrx_word' id='word_1_9' title='bbox 727 354 840 441; x_wconf 92' lang='lat' dir='ltr'><strong>inquo</strong></span> <span class='ocrx_word' id='word_1_10' title='bbox 853 372 945 419; x_wconf 82' lang='lat' dir='ltr'><strong>caess</strong></span> <span class='ocrx_word' id='word_1_11' title='bbox 959 351 1127 421; x_wconf 70' lang='lat' dir='ltr'><strong>uaduntm</strong></span> 
     </span>
     <span class='ocr_line' id='line_1_3' title="bbox 83 434 1124 527; baseline 0.007 -28"><span class='ocrx_word' id='word_1_12' title='bbox 83 434 211 503; x_wconf 86' lang='lat' dir='ltr'><strong>bostium</strong></span> <span class='ocrx_word' id='word_1_13' title='bbox 225 438 581 525; x_wconf 77' lang='lat' dir='ltr'><strong>centumquadraginta</strong></span> <span class='ocrx_word' id='word_1_14' title='bbox 598 438 706 517; x_wconf 86' lang='lat' dir='ltr'><strong>millia,</strong></span> <span class='ocrx_word' id='word_1_15' title='bbox 722 454 816 527; x_wconf 86' lang='lat' dir='ltr'><strong>capta</strong></span> <span class='ocrx_word' id='word_1_16' title='bbox 828 438 1002 527; x_wconf 71' lang='lat' dir='ltr'><strong>sexaginta.</strong></span> <span class='ocrx_word' id='word_1_17' title='bbox 1049 438 1124 507; x_wconf 88' lang='lat' dir='ltr'><strong>Ma·</strong></span> 
     </span>
     <span class='ocr_line' id='line_1_4' title="bbox 83 522 1125 614; baseline 0.005 -26"><span class='ocrx_word' id='word_1_18' title='bbox 83 522 150 599; x_wconf 78' lang='lat' dir='ltr'><strong>rim,</strong></span> <span class='ocrx_word' id='word_1_19' title='bbox 175 524 272 589; x_wconf 91' lang='lat' dir='ltr'><strong>totius</strong></span> <span class='ocrx_word' id='word_1_20' title='bbox 301 524 438 589; x_wconf 84' lang='lat' dir='ltr'><strong>civitatis</strong></span> <span class='ocrx_word' id='word_1_21' title='bbox 462 548 618 591; x_wconf 87' lang='lat' dir='ltr'><strong>consensu</strong></span> <span class='ocrx_word' id='word_1_22' title='bbox 644 539 808 613; x_wconf 85' lang='lat' dir='ltr'><strong>exceptus,</strong></span> <span class='ocrx_word' id='word_1_23' title='bbox 834 547 893 614; x_wconf 90' lang='lat' dir='ltr'><strong>pro</strong></span> <span class='ocrx_word' id='word_1_24' title='bbox 918 525 1043 591; x_wconf 85' lang='lat' dir='ltr'><strong>duobus</strong></span> <span class='ocrx_word' id='word_1_25' title='bbox 1068 526 1125 593; x_wconf 89' lang='lat' dir='ltr'><strong>tri·</strong></span> 
     </span>
     <span class='ocr_line' id='line_1_5' title="bbox 83 608 1124 697; baseline 0.006 -24"><span class='ocrx_word' id='word_1_26' title='bbox 83 608 210 695; x_wconf 88' lang='lat' dir='ltr'><strong>umpbis,</strong></span> <span class='ocrx_word' id='word_1_27' title='bbox 235 610 293 697; x_wconf 89' lang='lat' dir='ltr'><strong>qui</strong></span> <span class='ocrx_word' id='word_1_28' title='bbox 316 611 539 689; x_wconf 81' lang='lat' dir='ltr'><strong>offerebantur,</strong></span> <span class='ocrx_word' id='word_1_29' title='bbox 564 634 630 677; x_wconf 90' lang='lat' dir='ltr'><strong>uno</strong></span> <span class='ocrx_word' id='word_1_30' title='bbox 655 624 826 676; x_wconf 88' lang='lat' dir='ltr'><strong>contentus</strong></span> <span class='ocrx_word' id='word_1_31' title='bbox 849 610 919 676; x_wconf 85' lang='lat' dir='ltr'><strong>lirit.</strong></span> <span class='ocrx_word' id='word_1_32' title='bbox 964 610 1124 679; x_wconf 85' lang='lat' dir='ltr'><strong>Primores</strong></span> 
     </span>
     <span class='ocr_line' id='line_1_6' title="bbox 81 694 1123 783; baseline 0.005 -24"><span class='ocrx_word' id='word_1_33' title='bbox 81 694 216 773; x_wconf 83' lang='lat' dir='ltr'><strong>civitatis,</strong></span> <span class='ocrx_word' id='word_1_34' title='bbox 229 697 286 783; x_wconf 91' lang='lat' dir='ltr'><strong>qui</strong></span> <span class='ocrx_word' id='word_1_35' title='bbox 301 696 498 783; x_wconf 76' lang='lat' dir='ltr'><strong>aliquamdiu</strong></span> <span class='ocrx_word' id='word_1_36' title='bbox 512 709 550 763; x_wconf 91' lang='lat' dir='ltr'><strong>ut</strong></span> <span class='ocrx_word' id='word_1_37' title='bbox 564 719 647 763; x_wconf 83' lang='lat' dir='ltr'><strong>noro</strong></span> <span class='ocrx_word' id='word_1_38' title='bbox 662 697 796 776; x_wconf 90' lang='lat' dir='ltr'><strong>homini,</strong></span> <span class='ocrx_word' id='word_1_39' title='bbox 811 696 853 763; x_wconf 86' lang='lat' dir='ltr'><strong>ad</strong></span> <span class='ocrx_word' id='word_1_40' title='bbox 868 710 972 763; x_wconf 82' lang='lat' dir='ltr'><strong>tantos</strong></span> <span class='ocrx_word' id='word_1_41' title='bbox 986 696 1123 765; x_wconf 89' lang='lat' dir='ltr'><strong>honores</strong></span> 
     </span>
     <span class='ocr_line' id='line_1_7' title="bbox 81 782 1123 871; baseline 0.005 -26"><span class='ocrx_word' id='word_1_42' title='bbox 81 794 193 859; x_wconf 80' lang='lat' dir='ltr'><strong>erecto,</strong></span> <span class='ocrx_word' id='word_1_43' title='bbox 212 782 403 860; x_wconf 87' lang='lat' dir='ltr'><strong>inviderant,</strong></span> <span class='ocrx_word' id='word_1_44' title='bbox 425 796 640 849; x_wconf 82' lang='lat' dir='ltr'><strong>conservatam</strong></span> <span class='ocrx_word' id='word_1_45' title='bbox 664 784 705 849; x_wconf 88' lang='lat' dir='ltr'><strong>ab</strong></span> <span class='ocrx_word' id='word_1_46' title='bbox 729 806 768 849; x_wconf 91' lang='lat' dir='ltr'><strong>eo</strong></span> <span class='ocrx_word' id='word_1_47' title='bbox 790 783 1020 871; x_wconf 74' lang='lat' dir='ltr'><strong>rempublicam</strong></span> <span class='ocrx_word' id='word_1_48' title='bbox 1043 784 1123 850; x_wconf 86' lang='lat' dir='ltr'><strong>sate·</strong></span> 
     </span>
     <span class='ocr_line' id='line_1_8' title="bbox 81 865 1119 957; baseline 0.006 -26"><span class='ocrx_word' id='word_1_49' title='bbox 81 865 195 933; x_wconf 86' lang='lat' dir='ltr'><strong>bantur.</strong></span> <span class='ocrx_word' id='word_1_50' title='bbox 241 868 406 935; x_wconf 79' lang='lat' dir='ltr'><strong>Publicius</strong></span> <span class='ocrx_word' id='word_1_51' title='bbox 421 868 602 949; x_wconf 74' lang='lat' dir='ltr'><strong>Malleolus,</strong></span> <span class='ocrx_word' id='word_1_52' title='bbox 618 882 718 937; x_wconf 90' lang='lat' dir='ltr'><strong>matre</strong></span> <span class='ocrx_word' id='word_1_53' title='bbox 733 870 846 949; x_wconf 85' lang='lat' dir='ltr'><strong>occisa,</strong></span> <span class='ocrx_word' id='word_1_54' title='bbox 860 871 981 957; x_wconf 89' lang='lat' dir='ltr'><strong>primus</strong></span> <span class='ocrx_word' id='word_1_55' title='bbox 995 870 1119 937; x_wconf 79' lang='lat' dir='ltr'><strong>meatus</strong></span> 
     </span>
     <span class='ocr_line' id='line_1_9' title="bbox 82 952 1121 1045; baseline 0.005 -28"><span class='ocrx_word' id='word_1_56' title='bbox 82 952 174 1032; x_wconf 85' lang='lat' dir='ltr'><strong>culeo,</strong></span> <span class='ocrx_word' id='word_1_57' title='bbox 198 955 235 1021; x_wconf 90' lang='lat' dir='ltr'><strong>in</strong></span> <span class='ocrx_word' id='word_1_58' title='bbox 263 977 350 1021; x_wconf 86' lang='lat' dir='ltr'><strong>mare</strong></span> <span class='ocrx_word' id='word_1_59' title='bbox 379 956 485 1044; x_wconf 87' lang='lat' dir='ltr'><strong>praeci</strong></span> <span class='ocrx_word' id='word_1_60' title='bbox 508 956 605 1023; x_wconf 88' lang='lat' dir='ltr'><strong>itatus</strong></span> <span class='ocrx_word' id='word_1_61' title='bbox 631 968 687 1021; x_wconf 81' lang='lat' dir='ltr'><strong>est.</strong></span> <span class='ocrx_word' id='word_1_62' title='bbox 733 954 864 1023; x_wconf 84' lang='lat' dir='ltr'><strong>Ancilia</strong></span> <span class='ocrx_word' id='word_1_63' title='bbox 888 978 963 1023; x_wconf 89' lang='lat' dir='ltr'><strong>cum</strong></span> <span class='ocrx_word' id='word_1_64' title='bbox 987 957 1121 1045; x_wconf 87' lang='lat' dir='ltr'><strong>strepitu</strong></span> 
     </span>
     <span class='ocr_line' id='line_1_10' title="bbox 82 1042 1120 1128; baseline 0.006 -25"><span class='ocrx_word' id='word_1_65' title='bbox 82 1052 160 1105; x_wconf 85' lang='lat' dir='ltr'><strong>mota</strong></span> <span class='ocrx_word' id='word_1_66' title='bbox 180 1062 258 1119; x_wconf 90' lang='lat' dir='ltr'><strong>esse,</strong></span> <span class='ocrx_word' id='word_1_67' title='bbox 279 1064 321 1107; x_wconf 90' lang='lat' dir='ltr'><strong>an</strong></span> <span class='ocrx_word' id='word_1_68' title='bbox 378 1064 452 1109; x_wconf 89' lang='lat' dir='ltr'><strong>uam</strong></span> <span class='ocrx_word' id='word_1_69' title='bbox 502 1042 670 1109; x_wconf 88' lang='lat' dir='ltr'><strong>imbricum</strong></span> <span class='ocrx_word' id='word_1_70' title='bbox 693 1042 815 1109; x_wconf 90' lang='lat' dir='ltr'><strong>bellum</strong></span> <span class='ocrx_word' id='word_1_71' title='bbox 837 1056 1120 1128; x_wconf 72' lang='lat' dir='ltr'><strong>consummaretur,</strong></span> 
     </span>
     <span class='ocr_line' id='line_1_11' title="bbox 80 1124 1069 1217; baseline 0.002 -24"><span class='ocrx_word' id='word_1_72' title='bbox 80 1124 258 1193; x_wconf 81' lang='lat' dir='ltr'><strong>referuntur.</strong></span> <span class='ocrx_word' id='word_1_73' title='bbox 305 1126 353 1193; x_wconf 90' lang='lat' dir='ltr'><strong>Be</strong></span> <span class='ocrx_word' id='word_1_74' title='bbox 377 1152 397 1193; x_wconf 84' lang='lat' dir='ltr'><strong>a</strong></span> <span class='ocrx_word' id='word_1_75' title='bbox 410 1141 575 1215; x_wconf 84' lang='lat' dir='ltr'><strong>praeterea</strong></span> <span class='ocrx_word' id='word_1_76' title='bbox 589 1129 673 1195; x_wconf 89' lang='lat' dir='ltr'><strong>inter</strong></span> <span class='ocrx_word' id='word_1_77' title='bbox 689 1127 799 1217; x_wconf 84' lang='lat' dir='ltr'><strong>Syriae</strong></span> <span class='ocrx_word' id='word_1_78' title='bbox 812 1151 904 1217; x_wconf 89' lang='lat' dir='ltr'><strong>reges</strong></span> <span class='ocrx_word' id='word_1_79' title='bbox 917 1128 1069 1195; x_wconf 80' lang='lat' dir='ltr'><strong>continet.</strong></span> 
     </span>
    </p>
   </div>
   <div class='ocr_carea' id='block_1_3' title="bbox 529 1466 656 1535">
    <p class='ocr_par' dir='ltr' id='par_1_3' title="bbox 529 1466 656 1535">
     <span class='ocr_line' id='line_1_12' title="bbox 529 1466 656 1535; baseline 0.016 -2"><span class='ocrx_word' id='word_1_80' title='bbox 529 1466 656 1535; x_wconf 82' lang='lat' dir='ltr'><strong>LXIX.</strong></span> 
     </span>
    </p>
   </div>
   <div class='ocr_carea' id='block_1_4' title="bbox 77 1634 1118 3358">
    <p class='ocr_par' dir='ltr' id='par_1_4' title="bbox 77 1634 1118 3358">
     <span class='ocr_line' id='line_1_13' title="bbox 81 1634 1116 1723; baseline 0.009 -21"><span class='ocrx_word' id='word_1_81' title='bbox 81 1636 113 1701; x_wconf 86' lang='lat'><strong>1.</strong></span> <span class='ocrx_word' id='word_1_82' title='bbox 126 1634 391 1707; x_wconf 78' lang='lat' dir='ltr'><strong>APPULEIUS</strong></span> <span class='ocrx_word' id='word_1_83' title='bbox 414 1640 731 1722; x_wconf 86' lang='lat' dir='ltr'><strong>SATURNINUS,</strong></span> <span class='ocrx_word' id='word_1_84' title='bbox 754 1642 925 1709; x_wconf 85' lang='lat' dir='ltr'><strong>adiuvante</strong></span> <span class='ocrx_word' id='word_1_85' title='bbox 947 1640 987 1709; x_wconf 86' lang='lat' dir='ltr'><strong>C.</strong></span> <span class='ocrx_word' id='word_1_86' title='bbox 1001 1643 1116 1723; x_wconf 84' lang='lat' dir='ltr'><strong>Mario,</strong></span> 
     </span>
     <span class='ocr_line' id='line_1_14' title="bbox 81 1726 1118 1818; baseline 0.009 -31"><span class='ocrx_word' id='word_1_87' title='bbox 81 1736 108 1787; x_wconf 92' lang='lat' dir='ltr'><strong>et</strong></span> <span class='ocrx_word' id='word_1_88' title='bbox 120 1746 174 1811; x_wconf 87' lang='lat' dir='ltr'><strong>per</strong></span> <span class='ocrx_word' id='word_1_89' title='bbox 187 1726 304 1792; x_wconf 89' lang='lat' dir='ltr'><strong>milites</strong></span> <span class='ocrx_word' id='word_1_90' title='bbox 318 1729 423 1794; x_wconf 87' lang='lat' dir='ltr'><strong>occiso</strong></span> <span class='ocrx_word' id='word_1_91' title='bbox 436 1728 478 1795; x_wconf 89' lang='lat' dir='ltr'><strong>A.</strong></span> <span class='ocrx_word' id='word_1_92' title='bbox 492 1728 527 1793; x_wconf 92' lang='lat' dir='ltr'>N</span> <span class='ocrx_word' id='word_1_93' title='bbox 527 1732 602 1795; x_wconf 91' lang='lat' dir='ltr'><strong>onio</strong></span> <span class='ocrx_word' id='word_1_94' title='bbox 619 1731 837 1818; x_wconf 83' lang='lat' dir='ltr'><strong>competitore,</strong></span> <span class='ocrx_word' id='word_1_95' title='bbox 853 1730 999 1795; x_wconf 82' lang='lat' dir='ltr'><strong>tribunus</strong></span> <span class='ocrx_word' id='word_1_96' title='bbox 1015 1728 1118 1818; x_wconf 91' lang='lat' dir='ltr'><strong>plebis</strong></span> 
     </span>
     <span class='ocr_line' id='line_1_15' title="bbox 80 1812 1117 1917; baseline 0.007 -41"><span class='ocrx_word' id='word_1_97' title='bbox 80 1830 129 1894; x_wconf 84' lang='lat' dir='ltr'><strong>per</strong></span> <span class='ocrx_word' id='word_1_98' title='bbox 148 1812 212 1877; x_wconf 88' lang='lat' dir='ltr'><strong>rim</strong></span> <span class='ocrx_word' id='word_1_99' title='bbox 234 1826 369 1891; x_wconf 79' lang='lat' dir='ltr'><strong>creante,</strong></span> <span class='ocrx_word' id='word_1_100' title='bbox 392 1836 458 1879; x_wconf 91' lang='lat' dir='ltr'><strong>non</strong></span> <span class='ocrx_word' id='word_1_101' title='bbox 482 1816 587 1881; x_wconf 90' lang='lat' dir='ltr'><strong>minus</strong></span> <span class='ocrx_word' id='word_1_102' title='bbox 610 1814 767 1882; x_wconf 84' lang='lat' dir='ltr'><strong>violenter</strong></span> <span class='ocrx_word' id='word_1_103' title='bbox 789 1816 995 1895; x_wconf 89' lang='lat' dir='ltr'><strong>tribunatum,</strong></span> <span class='ocrx_word' id='word_1_104' title='bbox 1019 1839 1117 1917; x_wconf 87' lang='lat' dir='ltr'><strong>quam</strong></span> 
     </span>
     <span class='ocr_line' id='line_1_16' title="bbox 114 1896 1115 2003; baseline 0.005 -40"><span class='ocrx_word' id='word_1_105' title='bbox 114 1896 213 1975; x_wconf 82' lang='lat' dir='ltr'><strong>tieret,</strong></span> <span class='ocrx_word' id='word_1_106' title='bbox 299 1899 343 1977; x_wconf 90' lang='lat' dir='ltr'><strong>&#39;t;</strong></span> <span class='ocrx_word' id='word_1_107' title='bbox 368 1913 410 1978; x_wconf 88' lang='lat' dir='ltr'><strong>et,</strong></span> <span class='ocrx_word' id='word_1_108' title='bbox 425 1923 526 1987; x_wconf 89' lang='lat' dir='ltr'><strong>quum</strong></span> <span class='ocrx_word' id='word_1_109' title='bbox 543 1902 646 1989; x_wconf 88' lang='lat' dir='ltr'><strong>legem</strong></span> <span class='ocrx_word' id='word_1_110' title='bbox 664 1902 818 1989; x_wconf 85' lang='lat' dir='ltr'><strong>agrariam</strong></span> <span class='ocrx_word' id='word_1_111' title='bbox 832 1924 891 2003; x_wconf 88' lang='lat' dir='ltr'><strong>per</strong></span> <span class='ocrx_word' id='word_1_112' title='bbox 904 1902 968 1967; x_wconf 83' lang='lat' dir='ltr'><strong>vim</strong></span> <span class='ocrx_word' id='word_1_113' title='bbox 983 1902 1115 1981; x_wconf 79' lang='lat' dir='ltr'><strong>tulisset,</strong></span> 
     </span>
     <span class='ocr_line' id='line_1_17' title="bbox 112 1982 1116 2087; baseline 0.006 -40"><span class='ocrx_word' id='word_1_114' title='bbox 112 1982 205 2049; x_wconf 89' lang='lat' dir='ltr'><strong>etello</strong></span> <span class='ocrx_word' id='word_1_115' title='bbox 265 1985 414 2065; x_wconf 88' lang='lat' dir='ltr'><strong>umidieo,</strong></span> <span class='ocrx_word' id='word_1_116' title='bbox 433 1998 468 2051; x_wconf 87' lang='lat' dir='ltr'><strong>et</strong></span> <span class='ocrx_word' id='word_1_117' title='bbox 488 1987 576 2087; x_wconf 91' lang='lat' dir='ltr'><strong>quod</strong></span> <span class='ocrx_word' id='word_1_118' title='bbox 596 1988 632 2052; x_wconf 92' lang='lat' dir='ltr'><strong>in</strong></span> <span class='ocrx_word' id='word_1_119' title='bbox 655 2010 726 2053; x_wconf 84' lang='lat' dir='ltr'><strong>eam</strong></span> <span class='ocrx_word' id='word_1_120' title='bbox 749 2011 816 2053; x_wconf 90' lang='lat' dir='ltr'><strong>uon</strong></span> <span class='ocrx_word' id='word_1_121' title='bbox 838 2001 1004 2068; x_wconf 75' lang='lat' dir='ltr'><strong>tumuerat,</strong></span> <span class='ocrx_word' id='word_1_122' title='bbox 1028 1988 1116 2053; x_wconf 89' lang='lat' dir='ltr'><strong>diem</strong></span> 
     </span>
     <span class='ocr_line' id='line_1_18' title="bbox 78 2065 1117 2159; baseline 0.009 -26"><span class='ocrx_word' id='word_1_123' title='bbox 78 2065 169 2135; x_wconf 83' lang='lat' dir='ltr'><strong>dixit:</strong></span> <span class='ocrx_word' id='word_1_124' title='bbox 196 2070 254 2157; x_wconf 91' lang='lat' dir='ltr'><strong>qui</strong></span> <span class='ocrx_word' id='word_1_125' title='bbox 274 2093 376 2159; x_wconf 88' lang='lat' dir='ltr'><strong>quum</strong></span> <span class='ocrx_word' id='word_1_126' title='bbox 397 2090 417 2138; x_wconf 86' lang='lat' dir='ltr'><strong>a</strong></span> <span class='ocrx_word' id='word_1_127' title='bbox 440 2073 533 2139; x_wconf 78' lang='lat' dir='ltr'><strong>bonis</strong></span> <span class='ocrx_word' id='word_1_128' title='bbox 556 2074 678 2139; x_wconf 87' lang='lat' dir='ltr'><strong>civibus</strong></span> <span class='ocrx_word' id='word_1_129' title='bbox 698 2073 933 2152; x_wconf 69' lang='lat' dir='ltr'><strong>defenderetis,</strong></span> <span class='ocrx_word' id='word_1_130' title='bbox 955 2096 998 2141; x_wconf 88' lang='lat' dir='ltr'><strong>ne</strong></span> <span class='ocrx_word' id='word_1_131' title='bbox 1020 2096 1117 2141; x_wconf 81' lang='lat' dir='ltr'><strong>cattas</strong></span> 
     </span>
     <span class='ocr_line' id='line_1_19' title="bbox 78 2156 1115 2249; baseline 0.009 -31"><span class='ocrx_word' id='word_1_132' title='bbox 78 2156 278 2223; x_wconf 77' lang='lat' dir='ltr'><strong>certaminum</strong></span> <span class='ocrx_word' id='word_1_133' title='bbox 300 2171 392 2235; x_wconf 86' lang='lat' dir='ltr'><strong>esset,</strong></span> <span class='ocrx_word' id='word_1_134' title='bbox 410 2158 445 2225; x_wconf 91' lang='lat' dir='ltr'><strong>in</strong></span> <span class='ocrx_word' id='word_1_135' title='bbox 468 2158 614 2225; x_wconf 79' lang='lat' dir='ltr'><strong>exsilium</strong></span> <span class='ocrx_word' id='word_1_136' title='bbox 634 2160 845 2227; x_wconf 80' lang='lat' dir='ltr'><strong>voluntariam</strong></span> <span class='ocrx_word' id='word_1_137' title='bbox 864 2160 1019 2226; x_wconf 86' lang='lat' dir='ltr'><strong>Rhodum</strong></span> <span class='ocrx_word' id='word_1_138' title='bbox 1040 2184 1115 2249; x_wconf 90' lang='lat' dir='ltr'><strong>pro·</strong></span> 
     </span>
     <span class='ocr_line' id='line_1_20' title="bbox 79 2238 1115 2333; baseline 0.006 -26"><span class='ocrx_word' id='word_1_139' title='bbox 79 2238 168 2307; x_wconf 79' lang='lat' dir='ltr'><strong>iectus</strong></span> <span class='ocrx_word' id='word_1_140' title='bbox 182 2256 250 2309; x_wconf 82' lang='lat' dir='ltr'><strong>est:</strong></span> <span class='ocrx_word' id='word_1_141' title='bbox 273 2243 382 2331; x_wconf 85' lang='lat' dir='ltr'><strong>ibique</strong></span> <span class='ocrx_word' id='word_1_142' title='bbox 397 2245 409 2310; x_wconf 96' lang='lat' dir='ltr'><strong>l</strong></span> <span class='ocrx_word' id='word_1_143' title='bbox 467 2245 533 2311; x_wconf 90' lang='lat' dir='ltr'><strong>ndo</strong></span> <span class='ocrx_word' id='word_1_144' title='bbox 548 2258 582 2311; x_wconf 88' lang='lat' dir='ltr'><strong>et</strong></span> <span class='ocrx_word' id='word_1_145' title='bbox 595 2246 763 2313; x_wconf 87' lang='lat' dir='ltr'><strong>audiendis</strong></span> <span class='ocrx_word' id='word_1_146' title='bbox 777 2246 900 2333; x_wconf 84' lang='lat' dir='ltr'><strong>magnis</strong></span> <span class='ocrx_word' id='word_1_147' title='bbox 913 2246 988 2313; x_wconf 87' lang='lat' dir='ltr'><strong>viris</strong></span> <span class='ocrx_word' id='word_1_148' title='bbox 1002 2269 1115 2313; x_wconf 86' lang='lat' dir='ltr'><strong>avoca-</strong></span> 
     </span>
     <span class='ocr_line' id='line_1_21' title="bbox 79 2324 1114 2421; baseline 0.004 -26"><span class='ocrx_word' id='word_1_149' title='bbox 79 2324 168 2395; x_wconf 79' lang='lat' dir='ltr'><strong>batur.</strong></span> <span class='ocrx_word' id='word_1_150' title='bbox 213 2328 362 2397; x_wconf 79' lang='lat' dir='ltr'><strong>Proiecto</strong></span> <span class='ocrx_word' id='word_1_151' title='bbox 383 2330 422 2397; x_wconf 89' lang='lat' dir='ltr'><strong>C.</strong></span> <span class='ocrx_word' id='word_1_152' title='bbox 494 2331 568 2412; x_wconf 86' lang='lat' dir='ltr'><strong>rius,</strong></span> <span class='ocrx_word' id='word_1_153' title='bbox 587 2332 752 2399; x_wconf 74' lang='lat' dir='ltr'><strong>seditionis</strong></span> <span class='ocrx_word' id='word_1_154' title='bbox 771 2348 891 2413; x_wconf 89' lang='lat' dir='ltr'><strong>auctor,</strong></span> <span class='ocrx_word' id='word_1_155' title='bbox 909 2332 967 2421; x_wconf 93' lang='lat' dir='ltr'><strong>qui</strong></span> <span class='ocrx_word' id='word_1_156' title='bbox 986 2347 1114 2399; x_wconf 88' lang='lat' dir='ltr'><strong>sextum</strong></span> 
     </span>
     <span class='ocr_line' id='line_1_22' title="bbox 79 2415 1113 2508; baseline 0 -24"><span class='ocrx_word' id='word_1_157' title='bbox 79 2415 266 2484; x_wconf 71' lang='lat' dir='ltr'><strong>consulatum</strong></span> <span class='ocrx_word' id='word_1_158' title='bbox 327 2440 343 2482; x_wconf 89' lang='lat' dir='ltr'><strong>r</strong></span> <span class='ocrx_word' id='word_1_159' title='bbox 362 2419 463 2486; x_wconf 84' lang='lat' dir='ltr'><strong>tribus</strong></span> <span class='ocrx_word' id='word_1_160' title='bbox 647 2419 743 2486; x_wconf 90' lang='lat' dir='ltr'><strong>cunia</strong></span> <span class='ocrx_word' id='word_1_161' title='bbox 756 2433 886 2498; x_wconf 86' lang='lat' dir='ltr'><strong>emerat,</strong></span> <span class='ocrx_word' id='word_1_162' title='bbox 900 2443 985 2508; x_wconf 89' lang='lat' dir='ltr'><strong>aqua</strong></span> <span class='ocrx_word' id='word_1_163' title='bbox 997 2432 1032 2485; x_wconf 91' lang='lat' dir='ltr'><strong>et</strong></span> <span class='ocrx_word' id='word_1_164' title='bbox 1044 2419 1113 2508; x_wconf 91' lang='lat' dir='ltr'><strong>igni</strong></span> 
     </span>
     <span class='ocr_line' id='line_1_23' title="bbox 78 2441 1111 2604; baseline 0.006 -41"><span class='ocrx_word' id='word_1_165' title='bbox 78 2497 240 2604; x_wconf 69' lang='lat' dir='ltr'><strong>interdixit.</strong></span> <span class='ocrx_word' id='word_1_166' title='bbox 345 2525 377 2569; x_wconf 93' lang='lat' dir='ltr'><strong>m</strong></span> <span class='ocrx_word' id='word_1_167' title='bbox 393 2441 779 2594; x_wconf 54' lang='lat' dir='ltr'><strong>appullildlflsiimninus</strong></span> <span class='ocrx_word' id='word_1_168' title='bbox 793 2505 1054 2592; x_wconf 86' lang='lat' dir='ltr'><strong>tribunusplebis</strong></span> <span class='ocrx_word' id='word_1_169' title='bbox 1071 2503 1111 2570; x_wconf 87' lang='lat' dir='ltr'><strong>C.</strong></span> 
     </span>
     <span class='ocr_line' id='line_1_24' title="bbox 80 2581 1113 2681; baseline 0.005 -31"><span class='ocrx_word' id='word_1_170' title='bbox 80 2581 259 2656; x_wconf 80' lang='lat' dir='ltr'><strong>Memmium</strong></span> <span class='ocrx_word' id='word_1_171' title='bbox 281 2589 487 2658; x_wconf 84' lang='lat' dir='ltr'><strong>candidatum</strong></span> <span class='ocrx_word' id='word_1_172' title='bbox 509 2591 699 2670; x_wconf 72' lang='lat' dir='ltr'><strong>consulatus</strong></span> <span class='ocrx_word' id='word_1_173' title='bbox 719 2615 818 2681; x_wconf 89' lang='lat' dir='ltr'><strong>quem</strong></span> <span class='ocrx_word' id='word_1_174' title='bbox 841 2591 979 2658; x_wconf 88' lang='lat' dir='ltr'><strong>maxime</strong></span> <span class='ocrx_word' id='word_1_175' title='bbox 1001 2589 1113 2656; x_wconf 85' lang='lat' dir='ltr'><strong>adver-</strong></span> 
     </span>
     <span class='ocr_line' id='line_1_25' title="bbox 77 2673 1114 2758; baseline 0.003 -20"><span class='ocrx_word' id='word_1_176' title='bbox 77 2673 182 2740; x_wconf 73' lang='lat' dir='ltr'><strong>mrium</strong></span> <span class='ocrx_word' id='word_1_177' title='bbox 195 2677 373 2744; x_wconf 84' lang='lat' dir='ltr'><strong>actionibus</strong></span> <span class='ocrx_word' id='word_1_178' title='bbox 387 2677 452 2744; x_wconf 88' lang='lat' dir='ltr'><strong>suis</strong></span> <span class='ocrx_word' id='word_1_179' title='bbox 465 2678 607 2758; x_wconf 88' lang='lat' dir='ltr'><strong>timebat,</strong></span> <span class='ocrx_word' id='word_1_180' title='bbox 622 2679 748 2746; x_wconf 76' lang='lat' dir='ltr'><strong>occidit.</strong></span> <span class='ocrx_word' id='word_1_181' title='bbox 788 2677 915 2753; x_wconf 84' lang='lat' dir='ltr'><strong>Quibus</strong></span> <span class='ocrx_word' id='word_1_182' title='bbox 929 2677 1023 2742; x_wconf 87' lang='lat' dir='ltr'><strong>rebus</strong></span> <span class='ocrx_word' id='word_1_183' title='bbox 1036 2699 1114 2742; x_wconf 90' lang='lat' dir='ltr'><strong>oon·</strong></span> 
     </span>
     <span class='ocr_line' id='line_1_26' title="bbox 80 2757 1113 2841; baseline 0.006 -19"><span class='ocrx_word' id='word_1_184' title='bbox 80 2757 164 2826; x_wconf 88' lang='lat' dir='ltr'><strong>citato</strong></span> <span class='ocrx_word' id='word_1_185' title='bbox 185 2775 307 2840; x_wconf 86' lang='lat' dir='ltr'><strong>senatu,</strong></span> <span class='ocrx_word' id='word_1_186' title='bbox 330 2764 366 2830; x_wconf 92' lang='lat' dir='ltr'><strong>in</strong></span> <span class='ocrx_word' id='word_1_187' title='bbox 385 2765 475 2830; x_wconf 88' lang='lat' dir='ltr'><strong>cuius</strong></span> <span class='ocrx_word' id='word_1_188' title='bbox 498 2787 626 2832; x_wconf 85' lang='lat' dir='ltr'><strong>caueam</strong></span> <span class='ocrx_word' id='word_1_189' title='bbox 648 2779 683 2832; x_wconf 87' lang='lat' dir='ltr'><strong>et</strong></span> <span class='ocrx_word' id='word_1_190' title='bbox 707 2764 747 2831; x_wconf 85' lang='lat' dir='ltr'><strong>C.</strong></span> <span class='ocrx_word' id='word_1_191' title='bbox 760 2763 894 2841; x_wconf 85' lang='lat' dir='ltr'><strong>Marius,</strong></span> <span class='ocrx_word' id='word_1_192' title='bbox 916 2763 1013 2829; x_wconf 91' lang='lat' dir='ltr'><strong>bomo</strong></span> <span class='ocrx_word' id='word_1_193' title='bbox 1034 2763 1113 2828; x_wconf 86' lang='lat' dir='ltr'><strong>varii</strong></span> 
     </span>
     <span class='ocr_line' id='line_1_27' title="bbox 81 2849 1111 2940; baseline 0.009 -33"><span class='ocrx_word' id='word_1_194' title='bbox 81 2857 108 2908; x_wconf 88' lang='lat' dir='ltr'><strong>et</strong></span> <span class='ocrx_word' id='word_1_195' title='bbox 119 2849 273 2916; x_wconf 85' lang='lat' dir='ltr'><strong>mutabilis</strong></span> <span class='ocrx_word' id='word_1_196' title='bbox 287 2850 408 2937; x_wconf 85' lang='lat' dir='ltr'><strong>ingenii</strong></span> <span class='ocrx_word' id='word_1_197' title='bbox 422 2851 608 2940; x_wconf 89' lang='lat' dir='ltr'><strong>consiliique</strong></span> <span class='ocrx_word' id='word_1_198' title='bbox 619 2874 746 2940; x_wconf 86' lang='lat' dir='ltr'><strong>semper</strong></span> <span class='ocrx_word' id='word_1_199' title='bbox 754 2849 932 2918; x_wconf 89' lang='lat' dir='ltr'><strong>secundum</strong></span> <span class='ocrx_word' id='word_1_200' title='bbox 942 2850 1111 2926; x_wconf 84' lang='lat' dir='ltr'><strong>fortunam,</strong></span> 
     </span>
     <span class='ocr_line' id='line_1_28' title="bbox 81 2934 1113 3038; baseline 0.004 -38"><span class='ocrx_word' id='word_1_201' title='bbox 81 2934 240 3014; x_wconf 65' lang='lat' dir='ltr'><strong>munerat,</strong></span> <span class='ocrx_word' id='word_1_202' title='bbox 256 2959 357 3038; x_wconf 90' lang='lat' dir='ltr'><strong>quum</strong></span> <span class='ocrx_word' id='word_1_203' title='bbox 371 2959 446 3002; x_wconf 91' lang='lat' dir='ltr'><strong>eum</strong></span> <span class='ocrx_word' id='word_1_204' title='bbox 464 2939 546 3004; x_wconf 88' lang='lat' dir='ltr'><strong>tueri</strong></span> <span class='ocrx_word' id='word_1_205' title='bbox 561 2939 691 3007; x_wconf 87' lang='lat' dir='ltr'><strong>minime</strong></span> <span class='ocrx_word' id='word_1_206' title='bbox 706 2951 821 3026; x_wconf 86' lang='lat' dir='ltr'><strong>posset,</strong></span> <span class='ocrx_word' id='word_1_207' title='bbox 837 2938 1004 3026; x_wconf 83' lang='lat' dir='ltr'><strong>oppressus</strong></span> <span class='ocrx_word' id='word_1_208' title='bbox 1018 2935 1113 3004; x_wconf 86' lang='lat' dir='ltr'><strong>armis</strong></span> 
     </span>
     <span class='ocr_line' id='line_1_29' title="bbox 82 3019 1113 3101; baseline 0.005 -18"><span class='ocrx_word' id='word_1_209' title='bbox 82 3037 144 3083; x_wconf 84' lang='lat' dir='ltr'><strong>cum</strong></span> <span class='ocrx_word' id='word_1_210' title='bbox 159 3019 293 3088; x_wconf 76' lang='lat' dir='ltr'><strong>Glaucia</strong></span> <span class='ocrx_word' id='word_1_211' title='bbox 328 3037 460 3101; x_wconf 86' lang='lat' dir='ltr'><strong>raetore,</strong></span> <span class='ocrx_word' id='word_1_212' title='bbox 475 3037 509 3090; x_wconf 88' lang='lat' dir='ltr'><strong>et</strong></span> <span class='ocrx_word' id='word_1_213' title='bbox 530 3024 599 3090; x_wconf 87' lang='lat' dir='ltr'><strong>aliis</strong></span> <span class='ocrx_word' id='word_1_214' title='bbox 617 3025 760 3090; x_wconf 84' lang='lat' dir='ltr'><strong>eiusdem</strong></span> <span class='ocrx_word' id='word_1_215' title='bbox 779 3026 893 3090; x_wconf 86' lang='lat' dir='ltr'><strong>furoris</strong></span> <span class='ocrx_word' id='word_1_216' title='bbox 911 3023 1013 3100; x_wconf 88' lang='lat' dir='ltr'><strong>sociis,</strong></span> <span class='ocrx_word' id='word_1_217' title='bbox 1027 3021 1113 3088; x_wconf 90' lang='lat' dir='ltr'><strong>bello</strong></span> 
     </span>
     <span class='ocr_line' id='line_1_30' title="bbox 83 3046 1112 3200; baseline 0.005 -33"><span class='ocrx_word' id='word_1_218' title='bbox 83 3105 205 3200; x_wconf 86' lang='lat' dir='ltr'><strong>quodam</strong></span> <span class='ocrx_word' id='word_1_219' title='bbox 222 3046 408 3174; x_wconf 58' lang='lat' dir='ltr'><strong>interiectus</strong></span> <span class='ocrx_word' id='word_1_220' title='bbox 427 3123 484 3177; x_wconf 78' lang='lat' dir='ltr'><strong>est.</strong></span> <span class='ocrx_word' id='word_1_221' title='bbox 531 3110 573 3186; x_wconf 70' lang='lat' dir='ltr'><strong>Q,</strong></span> <span class='ocrx_word' id='word_1_222' title='bbox 587 3110 747 3176; x_wconf 81' lang='lat' dir='ltr'><strong>Caecilius</strong></span> <span class='ocrx_word' id='word_1_223' title='bbox 764 3110 917 3176; x_wconf 85' lang='lat' dir='ltr'><strong>Metellus</strong></span> <span class='ocrx_word' id='word_1_224' title='bbox 935 3109 976 3175; x_wconf 90' lang='lat' dir='ltr'><strong>ab</strong></span> <span class='ocrx_word' id='word_1_225' title='bbox 989 3107 1112 3185; x_wconf 89' lang='lat' dir='ltr'><strong>exsilio,</strong></span> 
     </span>
     <span class='ocr_line' id='line_1_31' title="bbox 84 3193 1114 3282; baseline 0 -24"><span class='ocrx_word' id='word_1_226' title='bbox 84 3193 190 3276; x_wconf 78' lang='lat' dir='ltr'><strong>lugenti</strong></span> <span class='ocrx_word' id='word_1_227' title='bbox 209 3195 307 3261; x_wconf 87' lang='lat' dir='ltr'><strong>totius</strong></span> <span class='ocrx_word' id='word_1_228' title='bbox 326 3195 462 3262; x_wconf 90' lang='lat' dir='ltr'><strong>civitatis</strong></span> <span class='ocrx_word' id='word_1_229' title='bbox 475 3197 591 3275; x_wconf 75' lang='lat' dir='ltr'><strong>forme,</strong></span> <span class='ocrx_word' id='word_1_230' title='bbox 606 3197 758 3262; x_wconf 89' lang='lat' dir='ltr'><strong>reductus</strong></span> <span class='ocrx_word' id='word_1_231' title='bbox 777 3209 834 3262; x_wconf 84' lang='lat' dir='ltr'><strong>est</strong></span> <span class='ocrx_word' id='word_1_232' title='bbox 880 3193 937 3261; x_wconf 85' lang='grc' dir='ltr'><strong>Μ’.</strong></span> <span class='ocrx_word' id='word_1_233' title='bbox 951 3193 1114 3282; x_wconf 86' lang='lat' dir='ltr'><strong>Aquillius</strong></span> 
     </span>
     <span class='ocr_line' id='line_1_32' title="bbox 84 3279 1020 3358; baseline -0.001 -13"><span class='ocrx_word' id='word_1_234' title='bbox 84 3279 235 3358; x_wconf 82' lang='lat' dir='ltr'><strong>proconsul</strong></span> <span class='ocrx_word' id='word_1_235' title='bbox 249 3281 285 3346; x_wconf 87' lang='lat' dir='ltr'><strong>in</strong></span> <span class='ocrx_word' id='word_1_236' title='bbox 302 3281 411 3348; x_wconf 87' lang='lat' dir='ltr'><strong>Sicilia</strong></span> <span class='ocrx_word' id='word_1_237' title='bbox 424 3281 544 3348; x_wconf 88' lang='lat' dir='ltr'><strong>bellum</strong></span> <span class='ocrx_word' id='word_1_238' title='bbox 558 3282 669 3349; x_wconf 84' lang='lat' dir='ltr'><strong>servile</strong></span> <span class='ocrx_word' id='word_1_239' title='bbox 684 3282 860 3348; x_wconf 86' lang='lat' dir='ltr'><strong>excitatum</strong></span> <span class='ocrx_word' id='word_1_240' title='bbox 874 3280 1020 3346; x_wconf 87' lang='lat' dir='ltr'><strong>confecit.</strong></span> 
     </span>
    </p>
   </div>
   <div class='ocr_carea' id='block_1_5' title="bbox 534 3613 643 3682">
    <p class='ocr_par' dir='ltr' id='par_1_5' title="bbox 534 3613 643 3682">
     <span class='ocr_line' id='line_1_33' title="bbox 534 3613 643 3682; baseline 0 0"><span class='ocrx_word' id='word_1_241' title='bbox 534 3613 643 3682; x_wconf 88' lang='lat' dir='ltr'><strong>LXX.</strong></span> 
     </span>
    </p>
   </div>
   <div class='ocr_carea' id='block_1_6' title="bbox 87 3788 1116 3944">
    <p class='ocr_par' dir='ltr' id='par_1_6' title="bbox 87 3788 1116 3944">
     <span class='ocr_line' id='line_1_34' title="bbox 87 3788 1116 3944; baseline -0.01 -78"><span class='ocrx_word' id='word_1_242' title='bbox 87 3788 213 3866; x_wconf 76' lang='lat' dir='ltr'><strong>QUUM</strong></span> <span class='ocrx_word' id='word_1_243' title='bbox 234 3793 293 3862; x_wconf 90' lang='grc' dir='ltr'><strong>Μ’.</strong></span> <span class='ocrx_word' id='word_1_244' title='bbox 304 3794 469 3883; x_wconf 85' lang='lat' dir='ltr'><strong>Aquillius</strong></span> <span class='ocrx_word' id='word_1_245' title='bbox 484 3794 526 3860; x_wconf 89' lang='lat' dir='ltr'><strong>de</strong></span> <span class='ocrx_word' id='word_1_246' title='bbox 547 3793 692 3883; x_wconf 79' lang='lat' dir='ltr'><strong>pecumis</strong></span> <span class='ocrx_word' id='word_1_247' title='bbox 714 3789 901 3944; x_wconf 57' lang='lat' dir='ltr'><strong>reppltundis</strong></span> <span class='ocrx_word' id='word_1_248' title='bbox 922 3812 1049 3856; x_wconf 75' lang='lat' dir='ltr'><strong>musam</strong></span> <span class='ocrx_word' id='word_1_249' title='bbox 1067 3791 1116 3857; x_wconf 90' lang='lat' dir='ltr'><strong>di-</strong></span> 
     </span>
    </p>
   </div>
   <div class='ocr_carea' id='block_1_7' title="bbox 84 3875 1118 4462">
    <p class='ocr_par' dir='ltr' id='par_1_7' title="bbox 84 3875 1118 4462">
     <span class='ocr_line' id='line_1_35' title="bbox 84 3875 1115 3970; baseline 0 -26"><span class='ocrx_word' id='word_1_250' title='bbox 84 3893 165 3958; x_wconf 80' lang='lat' dir='ltr'><strong>ceret,</strong></span> <span class='ocrx_word' id='word_1_251' title='bbox 178 3881 245 3970; x_wconf 85' lang='lat' dir='ltr'><strong>ipse</strong></span> <span class='ocrx_word' id='word_1_252' title='bbox 260 3881 382 3948; x_wconf 90' lang='lat' dir='ltr'><strong>iudices</strong></span> <span class='ocrx_word' id='word_1_253' title='bbox 396 3903 506 3969; x_wconf 83' lang='lat' dir='ltr'><strong>rogare</strong></span> <span class='ocrx_word' id='word_1_254' title='bbox 524 3879 634 3946; x_wconf 79' lang='lat' dir='ltr'><strong>noluit.</strong></span> <span class='ocrx_word' id='word_1_255' title='bbox 682 3877 729 3946; x_wconf 88' lang='lat' dir='ltr'><strong>M.</strong></span> <span class='ocrx_word' id='word_1_256' title='bbox 799 3875 915 3956; x_wconf 89' lang='lat' dir='ltr'><strong>tonius,</strong></span> <span class='ocrx_word' id='word_1_257' title='bbox 931 3877 988 3966; x_wconf 91' lang='lat' dir='ltr'><strong>qui</strong></span> <span class='ocrx_word' id='word_1_258' title='bbox 1002 3901 1061 3967; x_wconf 92' lang='lat' dir='ltr'><strong>pro</strong></span> <span class='ocrx_word' id='word_1_259' title='bbox 1075 3901 1115 3944; x_wconf 91' lang='lat' dir='ltr'><strong>eo</strong></span> 
     </span>
     <span class='ocr_line' id='line_1_36' title="bbox 85 3963 1116 4055; baseline -0.005 -20"><span class='ocrx_word' id='word_1_260' title='bbox 85 3967 242 4048; x_wconf 76' lang='lat' dir='ltr'><strong>perombst,</strong></span> <span class='ocrx_word' id='word_1_261' title='bbox 268 3969 411 4038; x_wconf 80' lang='lat' dir='ltr'><strong>mnicam</strong></span> <span class='ocrx_word' id='word_1_262' title='bbox 438 3991 459 4033; x_wconf 88' lang='lat' dir='ltr'><strong>a</strong></span> <span class='ocrx_word' id='word_1_263' title='bbox 485 3977 613 4055; x_wconf 86' lang='lat' dir='ltr'><strong>pectore</strong></span> <span class='ocrx_word' id='word_1_264' title='bbox 641 3966 710 4032; x_wconf 88' lang='lat' dir='ltr'><strong>eius</strong></span> <span class='ocrx_word' id='word_1_265' title='bbox 739 3963 876 4043; x_wconf 90' lang='lat' dir='ltr'><strong>discidit,</strong></span> <span class='ocrx_word' id='word_1_266' title='bbox 902 3977 939 4030; x_wconf 92' lang='lat' dir='ltr'><strong>ut</strong></span> <span class='ocrx_word' id='word_1_267' title='bbox 966 3965 1116 4030; x_wconf 89' lang='lat' dir='ltr'><strong>honestas</strong></span> 
     </span>
     <span class='ocr_line' id='line_1_37' title="bbox 84 4049 1116 4141; baseline -0.008 -18"><span class='ocrx_word' id='word_1_268' title='bbox 84 4049 230 4122; x_wconf 66' lang='lat' dir='ltr'><strong>derbices</strong></span> <span class='ocrx_word' id='word_1_269' title='bbox 251 4055 453 4128; x_wconf 78' lang='lat' dir='ltr'><strong>ostenderet:</strong></span> <span class='ocrx_word' id='word_1_270' title='bbox 477 4053 593 4141; x_wconf 89' lang='lat' dir='ltr'><strong>quibus</strong></span> <span class='ocrx_word' id='word_1_271' title='bbox 614 4051 802 4141; x_wconf 87' lang='lat' dir='ltr'><strong>conspectis,</strong></span> <span class='ocrx_word' id='word_1_272' title='bbox 821 4050 1042 4118; x_wconf 82' lang='lat' dir='ltr'><strong>indubitanter</strong></span> <span class='ocrx_word' id='word_1_273' title='bbox 1060 4051 1116 4116; x_wconf 92' lang='lat' dir='ltr'><strong>ab·</strong></span> 
     </span>
     <span class='ocr_line' id='line_1_38' title="bbox 84 4135 1117 4226; baseline 0.002 -24"><span class='ocrx_word' id='word_1_274' title='bbox 84 4135 190 4208; x_wconf 78' lang='lat' dir='ltr'><strong>salutm</strong></span> <span class='ocrx_word' id='word_1_275' title='bbox 203 4153 260 4208; x_wconf 83' lang='lat' dir='ltr'><strong>est.</strong></span> <span class='ocrx_word' id='word_1_276' title='bbox 309 4139 425 4208; x_wconf 88' lang='lat' dir='ltr'><strong>Cicero</strong></span> <span class='ocrx_word' id='word_1_277' title='bbox 444 4141 513 4206; x_wconf 86' lang='lat' dir='ltr'><strong>eius</strong></span> <span class='ocrx_word' id='word_1_278' title='bbox 533 4139 580 4204; x_wconf 88' lang='lat' dir='ltr'><strong>rei</strong></span> <span class='ocrx_word' id='word_1_279' title='bbox 595 4137 681 4206; x_wconf 88' lang='lat' dir='ltr'><strong>solus</strong></span> <span class='ocrx_word' id='word_1_280' title='bbox 694 4149 813 4205; x_wconf 87' lang='lat' dir='ltr'><strong>auctor.</strong></span> <span class='ocrx_word' id='word_1_281' title='bbox 859 4137 898 4203; x_wconf 90' lang='lat' dir='ltr'><strong>T.</strong></span> <span class='ocrx_word' id='word_1_282' title='bbox 912 4135 1031 4203; x_wconf 91' lang='lat' dir='ltr'><strong>Didius</strong></span> <span class='ocrx_word' id='word_1_283' title='bbox 1044 4159 1117 4226; x_wconf 89' lang='lat' dir='ltr'><strong>pro-</strong></span> 
     </span>
     <span class='ocr_line' id='line_1_39' title="bbox 84 4221 1116 4314; baseline -0.007 -18"><span class='ocrx_word' id='word_1_284' title='bbox 84 4225 179 4296; x_wconf 69' lang='lat' dir='ltr'><strong>wmtl</strong></span> <span class='ocrx_word' id='word_1_285' title='bbox 193 4227 343 4298; x_wconf 76' lang='lat' dir='ltr'><strong>adversm</strong></span> <span class='ocrx_word' id='word_1_286' title='bbox 358 4225 537 4294; x_wconf 85' lang='lat' dir='ltr'><strong>Celtiberos</strong></span> <span class='ocrx_word' id='word_1_287' title='bbox 550 4225 721 4314; x_wconf 81' lang='lat' dir='ltr'><strong>feliciterp</strong></span> <span class='ocrx_word' id='word_1_288' title='bbox 768 4223 863 4290; x_wconf 86' lang='lat' dir='ltr'><strong>navit.</strong></span> <span class='ocrx_word' id='word_1_289' title='bbox 904 4221 1116 4300; x_wconf 85' lang='lat' dir='ltr'><strong>Ptolemaeus,</strong></span> 
     </span>
     <span class='ocr_line' id='line_1_40' title="bbox 86 4305 1118 4460; baseline -0.009 -79"><span class='ocrx_word' id='word_1_290' title='bbox 86 4305 272 4397; x_wconf 78' lang='lat' dir='ltr'><strong>Cyrenarum</strong></span> <span class='ocrx_word' id='word_1_291' title='bbox 295 4337 363 4391; x_wconf 90' lang='lat' dir='ltr'><strong>rex,</strong></span> <span class='ocrx_word' id='word_1_292' title='bbox 387 4313 441 4380; x_wconf 86' lang='lat' dir='ltr'><strong>cui</strong></span> <span class='ocrx_word' id='word_1_293' title='bbox 461 4323 710 4399; x_wconf 81' lang='lat' dir='ltr'><strong>cognomentum</strong></span> <span class='ocrx_word' id='word_1_294' title='bbox 766 4310 856 4400; x_wconf 91' lang='lat' dir='ltr'><strong>pioni</strong></span> <span class='ocrx_word' id='word_1_295' title='bbox 879 4308 950 4460; x_wconf 56' lang='lat' dir='ltr'><strong>strip,</strong></span> <span class='ocrx_word' id='word_1_296' title='bbox 974 4322 1118 4375; x_wconf 87' lang='lat' dir='ltr'><strong>mortuus</strong></span> 
     </span>
     <span class='ocr_line' id='line_1_41' title="bbox 886 4417 908 4462; baseline 0 0"><span class='ocrx_word' id='word_1_297' title='bbox 886 4417 908 4462; x_wconf 84' lang='lat' dir='ltr'><strong>a</strong></span> 
     </span>
    </p>
   </div>
   <div class='ocr_carea' id='block_1_8' title="bbox 0 0 1472 4800">
    <p class='ocr_par' dir='ltr' id='par_1_8' title="bbox 0 0 1472 4800">
     <span class='ocr_line' id='line_1_42' title="bbox 0 0 1472 4800; baseline 0 2"><span class='ocrx_word' id='word_1_298' title='bbox 0 0 1472 4800; x_wconf 95' lang='lat' dir='ltr'><strong> </strong></span> 
     </span>
    </p>
   </div>
  </div>
 </body>
</html>
