2934 4800
323 99 388 161 204
711 90 825 159 ΤΙΤΙ
854 91 992 160 LIVII
1035 95 1038 102 '
1065 95 1073 100 '

167 249 203 300 U.
214 249 245 300 c.
260 230 457 312 585.lormari1
470 227 643 294 terribilem
659 229 806 316 praebuit
820 227 968 306 tribunal,
980 239 1143 294 summoto
1162 225 1298 302 adina,
1310 247 1394 311 pnes

166 313 374 394 A·⁰·167·co,
393 337 553 392 accensus,
576 315 702 380 insueta
722 316 832 380 omnia
857 315 957 380 oculis
983 315 1215 402 auribusque3
1242 333 1328 400 quac
1345 311 1382 376 vd

324 403 435 480 socios,
450 401 571 466 nedum
590 401 697 466 hostes
711 403 822 478 victos,
837 415 955 466 terrere
977 419 1116 488 possent,
1173 399 1326 466 Silentio
1341 419 1394 483 pst

324 511 517 577 praeconem
536 487 631 565 facto,
652 487 783 553 Paullus
805 487 932 566 Latine,
950 510 1032 575 quae
1055 487 1207 565 senatui,
1264 507 1323 550 uae
1340 484 1383 548 stt

325 598 367 641 ex
381 574 505 640 consilii
519 575 678 640 sententia
690 575 758 640 visa
771 589 886 652 essent,
901 575 1127 661 pronuntiavit,
1144 597 1199 638 ea
1257 595 1291 636 n.
1306 571 1385 636 Octa·

324 663 396 726 rius
420 673 547 748 praetor
568 661 659 746 (nam
684 675 717 725 et
746 661 814 748 ipse
844 660 968 746 aderat)
992 662 1220 748 interpretata
1254 679 1384 723 sermmr

169 778 304 826 Decretum
328 747 454 813 Graeco
468 747 632 812 referebat.
678 747 855 813 ‘Omnium
877 749 1016 834 primum
1037 747 1155 811 liberos
1183 769 1269 812 esse
1292 745 1384 808 iubere

169 843 201 890 de
211 843 295 916 mace
328 844 338 874 ‘
347 833 553 912 Macedonas,
569 833 722 899 habentes
743 834 838 898 urbes
859 833 987 899 easdem
1001 856 1173 921 agrosque,
1195 843 1338 896 utentes
1353 829 1386 892 le·

168 907 280 957 ‘¹⁰me
328 921 439 1006 ‘gibus
459 921 535 998 suis,
556 943 678 984 annuos
698 932 844 985 creantes
865 921 1081 1008 magistratus:
1105 921 1288 984 tributum
1308 915 1385 980 dini·

328 1007 437 1071 ‘dium
461 1007 539 1084 eius,
562 1007 649 1093 quod
674 1007 903 1094 pependissent
924 1006 1061 1092 regibus,
1087 1006 1252 1093 pendere

328 1094 504 1158 ‘Romano
549 1091 679 1158 Deinde
701 1093 737 1157 in
759 1105 911 1180 quattuor
931 1093 1078 1180 regiones
1099 1092 1215 1156 dividi

328 1181 441 1245 ‘niam
488 1177 597 1244 Unam
619 1179 685 1244 fore
712 1191 746 1244 et
771 1180 906 1266 primam
928 1193 1061 1266 partem,
1084 1178 1178 1266 qnod
1210 1179 1291 1265 agri
1315 1177 1384 1240 inter

328 1266 551 1354 ‘Strymonem
565 1277 599 1330 et
611 1265 748 1330 Nessum
764 1287 892 1330 amnem
906 1266 963 1330 sit:
988 1287 1194 1330 accessurum
1214 1263 1304 1328 huic
1316 1260 1382 1350 parti

328 1363 338 1393 ‘
346 1366 432 1418 trans
448 1353 596 1429 Nessum,
613 1352 655 1416 ad
668 1352 825 1417 orientem
840 1373 975 1428 versum,
988 1374 1053 1438 qua
1067 1351 1214 1416 Perseus
1236 1349 1393 1415 tenuisse

328 1440 440 1516 ‘vicos
455 1439 592 1516 castella,
606 1462 626 1502 o
649 1439 733 1526 pida,
757 1451 882 1527 praeter
899 1439 1040 1515 Aenum,
1062 1451 1098 1502 et
1118 1437 1339 1510 Maroneam,
1357 1449 1381 1496 et

328 1526 496 1601 ‘Abdera3
520 1539 606 1590 trans
622 1461 825 1612 dtrymonem
848 1537 955 1590 autem
969 1523 1131 1612 vergentia
1152 1524 1201 1588 ad
1228 1543 1378 1590 ooeoaum.

328 1611 530 1676 ‘Bisalticam
552 1633 680 1676 omnem
702 1632 777 1676 cum
799 1609 966 1689 Heraclea,
981 1633 1078 1698 quam
1098 1609 1260 1676 Sinticen
1285 1605 1379 1694 appel·

328 1696 422 1761 ‘lant
469 1696 650 1762 Secundam
674 1697 741 1763 iore
766 1698 941 1784 regionem,
962 1719 1058 1784 quam
1083 1697 1123 1762 ab
1149 1709 1234 1762 ortu
1261 1695 1375 1781 Strymo

329 1782 592 1870 ‘amplecteretur
612 1784 723 1862 amnis,
742 1797 867 1871 praeter
890 1782 1034 1848 Sinticen
1053 1783 1256 1848 Heracleam
1282 1795 1315 1846 et
1333 1778 1376 1842 Bi-

328 1869 459 1934 ‘saltaar
490 1870 531 1934 ab
552 1892 666 1935 occasu
688 1893 753 1956 qua
775 1869 880 1935 Axius
903 1871 1088 1935 terminaret
1108 1870 1244 1946 durius,
1269 1864 1373 1932 additis

328 1964 338 1996 ‘
346 1955 536 2033 Paeonibus,
575 1957 608 2020 ui
622 1979 722 2057 prope
739 1957 861 2020 Axium
875 1956 996 2020 flumen
1010 1956 1051 2020 ad
1064 1957 1238 2043 regionem
1255 1951 1373 2020 orientis

327 2041 496 2106 ‘colerent
572 2056 653 2107 ertia
666 2065 738 2130 pars
753 2042 843 2120 facta,
859 2065 956 2129 quem
971 2043 1077 2107 Arius
1098 2042 1138 2107 ab
1160 2043 1307 2117 oriente,
1321 2039 1371 2103 Pe·

327 2135 426 2192 ‘nens
447 2127 549 2193 amnis
570 2129 610 2194 ab
631 2151 755 2208 occasu,
778 2129 929 2215 cingunt:
953 2129 995 2193 ad
1016 2129 1277 2216 septentrionem
1300 2125 1370 2190 Bon

327 2222 440 2278 ‘mons
453 2214 609 2280 obiicitur.
658 2216 794 2280 Adiecta
815 2215 891 2280 huic
912 2214 994 2302 parti
1016 2215 1103 2316 regio
1123 2214 1305 2290 Paeoniae,
1320 2231 1369 2296 qur

327 2301 385 2366 ‘ab
399 2324 512 2366 occasu
526 2316 653 2388 praeter
667 2302 790 2366 Axium
805 2323 931 2366 amnem
946 2302 1030 2389 porri
1054 2316 1133 2367 rtur:
1158 2301 1290 2366 Edessa
1301 2319 1367 2385 quo·

327 2398 337 2429 ‘
368 2413 409 2454 ue
423 2402 457 2454 et
472 2387 595 2455 Beroea
616 2387 730 2455 eodem
752 2401 984 2453 concesserunt.
1031 2325 1156 2465 {uana
1177 2387 1274 2476 regio
1297 2399 1368 2451 trem

327 2485 337 2515 ‘
395 2498 463 2541 ram
484 2489 636 2553 montem,
653 2498 721 2539 una·
738 2488 827 2563 parte
845 2474 981 2540 confinis
996 2474 1134 2563 Illyrico,
1149 2474 1256 2540 altera
1270 2473 1363 2560 Epiro

327 2570 337 2601 ‘
348 2560 466 2649 Capita
478 2564 655 2649 regionum,
668 2562 724 2626 ubi
734 2560 870 2627 concilia
878 2562 1002 2639 fierent,
1012 2562 1132 2648 primae
1142 2561 1287 2649 regionis
1298 2560 1366 2624 Am·

327 2646 511 2796 ‘phipolim,
526 2648 684 2713 secundae
700 2647 958 2725 Thessalonicen,
973 2647 1083 2713 tertiae
1095 2647 1231 2725 Pellam,
1244 2660 1362 2735 quartae

327 2742 337 2772 ‘
374 2731 552 2819 elagoniam
565 2735 650 2799 fecit
698 2734 748 2799 Eo
763 2734 897 2800 concilia
911 2756 985 2799 suae
1001 2734 1156 2821 cunisque
1171 2733 1313 2822 regionis
1325 2730 1378 2793 ins

327 2818 419 2894 ‘dici,
430 2819 601 2905 pecuniam
612 2820 757 2899 conferri,
769 2821 815 2886 ibi
827 2821 1025 2908 magistratus
1039 2821 1139 2886 creari
1153 2821 1268 2886 iussit’
1296 2818 1362 2883 Pro·

325 2904 485 2969 nuntiarit
498 2904 626 2982 deinde,
647 2914 657 2944 ‘
667 2929 774 2993 neque
796 2907 1002 2984 connubium,
1018 2930 1123 2995 neque
1146 2904 1378 2972 commercium*
1411 2925 1413 2975 ἕ

327 2999 492 3076 ‘agrorum
512 2992 794 3080 aedificiorumque
816 2994 901 3058 inter
921 3016 955 3059 se
977 2993 1102 3081 placere
1117 2994 1271 3079 cuiquam
1286 3002 1361 3055 extre
1409 2979 1414 3058 l

327 3076 426 3142 ‘fines
446 3077 586 3163 regionis
607 3102 682 3145 suae
698 3102 775 3143 esse.
822 3078 957 3145 Metalla
976 3102 1105 3167 quoque
1121 3080 1191 3145 auri
1214 3094 1309 3166 atque
1322 3095 1361 3139 ar·

327 3163 433 3249 ‘genti
455 3186 521 3228 non
538 3166 696 3230 exerceri:
720 3166 795 3230 ferri
810 3180 843 3231 et
858 3166 937 3231 aeris
951 3166 1112 3254 permitti!
1156 3164 1306 3253 Vectigal
1317 3182 1362 3227 ex·

358 3351 504 3414 psummoto
514 3351 609 3410 adum]
622 3349 729 3399 Crevier.
738 3348 832 3399 etGro·
865 3350 1071 3399 numismatum

325 3430 381 3463 nov.
397 3422 526 3463 summotos
542 3413 631 3473 edituis
641 3414 658 3463 i.
670 3429 691 3462 c.
704 3414 776 3461 lictor
791 3414 833 3475 qui
900 3411 1216 3474 cAdorr'entemnerrum]
1231 3414 1357 3474 smegma
1412 3466 1413 3469 ,

325 3483 489 3526 summoveret
507 3476 599 3533 obvios,
617 3478 732 3526 scribunt
768 3476 833 3525 Bek·
866 3492 929 3539 quse
952 3492 998 3525 vox
1020 3478 1094 3525 modo
1116 3476 1249 3538 praecessit
1271 3484 1294 3525 ot
1314 3472 1357 3521 inde
1413 3469 1415 3520 l

325 3543 399 3591 lterns
410 3558 465 3590 cum
476 3541 617 3605 Kreyssigio
627 3549 742 3590 summoto
752 3543 834 3589 aditus
867 3542 995 3589 commodo
1006 3541 1047 3588 hic
1058 3540 1135 3602 repeti
1147 3546 1238 3602 potest.
1256 3542 1335 3589 Dmr.

325 3606 342 3654 i.
354 3622 376 3655 e.
386 3608 468 3655 editae
482 3607 515 3654 ad
531 3612 666 3668 praetorem
678 3606 759 3664 datus,
770 3621 833 3653 rum·
899 3608 992 3665 3Suca
1003 3607 1121 3668 cuiusque
1131 3608 1241 3666 replerat]
1255 3608 1306 3653 Sao
1314 3615 1356 3649 auc·

325 3677 385 3718 moto
397 3670 499 3731 populo,
509 3685 585 3730 quum
595 3676 710 3718 summoto
720 3668 768 3716 hoc
781 3684 833 3717 sen·
866 3674 919 3717 tore
939 3668 1063 3717 Gronovio
1082 3669 1191 3730 reposuit
1210 3668 1315 3717 Bellen
1334 3662 1356 3713 ti.

326 3748 354 3779 su
365 3732 462 3793 saepius
469 3734 621 3781 adhibeatur.
638 3734 668 3781 cf.
676 3748 741 3795 supr.
749 3732 833 3780 xxviii.
866 3748 931 3794 supr.
943 3732 978 3781 iii.
991 3747 1028 3781 ra.
1043 3748 1101 3781 xxv.
1113 3745 1149 3792 17.

327 3796 648 3857 rpSummotoinoeperunt.
668 3797 761 3854 Verum
770 3796 834 3844 Har·
903 3813 918 3855 4
937 3800 1024 3861 Neque
1044 3798 1192 3845 connubium
1215 3812 1298 3861 neque,
1311 3808 1354 3843 cor·

327 3860 416 3908 duinus
431 3860 463 3908 ad
481 3859 545 3907 Plin.
558 3860 593 3908 H.
605 3860 639 3908 N.
651 3861 701 3910 viii.
716 3859 755 3920 46.
769 3876 833 3909 scm·
866 3863 993 3919 mactum]
1014 3860 1068 3908 Iam
1081 3861 1139 3908 olim
1151 3860 1237 3908 similis
1249 3862 1289 3909 tex
1299 3858 1355 3907 alic-

326 3931 400 3984 motu,
411 3924 457 3973 ie.
469 3923 592 3981 lictorum,
602 3925 704 3972 mavult.
866 3925 946 3973 manis
956 3925 1023 3972 dicta
1035 3924 1129 3973 Latinis
1145 3930 1171 3972 et
1187 3925 1302 3974 Hernicis
1310 3926 1356 3973 ont,
1414 3978 1415 3984 ἵ

361 3990 487 4038 rNedum
498 3989 588 4047 lorus]
612 3989 710 4036 Nedum
721 3989 768 4037 hoc
779 3989 833 4036 loco
866 4004 931 4050 supr.
945 3988 993 4036 viii.
1007 4002 1043 4047 14.
1054 3988 1088 4036 ix.
1100 4002 1139 4049 43,
1172 3988 1277 4051 Quippe
1292 4000 1353 4037 ean
1411 3984 1414 4045 ἐ

326 4064 371 4112 pro
391 4066 441 4100 non
461 4055 537 4102 solum
560 4051 620 4115 poni
641 4053 754 4100 observat
776 4054 833 4102 Ore·
866 4052 932 4101 tione
944 4052 1051 4101 Romani
1067 4053 1243 4115 rempublicam
1259 4051 1353 4101 Macedo
1413 4055 1414 4085 i

326 4113 415 4162 vierius
431 4120 457 4163 et
471 4117 578 4165 illustrat
594 4114 654 4164 locis
668 4116 720 4165 Cic.
735 4118 767 4165 ad
780 4118 832 4165 Art.
865 4116 945 4164 nicam
965 4116 1137 4173 dissociabunt.
1154 4122 1180 4164 et
1198 4124 1311 4179 quattuor
1324 4128 1354 4176 pr

325 4194 350 4228 x.
371 4177 407 4227 16.
424 4186 450 4226 et
465 4195 547 4228 mrsus
564 4181 612 4241 Ep.
630 4180 703 4228 Balb.
723 4186 749 4227 et
766 4182 832 4242 Opp.
866 4181 937 4242 pulos
947 4196 979 4230 er
990 4196 1040 4230 uno
1051 4180 1196 4230 efficiebant.

326 4243 393 4305 apud
403 4243 456 4292 Cic
467 4244 499 4291 ad
511 4245 563 4292 litt.
574 4243 608 4292 ix.
622 4255 643 4303 7.
654 4245 744 4292 nedum
760 4244 833 4292 homi-
