2934 4800
412 166 506 234 LIB.
529 166 637 235 XLV.
666 168 768 235 cAP.
793 174 845 236 25.
1091 175 1153 240 199

90 294 316 366 Secundum
341 301 449 369 talem
461 305 637 372 orationem
651 306 789 372 universi
804 328 911 372 rursus
932 305 1146 393 prociderunt,
1159 321 1192 373 U.
1204 323 1235 372 e.
1250 323 1305 387 ⁵8⁵·

43 406 238 474 ramosque
263 387 373 454 oleae
399 391 557 479 supplices
577 391 739 470 iactantes,
756 393 1043 470 tandemexcitati,
1058 387 1186 458 curtat·
1204 387 1234 437 ⁰·
1251 386 1306 448 ¹⁶7·

41 486 294 540 exoesserunt.
349 475 454 542 Trmc
482 479 657 543 sententiae
685 479 871 566 interrogari
900 491 1040 567 coeptae.
1091 477 1146 544 In-
1203 455 1254 515 ²5·

39 556 226 624 sestimimi
245 559 412 661 Rhodiis
425 577 525 664 erant,
537 565 593 651 qui
608 564 753 629 consules
768 579 965 667 praetoresve
980 578 1036 630 aut
1050 564 1146 653 legati

39 647 1019 838 tttffirmplttlttlss¹lllnlltlllt⁰tl
1035 673 1146 804 till

41 817 248 906 mitemque
274 836 474 887 senatorem
491 823 565 910 egit.
611 822 691 888 Non
711 846 847 890 inseram
869 825 1071 890 simulacrum
1086 824 1145 890 viri

32 904 194 990 copiosi,
219 929 324 992 quae
350 909 481 985 dixerit,
500 909 685 974 referendo:
708 911 807 997 ipsius
829 911 929 976 oratio
951 911 1067 998 scripta
1088 933 1145 976 ex·

43 1005 124 1067 stat,
150 990 364 1080 Originum
388 995 503 1081 quinto
523 994 604 1060 libro
626 995 755 1061 inclusa.
804 997 937 1062 Rhodiis
958 1019 1144 1084 responsum
1153 1002 1303 1052 Rhodium-

45 1075 95 1140 ita
115 1077 317 1145 redditum
335 1094 399 1158 est,
415 1094 452 1145 ut
465 1103 526 1146 nec
540 1080 646 1147 hostes
659 1081 782 1160 fierent,
798 1105 858 1149 nec
880 1084 954 1148 socii
978 1083 1210 1171 permane·ceps
1220 1083 1256 1117 ’θ’

28 1177 137 1238 trent.
190 1163 423 1232 Philocrates
435 1180 470 1232 et
485 1168 676 1255 Astymedes
690 1169 848 1256 principes
863 1169 1029 1257 legationis
1043 1184 1141 1234 erant
1151 1147 1268 1246 iiiii?

49 1249 198 1315 Partem
233 1275 329 1318 cum
358 1252 538 1318 Philocrate
563 1255 745 1319 renuntiare
771 1254 924 1322 Rhodum
953 1255 1144 1342 legationem

50 1335 200 1422 placuit,
229 1355 378 1426 partem
403 1361 478 1405 cum
501 1339 677 1428 Astymede
701 1341 824 1406 Romae
849 1341 1028 1418 subsistere,
1050 1364 1145 1428 quae,

28 1445 145 1508 5quae
161 1440 377 1511 agerentur,
391 1426 495 1503 sciret,
510 1426 724 1514 certioresque
741 1450 814 1492 suos
828 1427 955 1493 facem
1002 1425 1040 1492 In
1076 1449 1146 1493 rae·

54 1510 170 1574 sentia
201 1513 386 1598 praesidia
416 1512 575 1578 deducam
607 1525 683 1578 ante
717 1526 837 1578 certam
866 1513 952 1580 diem
977 1536 1018 1578 ex
1073 1513 1146 1615 ycia

31 1593 244 1684 sCariaque
276 1599 445 1664 iuaeemnt
468 1598 651 1686 praefectos.
697 1597 790 1664 Haec
810 1599 966 1666 Rhodum
989 1611 1143 1670 nuntiata.

61 1679 164 1754 Quae
181 1706 254 1770 per
269 1708 313 1752 se
328 1686 432 1750 tristia
444 1684 587 1762 finissent,
602 1684 680 1771 quia
697 1686 824 1752 maioris
846 1686 920 1752 mali
942 1686 1063 1752 levatus
1077 1700 1145 1752 erat
1205 1741 1212 1756 .

60 1766 178 1846 timor,
193 1792 316 1857 quum
332 1770 451 1836 bellum
466 1771 655 1848 timuissent,
666 1772 701 1836 in
714 1772 868 1860 gaudium
882 1774 1063 1839 renuntiata
1076 1795 1145 1840 ver·

40 1865 196 1926 iterunt.
252 1857 378 1945 Itaque
395 1857 558 1945 extemplo
576 1879 726 1923 coronam
740 1859 853 1946 viginti
876 1859 1010 1925 millium
1033 1882 1144 1926 aureo·
1153 1872 1294 1922 Rhodiise

43 1959 145 2012 arum
160 1941 410 2010 decreverunt:
434 1943 657 2022 l'heaetemm,
672 1945 867 2033 praefectum
889 1947 1004 2024 classis,
1020 1946 1054 2010 in
1073 1969 1144 2011 eam
1153 1937 1266 2050 ἕξω
1277 1949 1297 1985 “

67 2023 288 2112 legationem
303 2031 469 2096 miserunt
508 2029 701 2098 Societatem
715 2032 756 2098 ab
772 2031 925 2098 Romanis
939 2033 985 2098 ita
998 2031 1145 2098 volebant
1153 2070 1217 2114 tunt
1239 2015 1280 2063 μ’

49 2113 155 2196 open,
177 2127 223 2181 ut
246 2116 381 2182 nullum
402 2117 444 2182 de
466 2139 559 2182 esre
584 2119 700 2183 scitum
722 2117 833 2206 populi
855 2119 947 2184 fieret
971 2132 1027 2183 aut
1048 2118 1145 2186 literis

52 2200 319 2270 rmandaretur:
366 2203 440 2281 nod,
456 2203 519 2269 nisi
539 2203 755 2291 impetrarent,
770 2206 869 2270 maior
882 2229 902 2270 a
917 2204 1042 2292 repulsa
1056 2205 1147 2292 igno-

77 2285 186 2353 minia
207 2303 310 2358 esset.
384 2290 513 2356 raefecti
533 2289 640 2356 classis
660 2291 696 2356 id
717 2291 812 2356 unius
834 2304 902 2357 erat
920 2291 979 2368 ius,
996 2304 1032 2355 ut
1052 2313 1146 2379 agera

80 2369 123 2437 de
139 2396 182 2443 ea
195 2399 236 2444 re
252 2379 326 2445 sine
340 2377 504 2465 rogatione
525 2376 590 2442 nlla
611 2376 731 2465 perlata
752 2389 866 2465 posset
915 2377 1001 2443 Nam
1023 2377 1068 2443 ita
1089 2399 1147 2465 per

81 2471 133 2525 tot
158 2485 273 2531 annos
300 2466 334 2530 in
358 2464 497 2530 amicitia
514 2463 649 2541 firerant,
672 2477 710 2528 nt
734 2464 842 2529 sociali
866 2462 994 2529 foedere
1016 2486 1050 2528 se
1071 2482 1145 2529 cum

86 2544 255 2617 Romanis
278 2574 345 2617 non
370 2551 414 2616 ill'
473 2563 530 2615 ent
555 2552 596 2615 ob
620 2548 741 2615 nullam
771 2549 865 2615 aliam
890 2570 1027 2627 cansam,
1050 2572 1147 2635 quam

64 2652 129 2699 ine
149 2657 250 2722 spem
266 2638 394 2725 regibus
406 2574 607 2703 &fiderent
620 2634 731 2703 auxilii
748 2636 807 2713 sui,
822 2636 849 2701 si
864 2634 943 2723 quid
959 2656 1039 2724 opus
1053 2648 1146 2715 esset,

126 2906 139 2941 ι
151 2896 530 2957 munumentum]
543 2896 609 2945 Lon-
639 2893 689 2959 ret]
708 2896 750 2945 Ita
760 2895 871 2959 Sigonius
882 2897 1021 2947 emendavit
1031 2913 1108 2962 quum
1122 2897 1148 2947 in

94 2956 488 3016 gedirersamhabuitorationem
496 2961 608 3022 Astyme-
641 2961 706 3023 vulg.
717 2961 773 3010 add.
785 2960 851 3024 prior
864 2978 927 3027 quae
942 2964 1071 3013 exsularet.
1107 2964 1149 3023 Ut,

94 3018 233 3091 <imnum
245 3024 348 3074 edidisse
359 3024 608 3085 euminmlgustrs·
640 3024 1149 3089 praeclarieusrqui,qaas...soosrmt

97 3082 135 3130 dit
146 3085 276 3150 Polybius,
287 3089 346 3152 Lag.
356 3104 417 3137 xxx.
428 3104 452 3147 4.
463 3087 505 3149 qui
520 3093 546 3135 et
560 3087 609 3136 hoc
640 3087 780 3137 Gronovius
789 3090 956 3151 reponendmn
969 3092 1064 3151 madet
1074 3105 1148 3154 quem

97 3150 609 3276 amaricentur
640 3154 1080 3277 remaritari.

98 3281 174 3387 ἰδίω,
190 3288 221 3330 ut
240 3280 349 3330 Graecos
366 3286 459 3329 oeteroe
476 3284 608 3328 monstret.
673 3288 688 3340 7
708 3280 802 3393 temp
828 3282 944 3341 saluium]
983 3280 1042 3393 ’ἐπὸ
1062 3280 1149 3345 μυρίαν

124 3353 354 3469 Theotmum]
376 3408 435 3457 Non
445 3406 550 3456 inseram
561 3406 608 3455 hoc
640 3345 987 3467 ῃέσῗῆξέειζῗέιὲῗὲιξὶ
1008 3347 1148 3457 ffirlsndatio
1189 3392 1198 3411 ⁸

103 3465 156 3518 loco
166 3472 299 3537 imaginem
313 3473 483 3521 adumbratam
493 3472 608 3533 eloquen-
640 3486 685 3534 pro
696 3472 762 3533 vulg.
774 3472 928 3529 Theodotum,
938 3486 968 3519 ex
981 3470 1086 3533 Polybio
1096 3478 1140 3523 est.

104 3530 271 3595 ῒίωθιῖοιιίε,
278 3535 609 3585 scnlrendoorationamtan·
673 3550 689 3598 9
708 3537 742 3584 Ut
757 3536 852 3583 nauum
871 3536 902 3583 de
918 3550 949 3583 eo
963 3550 991 3583 re
1005 3536 1092 3583 mum
1106 3552 1149 3597 po·

104 3609 177 3655 ‘luam
187 3603 220 3650 ab
230 3602 276 3651 illo
285 3601 403 3651 habitam.
419 3600 501 3650 Gur.
638 3596 707 3660 pall]
719 3614 754 3647 sc.
761 3598 862 3647 Rhodii.
882 3596 940 3657 δίχα
946 3598 991 3645 τοῦ
997 3596 1150 3659 ψηφίσματος

137 3675 150 3722 3
161 3667 245 3728 Ipsius
255 3668 333 3715 oratio
342 3666 434 3727 scripto
444 3662 535 3727 exsut]
548 3662 610 3711 Eius
641 3661 680 3709 sal
690 3659 818 3723 πρεσβείας
829 3662 917 3723 Polyb.
929 3677 987 3711 xxx,
1000 3672 1022 3723 5.
1033 3662 1122 3714 scribit.

109 3728 219 3778 orationis
237 3730 316 3778 multa
332 3728 414 3791 capita
429 3728 510 3788 misit,
526 3733 552 3775 et
568 3727 610 3775 de·
676 3740 686 3773 1
706 3728 784 3784 Quod,
794 3727 843 3773 nisi
853 3726 1024 3790 impetrarent]
1043 3726 1150 3788 Quiasi

108 3787 183 3841 tendit
199 3794 315 3843 adversm
331 3792 447 3845 Tironem
464 3793 494 3841 A.
511 3790 610 3841 Gellius
641 3805 691 3839 non
709 3791 878 3852 impetrarent,
894 3796 1023 3852 postquam
1043 3794 1151 3855 populus

109 3851 179 3918 riiy.
196 3859 277 3908 Cur.
642 3859 668 3901 et
688 3854 802 3902 universa
822 3852 907 3901 civitas
929 3853 954 3903 id
975 3857 1150 3918 postulandum

138 3936 154 3978 4
167 3922 320 3972 Philocrates
331 3927 355 3971 st
364 3922 504 3983 Amaia
515 3919 609 3983 prinei-
642 3918 772 3977 decresset,
779 3916 858 3964 maior
868 3916 1000 3979 ignominia
1006 3921 1088 3969 flatura
1099 3926 1151 3969 erat

107 3987 296 4098 rimu]
318 3982 610 4097 ”erraras
643 3982 755 4093 nrhir
774 3980 1152 4099 cm

113 4108 161 4161 bro
175 4064 356 4176 stiffi
369 4054 611 4162 siieluwitmdrlss
644 4060 749 4158 cliiii⁸1
759 4060 788 4094 ω
929 4062 946 4108 ¹³
999 4062 1046 4097 Μ
1133 4065 1151 4098 ”

112 4177 261 4234 mallenus
272 4178 418 4241 Astymedes
428 4176 610 4239 princepsamt.
677 4175 735 4223 oSs'
746 4171 958 4238 quidopasssaet]
979 4176 1007 4225 St
1022 4178 1063 4226 eni
1080 4178 1152 4250 rulyo

113 4235 185 4291 Cssr.
643 4238 738 4300 legitur.
774 4240 803 4287 Si
821 4254 869 4301 quo
889 4238 1017 4289 Beirlrerus
1038 4245 1154 4301 reposuit.

143 4318 155 4365 5
170 4308 247 4366 Quae,
256 4322 319 4371 quoe
335 4312 468 4370 opmntar
484 4306 610 4367 ...sace
643 4303 739 4355 Verum
756 4318 845 4367 operae
861 4306 898 4351 est
914 4304 1030 4365 pretium,
1044 4301 1152 4353 Rhodio
