2934 4800
344 241 381 301 18
727 233 840 300 ΤΙΤΙ
870 232 1004 299 LIVII

188 385 224 437 U.
235 385 265 436 0.
281 394 335 449 575·
345 372 445 438 Sociis
461 372 595 438 dimidio
615 373 729 450 minus,
745 395 842 460 qnam
860 372 990 449 civibus,
1006 370 1134 434 datum:
1158 369 1267 455 itaque
1286 367 1397 442 taciti,

188 451 219 500 A.
236 451 267 501 ⁰·
285 460 337 512 ¹⁷⁷·
346 475 382 525 ut
395 460 490 525 iratos
503 483 571 524 esse
586 460 726 536 sentires,
741 460 842 523 secuti
856 472 931 524 sunt
945 479 1081 523 currum.
1457 478 1458 543 ι

239 551 289 611 14.
391 546 480 611 Dum
494 547 522 612 is
536 545 714 634 triumphus
727 545 769 610 de
784 545 956 632 Liguribus
969 545 1130 632 agebatur,
1142 542 1286 628 Ligures,
1300 553 1399 627 post-
1457 622 1458 625 Ἴ

190 633 292 696 Ligures
347 657 442 721 quum
457 647 632 710 senserunt,
644 655 707 698 non
720 632 914 697 consularem
927 630 1234 695 tantumexercitum
1249 627 1398 692 Romam
1457 650 1458 715 ι

189 699 316 749 surm.
347 720 529 798 annuorum,
552 719 609 785 sea
630 719 789 806 regionem
810 720 851 783 ιι
876 716 1084 782 moranno
1109 716 1191 780 rurs
1216 714 1397 790 timim,

347 807 441 873 soluti
461 820 558 884 metu,
574 805 653 871 clam
669 806 813 871 exercitu
830 805 961 880 indicto,
977 826 1034 890 per
1053 818 1242 867 transversos
1261 801 1397 876 limites,
1457 812 1458 901 p

347 894 500 982 superatis
515 893 683 971 montibus,
694 893 729 956 in
744 915 871 979 campos
885 890 1032 978 degressi,
1044 912 1154 976 agrum
1169 887 1398 954 Mutinensem
1457 906 1458 975 ι

348 981 499 1080 populati,
520 980 687 1067 repentino
707 980 828 1066 impetu
848 977 1004 1042 coloniam
1023 977 1033 1040 i
1091 998 1122 1039 m
1143 987 1303 1062 ceperunt.
1353 971 1399 1037 Id

348 1067 404 1132 ubr
428 1067 565 1133 Romam
588 1065 717 1130 allatum
743 1077 800 1142 est,
822 1077 949 1129 senatus
972 1063 1011 1128 C.
1061 1062 1202 1127 laudium
1227 1060 1398 1125 consulem

349 1153 477 1219 comitia
491 1154 593 1240 primo
607 1175 736 1240 quoqne
751 1165 892 1238 tempore
912 1151 1029 1214 habere
1047 1150 1145 1226 iussit,
1160 1148 1338 1234 creatisque
1359 1147 1398 1208 in
1457 1184 1458 1217 r

349 1262 469 1306 annum
489 1239 720 1327 magistratibus
740 1239 775 1301 in
789 1238 983 1326 provinciam
999 1235 1113 1312 redire,
1129 1249 1162 1300 et
1178 1233 1335 1299 coloniam
1352 1255 1399 1296 ex

349 1327 492 1393 hostibus
505 1327 654 1413 recipere.
699 1324 760 1401 Ita,
776 1324 824 1388 uti
843 1325 967 1389 censuit
981 1334 1117 1399 senatus,
1132 1321 1260 1386 comitia
1273 1319 1396 1384 habita.
1457 1326 1458 1383 l

352 1414 509 1480 Consules
528 1413 634 1490 creati,
657 1411 719 1477 Cn.
734 1410 904 1476 Cornelius
923 1410 1030 1497 Scipio
1050 1408 1222 1496 Hispalim,
1239 1407 1281 1481 Q„
1292 1406 1400 1471 Petil-
1457 1388 1458 1457 l

350 1500 411 1566 lius
433 1500 595 1602 Spurinus
642 1499 808 1564 Praetores
826 1497 902 1562 inde
924 1497 1008 1574 facti,
1025 1495 1072 1560 M.
1086 1496 1134 1560 Po
1156 1493 1239 1559 illius
1257 1493 1397 1570 Laenas,

351 1587 387 1652 P.
402 1587 544 1652 Licmins
557 1585 699 1664 Crassus,
713 1585 760 1650 Μ.
774 1583 943 1649 Comelins
956 1583 1072 1671 Scipio,
1083 1583 1121 1646 1.
1131 1517 1278 1669 Papirius
1289 1579 1397 1656 Maso,

352 1673 400 1738 M.
414 1674 565 1750 Aburius,
581 1672 619 1736 L.
634 1671 797 1759 Aquillius
812 1670 933 1735 Gallus.
980 1669 1019 1734 C.
1035 1669 1170 1734 Claudio
1184 1666 1307 1734 consuli
1321 1689 1398 1754 pro-
1457 1694 1458 1725 ι

351 1772 495 1846 rogatum
516 1759 550 1824 in
570 1781 689 1822 annum
711 1757 890 1844 imperium,
909 1769 943 1821 et
965 1755 1070 1821 Gallia
1087 1755 1266 1843 provincia:
1290 1767 1332 1829 et,
1353 1765 1423 1818 nc8
1457 1736 1458 1779 l

351 1845 425 1910 Istri
439 1844 535 1921 idem,
550 1843 638 1931 quod
651 1857 685 1908 et
699 1844 843 1930 Ligures,
857 1843 1006 1921 facerent,
1018 1843 1119 1907 socios
1134 1841 1271 1906 nominis
1285 1840 1397 1904 Latini

353 1933 387 1996 in
407 1930 531 1996 Istriam
551 1931 701 2008 mitteret,
740 1951 797 1994 uos
817 1929 912 1994 trium
935 1929 969 1993 hi
987 1952 1081 1994 causa
1098 1928 1139 1994 de
1158 1928 1321 2016 provincia
1338 1927 1399 1990 de-

198 2019 233 2070 U·
244 2020 275 2070 0·
290 2017 502 2082 57⁶·duxisset.
549 2016 611 2083 Cn.
627 1953 778 2082 Comblio
796 2031 828 2081 et
851 2015 891 2091 Q
905 1952 1032 2080 Petillio
1051 2015 1242 2091 consulibus,
1257 2037 1322 2100 qno
1341 2013 1397 2077 die

195 2081 346 2199 diffidi&
354 2106 570 2192 magistratum
593 2105 743 2181 inierunt,
769 2102 1005 2168 immolantibus
1028 2102 1097 2167 Iovi
1127 2101 1396 2189 singulisbubus,

197 2213 271 2271 nerto,
283 2215 317 2269 u.
355 2192 401 2255 uti
416 2190 505 2269 solet,
521 2191 555 2255 in
575 2213 613 2255 ea
626 2191 739 2267 hostie,
756 2213 820 2276 qua
841 2188 882 2264 Q.
893 2188 1038 2253 Petillios
1056 2189 1250 2264 sacrificavit,
1266 2210 1301 2251 m
1319 2207 1422 2256 roci-9

199 2276 299 2325 P⁸ffl¹³⁰
355 2300 433 2343 nore
447 2292 543 2365 caput
553 2299 620 2342 non
633 2277 810 2342 inventum.
855 2274 895 2340 Id
906 2298 1005 2363 quum
1019 2275 1061 2340 ad
1074 2289 1219 2343 senatum
1229 2272 1395 2350 retulisset,

196 2341 253 2390 ⁰⁰⁵*
355 2365 435 2431 bove
445 2363 592 2452 perlitare
604 2363 713 2429 iussus.
759 2362 811 2428 De
822 2362 993 2456 provinciis
1006 2362 1123 2428 deinde
1132 2361 1293 2427 consultus
1306 2382 1418 2425 sena-1

356 2466 408 2517 tus
426 2450 515 2517 Pisas
533 2463 569 2515 et
588 2450 721 2537 Ligures
741 2450 917 2539 provincias
938 2450 1119 2514 consulibus
1138 2448 1286 2515 decrevit.
1333 2448 1397 2512 Cui

356 2538 448 2603 Pisae
458 2538 620 2626 provincia
630 2538 817 2613 obvenisset,
827 2559 927 2624 quum
941 2537 1180 2623 magistratuum
1190 2534 1396 2600 creandomm

356 2638 481 2725 tempus
495 2638 586 2703 esset,
602 2623 791 2699 adcomitia
807 2623 923 2688 reverti
941 2624 1040 2688 iussit.
1086 2622 1244 2687 Additum
1259 2622 1397 2697 decreto,
1457 2647 1458 2734 q

357 2725 394 2776 ut
407 2712 497 2777 brnas
515 2710 656 2797 legiones
675 2732 771 2774 novas
790 2710 972 2786 scriberent,
988 2722 1022 2775 et
1040 2724 1184 2774 trecenos
1200 2708 1342 2795 equites3
1364 2722 1420 2771 etr
1457 2741 1458 2790 ι

358 2797 442 2863 dena
461 2796 559 2861 millia
576 2796 720 2883 peditum
742 2795 834 2860 sociis
853 2796 1039 2883 nominique
1059 2795 1185 2874 Latino,
1200 2808 1234 2859 et
1247 2816 1397 2859 sexcenos

358 2885 549 2984 imperarent
564 2884 694 2969 equites.
740 2882 791 2947 Ti.
804 2881 942 2947 Claudio
955 2896 1157 2971 prorogatum
1167 2895 1216 2947 est
1230 2881 1396 2968 imperium

291 3016 300 3033 .
357 2971 394 3035 in
408 2969 443 3034 rd
457 2983 591 3070 tempus,
603 2986 668 3056 quo
683 2970 717 3033 in
731 2969 925 3069 provinciam
940 2969 1050 3034 consul
1064 2970 1209 3034 venisset.
1254 2967 1344 3031 Dum
1356 2966 1396 3031 de

356 3056 408 3121 his
419 3058 511 3121 rebus
522 3078 555 3120 ιιι
567 3069 679 3120 senatu
690 3068 803 3142 agitur,
817 3054 878 3120 Cn.
892 3055 1071 3133 Cornelius,
1082 3070 1230 3121 evocatus
1240 3077 1260 3119 a
1270 3054 1395 3129 viatore,

358 3166 458 3231 quum
488 3141 606 3230 templo
635 3164 778 3243 egressus
800 3153 892 3218 esset,
915 3141 1021 3228 paullo
1049 3156 1122 3229 post
1146 3142 1242 3207 rediit
1269 3141 1396 3205 confuso

358 3229 458 3308 vultu,
482 3243 516 3295 et
541 3242 687 3317 exposurt
711 3228 859 3293 Patribus
884 3229 1076 3316 conscriptis,
1102 3229 1191 3295 bovis
1214 3227 1417 3304 sexcenarii‚3

1457 3439 1458 3468 l

392 3483 535 3533 BNelrtri
549 3483 624 3542 idern]
641 3483 682 3531 Ne
696 3482 757 3529 Irtri
895 3496 966 3531 mot
987 3483 1089 3543 pedites,
1109 3490 1216 3533 imm
1242 3484 1341 3545 militet.
1365 3482 1396 3531 ci.

360 3548 422 3597 idem
433 3550 593 3609 reposuerant
603 3546 674 3595 Grev.
685 3550 711 3594 et
722 3544 778 3593 Bek
797 3560 830 3595 er.
896 3560 962 3607 supr.
974 3560 997 3611 9.
1008 3552 1034 3594 et
1043 3547 1079 3595 xl.
1093 3546 1129 3595 18.

392 3613 457 3675 91rr
467 3612 572 3661 ίοσίπονσ
583 3610 670 3672 eaput]
689 3608 803 3671 clSupr.
814 3608 864 3659 viii.
928 3623 943 3670 3
968 3612 1042 3659 Bovis
1067 3612 1216 3671 seeeemrii]
1257 3611 1396 3659 Sereanarr'i
1457 3657 1458 3666 ,

359 3674 475 3742 9..xxrii.
488 3673 527 3724 ab.
898 3672 1018 3723 Graerr'us
1027 3676 1150 3734 emendat,
1163 3674 1189 3723 b.
1200 3690 1221 3722 e.
1232 3680 1396 3721 sexcentarum

395 3752 405 3786 r
424 3740 489 3787 Bone
502 3735 632 3801 perlitare]
651 3736 708 3786 Hoc
723 3738 865 3800 degenere,
897 3739 981 3800 pondo
991 3738 1107 3787 librarum
1117 3744 1143 3787 et
1153 3738 1255 3800 proinde
1261 3738 1396 3799 grandioris,

360 3818 410 3851 non
432 3802 463 3850 de
489 3816 590 3850 numero
617 3802 751 3851 hostiarum
772 3801 865 3850 dietum
897 3804 963 3851 unde
975 3808 1116 3864 portentum
1129 3808 1198 3851 tanto
1208 3802 1395 3851 babereturtris·

361 3880 456 3915 censeo.
489 3864 557 3913 Nem
574 3865 693 3914 incertum
711 3870 749 3914 ert
765 3880 798 3914 an
816 3883 866 3915 uno
897 3866 955 3926 tius,
968 3867 1033 3928 quod
1048 3866 1109 3915 tanti
1125 3866 1238 3929 ponderis
1251 3866 1397 3915 berbicem

361 3929 476 3994 perlitare
488 3932 576 3991 posset.
609 3930 668 3991 Ipre
679 3930 765 3992 paullo
776 3935 867 3993 poetr'e
899 3930 1051 3981 diffluxisret.
1074 3932 1156 3994 Vulgo
1167 3929 1397 3993 legiturmomaru

362 3996 440 4043 tribur
467 3992 593 4055 perlitasse
620 3999 700 4055 negat,
720 3999 746 4041 et
769 4000 868 4043 renatus
899 3996 965 4056 quod
976 3994 1396 4044 Gutheriusavoceroenoderirari

362 4073 419 4106 cum
429 4058 561 4106 maioribru
571 4058 654 4105 hortiis
664 4072 742 4119 usque
752 4059 784 4106 ad
795 4058 866 4120 perli-
899 4064 979 4120 putat,
997 4074 1072 4121 quam
1091 4060 1179 4108 Fertur
1198 4060 1270 4107 docet
1288 4074 1338 4106 eme
1354 4064 1396 4106 aut

361 4123 479 4171 tationem
490 4118 625 4170 sacrificare
635 4120 711 4169 iussit.
728 4121 834 4171 Doara.
898 4123 1003 4171 securim
1018 4130 1061 4171 aut
1081 4125 1206 4172 dolabrum
1228 4122 1396 4185 portiterem,

394 4201 408 4234 r
425 4186 504 4233 Binar
517 4187 621 4247 legiam
633 4188 863 4246 muneraremur]
898 4186 934 4235 ita
950 4193 978 4235 ut
993 4190 1132 4237 reseram-ir
1147 4190 1191 4236 bos
1206 4188 1287 4235 dictur
1303 4187 1340 4245 rit,
1354 4188 1396 4235 bos

362 4250 423 4299 Post
440 4263 524 4297 vocem
540 4250 672 4298 seriberent
689 4249 806 4297 excidisse
822 4251 866 4298 ali-
899 4266 928 4299 eo
953 4267 1041 4313 genere
1067 4251 1139 4299 cultri
1165 4251 1312 4299 immolatus
1353 4251 1396 4299 Vir
1457 4265 1458 4276 ¹

361 4314 421 4376 quid
435 4312 559 4361 existimat
571 4312 679 4372 Crevier,
690 4328 738 4374 quo
755 4313 866 4375 peditum
898 4316 986 4363 doetus
1010 4316 1043 4364 ad
1069 4316 1202 4377 marginem
1229 4316 1268 4364 ed.
1290 4313 1396 4365 Curionis
1457 4367 1458 4370 ,

362 4392 478 4426 numerus
498 4376 636 4435 deliniatur,
654 4383 679 4425 et
698 4379 866 4439 reponendum
897 4378 1195 4441 ascripsitbormennr'r.

363 4443 424 4502 vult,
434 4444 512 4505 quina
525 4442 603 4490 millia
617 4444 644 4489 r'n
659 4442 771 4503 singulas
784 4450 808 4491 et
822 4444 866 4491 du-
