2934 4800
430 223 755 296 KREYSSIGIL
1055 227 1118 292 381

44 391 201 458 densrust.
215 423 258 436 -
269 385 355 454 Ibid.
372 387 645 475 populandosque
665 407 728 472 pro
747 385 1066 474 depopulandosque.
1076 423 1122 435 -

46 495 138 580 Cup.
152 493 217 558 23.
233 491 268 558 in
281 514 318 559 se
333 492 382 558 uti
396 514 460 577 pro
471 492 568 558 iusto.
577 489 716 558 -lbio
732 498 963 556 concurrerent
974 510 1036 574 pro
1046 511 1123 556 con·

48 592 398 678 wmnmr.-Crp.
418 595 473 660 28.
496 615 539 660 eu
561 592 598 658 S.
619 591 668 670 0.,
687 591 722 658 id
742 601 796 660 est
813 600 948 658 senatus
965 592 1122 672 consulto,

47 720 114 784 pro
130 697 181 762 ei.
193 696 333 781 -Cup.
349 695 402 762 40.
424 703 512 762 mota
526 715 587 780 pro
601 702 692 760 natu.
702 691 833 760 —Litn
849 689 1021 759 xxxln.
1036 691 1121 777 Cup.

52 801 105 866 Π.
129 801 172 864 in
200 799 356 865 ditionem
380 819 441 883 pro
466 797 500 863 in
523 793 876 879 deditionem—Cup.
902 795 953 859 18.
978 795 1025 859 ad
1045 795 1122 882 ipsa

56 903 181 987 Tenpe
197 903 348 966 admonet
362 921 423 985 pro
438 899 485 965 ud
496 898 572 984 ipsu
589 897 743 964 Tendeba
756 897 918 962 mocit.-
927 894 1015 962 Ibid.
1032 895 1124 962 acies

54 1013 209 1091 utraque
221 1025 284 1090 pso
300 1002 392 1068 acies
405 1011 570 1087 utraeque.
581 1035 626 1048 —
636 999 721 1064 lbid.
736 999 958 1085 circumagere
976 1019 1040 1084 pro
1060 998 1125 1062 eir·

55 1102 408 1191 cumiacere.-Cup.
434 1105 483 1168 19.
509 1103 664 1189 erigente
686 1125 749 1188 pro
771 1102 914 1190 eligente
934 1100 987 1168 vel
1006 1103 1125 1188 profli-

54 1206 326 1293 gante.-lbid.
351 1205 385 1270 in
406 1205 562 1292 cupedito
579 1226 640 1289 pro
660 1204 857 1292 expeditior.
869 1203 1006 1268 -lbid.
1022 1203 1125 1268 nibilo

58 1310 233 1394 quietiora
248 1331 290 1373 ea
305 1308 389 1393 ipris
403 1308 539 1372 aestivis
553 1307 667 1372 babuit
684 1329 747 1393 pso
760 1306 863 1372 nibilo
878 1305 1057 1392 quietiores
1070 1326 1125 1371 res

60 1410 303 1476 Pausistratus
324 1409 447 1474 babuit.
459 1407 600 1476 -Ibia
622 1408 776 1495 coniungi
796 1429 868 1473 eum
882 1405 1043 1492 Pttttppo
1063 1427 1125 1492 pro

62 1511 224 1598 coniungi
247 1533 318 1578 cum
335 1509 652 1599 Pbilippo.-1bid.
676 1510 853 1576 omisermst
874 1507 1041 1575 consilium
1062 1529 1125 1592 pro

64 1616 150 1680 omni
165 1623 265 1682 erant
280 1613 458 1680 consilium
469 1648 514 1661 -
523 1613 605 1697 Cup.
621 1615 673 1678 22.
694 1611 730 1678 C.
744 1610 907 1698 Afranius
921 1631 983 1696 pro
1005 1610 1042 1676 C.
1063 1609 1126 1675 Ur·

64 1717 191 1782 samus.
202 1715 344 1784 -lbid.
365 1715 430 1782 sibi
447 1715 594 1782 meritum
617 1715 812 1802 triumphum
833 1735 894 1799 pro
916 1712 1045 1779 sibimet
1065 1713 1126 1780 tri·

68 1818 228 1904 urnplsurn
241 1817 381 1886 -lbidc
411 1817 470 1884 Cn.
485 1817 660 1904 Ligurium
682 1818 824 1905 legionis
847 1825 987 1904 quartae
1009 1837 1072 1902 pso
1092 1826 1125 1882 et

72 1917 107 1982 C.
119 1919 313 1986 Labeonem
334 1920 405 1986 eius
415 1920 574 2006 fratrem.
585 1956 629 1968 -
639 1919 721 2004 Cup.
736 1921 789 1985 25.
812 1919 860 1984 uti
880 1940 983 2006 rogus
998 1939 1061 2004 pro
1078 1917 1127 1984 uti

70 2033 222 2111 rogatae.
233 2059 278 2072 —-
288 2023 372 2090 Ibid.
388 2024 527 2090 relatum
541 2044 603 2107 pro
618 2023 728 2088 latum.
737 2059 782 2070 -·
792 2023 874 2109 Cup.
887 2024 940 2089 26.
953 2023 993 2087 Ρ.
1010 2023 1127 2090 Villius

72 2145 171 2210 eques
194 2127 365 2192 Romans
392 2147 455 2212 pro
479 2125 520 2192 L.
536 2125 643 2192 Iulius
673 2126 1020 2212 Sequestris.·-1bid.
1050 2129 1127 2194 inde

78 2227 234 2296 Gerusalo
257 2249 319 2315 pro
339 2229 663 2315 lumerto—Cap.
683 2229 737 2296 et.
757 2231 896 2316 perinde
916 2241 1016 2318 atque
1035 2233 1127 2319 ipsos

76 2330 140 2396 sire
153 2332 265 2419 patius
280 2331 365 2419 ipsis
378 2331 422 2396 iis
436 2339 468 2396 et
482 2353 545 2397 non
562 2329 717 2405 Quinctio
736 2342 770 2398 et
784 2333 944 2401 Romanis
962 2333 1000 2398 id
1018 2335 1128 2401 datum

78 2446 158 2501 esset
176 2460 241 2523 pro
254 2437 395 2522 perinde
414 2445 513 2522 atque
534 2437 577 2503 ab
594 2436 666 2523 ipso
688 2438 724 2503 lsi
746 2448 780 2503 ct
799 2460 864 2503 non
882 2460 906 2503 o
924 2437 1076 2509 Quinctio
1095 2447 1128 2504 et

80 2535 238 2603 Romanis
251 2538 324 2604 dati
339 2538 592 2623 essent-Cap.
606 2541 658 2604 28.
669 2562 737 2627 per·
747 2549 849 2605 totam
858 2539 968 2603 urbem
983 2560 1044 2624 pro
1057 2546 1128 2605 tota

80 2638 295 2707 urbe.-Ibid.
311 2640 396 2704 uelut
407 2662 450 2705 ee
460 2649 537 2705 ante
547 2640 670 2707 indicto
681 2664 744 2728 pro
754 2641 840 2706 uelut
849 2648 985 2705 estante
994 2640 1127 2705 indicio.

82 2740 215 2808 -Ibid.
246 2744 410 2809 constanti
438 2743 546 2809 animo
575 2765 636 2829 pro
664 2743 825 2811 consimili
857 2744 974 2809 animo.
987 2741 1128 2809 -lbia

82 2844 186 2909 statim
203 2866 264 2929 pro
277 2844 351 2909 sibi.
364 2880 408 2891 -
418 2843 498 2931 Cup.
514 2845 566 2909 29.
578 2845 744 2931 facinora
750 2846 886 2929 Jicbant
903 2866 966 2931 pro
985 2867 1026 2910 ea
1033 2845 1131 2931 saci-

85 2965 159 3011 nora
171 2946 511 3033 faciebant—lbid.
539 2949 757 3033 quaerendum
783 2970 846 3034 pro
871 2949 1129 3035 querendum-

86 3042 163 3113 lbid.
188 3049 358 3114 Plurimae
382 3049 499 3113 caedes
524 3071 586 3134 pro
608 3049 751 3115 Plurimi
766 3050 1057 3137 peditee.-Ibid.
1080 3054 1131 3119 in·

87 3152 231 3239 tercmpti
244 3174 306 3237 pro
320 3152 502 3238 intercepti.
511 3188 556 3199 -
565 3151 645 3238 Cup.
656 3154 709 3217 30.
729 3153 915 3239 Cariaeque
928 3174 990 3238 pro
1008 3153 1132 3219 Curiae

88 3254 333 3341 utque-Cap.
350 3256 402 3320 32.
425 3255 623 3321 sermonibus
643 3256 743 3321 etiarn
751 3256 911 3341 serebant
932 3275 994 3339 pro
1013 3276 1133 3321 sermo·

89 3354 174 3423 m'lsus
188 3358 289 3423 etium
303 3357 463 3423 serebant.
475 3394 519 3403 -
530 3356 614 3423 lbid.
631 3378 743 3423 aream
761 3380 823 3442 pro
839 3377 982 3422 arenam.
993 3390 1039 3405 —·
1048 3355 1131 3441 Cup.

89 3454 134 3522 34.
153 3460 295 3525 Istbnria
318 3482 378 3545 pro
399 3458 465 3525 ista
487 3458 709 3525 iam-Ibid.
732 3458 953 3523 denuntiatum
973 3479 1035 3543 pro
1051 3478 1133 3542 pro·

82 3562 325 3639 ‚nuntiatum-
337 3558 421 3625 lbid.
437 3560 581 3647 fucrant
602 3560 802 3647 profuerat.
814 3558 950 3643 -Cup
970 3558 1023 3622 38
1047 3559 1133 3624 inter

92 3664 219 3729 tumulos
230 3664 387 3750 quosdam
405 3686 466 3750 pro
485 3664 520 3729 irs
540 3664 659 3729 tumulo
674 3664 824 3750 quodam.
835 3696 880 3710 -
890 3660 975 3726 lbid.
991 3682 1062 3725 rum
1075 3682 1134 3747 op·

89 3766 255 3845 posuisset,
275 3766 418 3852 equitum
436 3786 499 3851 pro
518 3766 681 3852 opposuit,
701 3774 734 3829 et
753 3765 893 3850 equitem
911 3760 965 3828 vel
980 3762 1131 3848 equiturn.

93 3867 218 3953 -Cup.
233 3868 286 3932 37.
296 3890 363 3955 per
377 3867 540 3956 Ligurum
554 3876 715 3933 extremos
721 3867 812 3953 fines
825 3886 888 3951 pro
902 3864 1064 3951 Ligurum
1076 3886 1134 3929 ee·

95 3972 184 4036 lremo
194 3969 406 4057 finer—Ibid.
431 3992 501 4035 cum
524 3970 651 4057 collega
670 3970 814 4035 secunda
834 3988 896 4053 pro
918 3968 1066 4053 collegae
1084 3988 1134 4033 se·

96 4072 199 4137 cunm
210 4109 255 4119 —
265 4072 347 4158 Cep.
363 4072 415 4136 38.
440 4072 527 4159 quod
546 4072 747 4137 intenderent
767 4092 830 4156 pro
849 4090 930 4157 quor
950 4069 986 4132 in
1010 4068 1134 4147 Tbeba,

96 4174 176 4253 quod
194 4196 237 4239 ex
258 4176 347 4261 quod
363 4173 572 4239 intendebant
592 4174 764 4238 subortum
776 4170 916 4237 videtur.
927 4206 972 4217 -
983 4170 1064 4256 Cup.
1080 4171 1133 4235 41.

96 4278 292 4354 praereniret
305 4300 367 4363 pro
378 4277 575 4365 perveniret.
588 4314 633 4325 -
644 4276 728 4343 lbid.
744 4276 775 4343 si
789 4284 854 4341 tum
868 4282 1060 4363 occupasset
1073 4294 1135 4359 pro
