<?xml version="1.0" encoding="UTF-8"?>
<!DOCTYPE html PUBLIC "-//W3C//DTD XHTML 1.0 Transitional//EN"
    "http://www.w3.org/TR/xhtml1/DTD/xhtml1-transitional.dtd">
<html xmlns="http://www.w3.org/1999/xhtml" xml:lang="en" lang="en">
 <head>
  <title>
</title>
<meta http-equiv="Content-Type" content="text/html;charset=utf-8" />
  <meta name='ocr-system' content='tesseract 3.04.00' />
  <meta name='ocr-capabilities' content='ocr_page ocr_carea ocr_par ocr_line ocrx_word'/>
</head>
<body>
  <div class='ocr_page' id='page_1' title='image "./tliviipatavinih01kreygoog/tliviipatavinih01kreygoog_0279.png"; bbox 0 0 2934 4800; ppageno 0'>
   <div class='ocr_carea' id='block_1_1' title="bbox 342 212 1105 287">
    <p class='ocr_par' dir='ltr' id='par_1_1' title="bbox 342 212 1105 287">
     <span class='ocr_line' id='line_1_1' title="bbox 342 212 1105 287; baseline 0.013 -10"><span class='ocrx_word' id='word_1_1' title='bbox 342 212 553 281; x_wconf 79' lang='lat' dir='ltr'><strong>LIBROII.</strong></span> <span class='ocrx_word' id='word_1_2' title='bbox 587 212 813 281; x_wconf 85' lang='lat' dir='ltr'>DEPERD.</span> <span class='ocrx_word' id='word_1_3' title='bbox 1041 223 1105 287; x_wconf 73' lang='grc'>269</span> 
     </span>
    </p>
   </div>
   <div class='ocr_carea' id='block_1_2' title="bbox 481 596 684 663">
    <p class='ocr_par' dir='ltr' id='par_1_2' title="bbox 481 596 684 663">
     <span class='ocr_line' id='line_1_2' title="bbox 481 596 684 663; baseline -0.005 0"><span class='ocrx_word' id='word_1_4' title='bbox 481 596 684 663; x_wconf 85' lang='lat' dir='ltr'><strong>CXXXIII.</strong></span> 
     </span>
    </p>
   </div>
   <div class='ocr_carea' id='block_1_3' title="bbox 62 765 1104 1045">
    <p class='ocr_par' dir='ltr' id='par_1_3' title="bbox 62 765 1104 1045">
     <span class='ocr_line' id='line_1_3' title="bbox 63 765 1104 851; baseline 0.01 -18"><span class='ocrx_word' id='word_1_5' title='bbox 63 765 104 832; x_wconf 90' lang='grc' dir='ltr'>Μ.</span> <span class='ocrx_word' id='word_1_6' title='bbox 120 768 381 848; x_wconf 84' lang='lat' dir='ltr'><strong>ANTONIUS,</strong></span> <span class='ocrx_word' id='word_1_7' title='bbox 403 770 451 837; x_wconf 79' lang='lat' dir='ltr'>ad</span> <span class='ocrx_word' id='word_1_8' title='bbox 468 770 602 837; x_wconf 84' lang='lat' dir='ltr'>Actium</span> <span class='ocrx_word' id='word_1_9' title='bbox 624 771 720 837; x_wconf 88' lang='lat' dir='ltr'>classe</span> <span class='ocrx_word' id='word_1_10' title='bbox 742 772 855 851; x_wconf 77' lang='lat' dir='ltr'>victus,</span> <span class='ocrx_word' id='word_1_11' title='bbox 874 772 1104 843; x_wconf 82' lang='lat' dir='ltr'>Alexandriam</span> 
     </span>
     <span class='ocr_line' id='line_1_4' title="bbox 62 854 1104 949; baseline 0.01 -30"><span class='ocrx_word' id='word_1_12' title='bbox 62 854 210 943; x_wconf 76' lang='lat' dir='ltr'>profugit3</span> <span class='ocrx_word' id='word_1_13' title='bbox 235 857 442 943; x_wconf 84' lang='lat' dir='ltr'>obsessusque</span> <span class='ocrx_word' id='word_1_14' title='bbox 457 880 477 922; x_wconf 93' lang='lat' dir='ltr'>a</span> <span class='ocrx_word' id='word_1_15' title='bbox 491 858 635 936; x_wconf 77' lang='lat' dir='ltr'>Caesare,</span> <span class='ocrx_word' id='word_1_16' title='bbox 651 858 685 923; x_wconf 93' lang='lat' dir='ltr'>in</span> <span class='ocrx_word' id='word_1_17' title='bbox 703 857 816 924; x_wconf 88' lang='lat' dir='ltr'>ultima</span> <span class='ocrx_word' id='word_1_18' title='bbox 834 880 941 925; x_wconf 87' lang='lat' dir='ltr'>rerum</span> <span class='ocrx_word' id='word_1_19' title='bbox 956 860 1104 949; x_wconf 80' lang='lat' dir='ltr'>despera·</span> 
     </span>
     <span class='ocr_line' id='line_1_5' title="bbox 64 940 1103 1045; baseline 0.01 -42"><span class='ocrx_word' id='word_1_20' title='bbox 64 940 148 1041; x_wconf 76' lang='lat' dir='ltr'>tione,</span> <span class='ocrx_word' id='word_1_21' title='bbox 164 944 338 1045; x_wconf 67' lang='lat' dir='ltr'>praecipue</span> <span class='ocrx_word' id='word_1_22' title='bbox 355 944 476 1009; x_wconf 87' lang='lat' dir='ltr'>occisae</span> <span class='ocrx_word' id='word_1_23' title='bbox 492 943 679 1031; x_wconf 74' lang='lat' dir='ltr'>Cleopatrae</span> <span class='ocrx_word' id='word_1_24' title='bbox 694 944 772 1009; x_wconf 83' lang='lat' dir='ltr'>falso</span> <span class='ocrx_word' id='word_1_25' title='bbox 792 967 918 1011; x_wconf 89' lang='lat' dir='ltr'>rumore</span> <span class='ocrx_word' id='word_1_26' title='bbox 939 946 1103 1035; x_wconf 88' lang='lat' dir='ltr'>impulsus,</span> 
     </span>
    </p>
   </div>
   <div class='ocr_carea' id='block_1_4' title="bbox 64 1029 1107 1696">
    <p class='ocr_par' dir='ltr' id='par_1_4' title="bbox 64 1029 1107 1696">
     <span class='ocr_line' id='line_1_6' title="bbox 64 1029 1104 1131; baseline 0.009 -41"><span class='ocrx_word' id='word_1_27' title='bbox 64 1049 91 1090; x_wconf 88' lang='lat' dir='ltr'>se</span> <span class='ocrx_word' id='word_1_28' title='bbox 100 1051 162 1115; x_wconf 85' lang='lat' dir='ltr'>rpse</span> <span class='ocrx_word' id='word_1_29' title='bbox 173 1029 345 1095; x_wconf 78' lang='lat' dir='ltr'>interfecit.</span> <span class='ocrx_word' id='word_1_30' title='bbox 381 1031 507 1130; x_wconf 75' lang='lat' dir='ltr'>Caesar,</span> <span class='ocrx_word' id='word_1_31' title='bbox 519 1029 718 1131; x_wconf 76' lang='lat' dir='ltr'>AIexandria</span> <span class='ocrx_word' id='word_1_32' title='bbox 731 1031 766 1095; x_wconf 93' lang='lat' dir='ltr'>in</span> <span class='ocrx_word' id='word_1_33' title='bbox 777 1032 1104 1119; x_wconf 82' lang='lat' dir='ltr'>potestatemredaeta,</span> 
     </span>
     <span class='ocr_line' id='line_1_7' title="bbox 64 1112 1104 1202; baseline 0.009 -25"><span class='ocrx_word' id='word_1_34' title='bbox 64 1112 234 1202; x_wconf 77' lang='lat' dir='ltr'>Cleopatra,</span> <span class='ocrx_word' id='word_1_35' title='bbox 247 1138 289 1181; x_wconf 92' lang='lat' dir='ltr'>ne</span> <span class='ocrx_word' id='word_1_36' title='bbox 304 1117 340 1181; x_wconf 93' lang='lat' dir='ltr'>in</span> <span class='ocrx_word' id='word_1_37' title='bbox 354 1116 517 1181; x_wconf 85' lang='lat' dir='ltr'>arbrtrinm</span> <span class='ocrx_word' id='word_1_38' title='bbox 527 1128 656 1181; x_wconf 79' lang='lat' dir='ltr'>uetans</span> <span class='ocrx_word' id='word_1_39' title='bbox 665 1116 800 1195; x_wconf 82' lang='lat' dir='ltr'>reniret,</span> <span class='ocrx_word' id='word_1_40' title='bbox 810 1117 989 1183; x_wconf 82' lang='lat' dir='ltr'>voluntaris</span> <span class='ocrx_word' id='word_1_41' title='bbox 1001 1134 1104 1187; x_wconf 83' lang='lat' dir='ltr'>morte</span> 
     </span>
     <span class='ocr_line' id='line_1_8' title="bbox 64 1198 1107 1305; baseline 0.009 -44"><span class='ocrx_word' id='word_1_42' title='bbox 64 1198 215 1303; x_wconf 80' lang='lat' dir='ltr'>defuncta,</span> <span class='ocrx_word' id='word_1_43' title='bbox 229 1203 264 1267; x_wconf 91' lang='lat' dir='ltr'>in</span> <span class='ocrx_word' id='word_1_44' title='bbox 279 1204 392 1269; x_wconf 89' lang='lat' dir='ltr'>urbem</span> <span class='ocrx_word' id='word_1_45' title='bbox 406 1224 557 1303; x_wconf 71' lang='lat' dir='ltr'>reversus,</span> <span class='ocrx_word' id='word_1_46' title='bbox 574 1212 637 1267; x_wconf 90' lang='lat' dir='ltr'>tres</span> <span class='ocrx_word' id='word_1_47' title='bbox 652 1202 829 1305; x_wconf 62' lang='lat' dir='ltr'>triumpnos</span> <span class='ocrx_word' id='word_1_48' title='bbox 883 1204 927 1270; x_wconf 82' lang='lat' dir='ltr'>it:</span> <span class='ocrx_word' id='word_1_49' title='bbox 949 1226 1051 1269; x_wconf 88' lang='lat' dir='ltr'>unum</span> <span class='ocrx_word' id='word_1_50' title='bbox 1065 1226 1107 1271; x_wconf 79' lang='lat' dir='ltr'>ex</span> 
     </span>
     <span class='ocr_line' id='line_1_9' title="bbox 64 1282 1104 1474; baseline 0.008 -39"><span class='ocrx_word' id='word_1_51' title='bbox 64 1282 561 1474; x_wconf 61' lang='lat' dir='ltr'>inseruisses</span> <span class='ocrx_word' id='word_1_52' title='bbox 566 1300 907 1443; x_wconf 54' lang='lat' dir='ltr'>uenena?</span> <span class='ocrx_word' id='word_1_53' title='bbox 913 1290 1104 1443; x_wconf 59' lang='lat' dir='ltr'>sesne</span> 
     </span>
     <span class='ocr_line' id='line_1_10' title="bbox 65 1456 1105 1549; baseline 0.005 -26"><span class='ocrx_word' id='word_1_54' title='bbox 65 1456 208 1547; x_wconf 75' lang='lat' dir='ltr'>lepidus,</span> <span class='ocrx_word' id='word_1_55' title='bbox 231 1460 360 1549; x_wconf 78' lang='lat' dir='ltr'>Lepidi,</span> <span class='ocrx_word' id='word_1_56' title='bbox 383 1462 439 1548; x_wconf 87' lang='lat' dir='ltr'>qui</span> <span class='ocrx_word' id='word_1_57' title='bbox 464 1461 608 1527; x_wconf 82' lang='lat' dir='ltr'>triumvir</span> <span class='ocrx_word' id='word_1_58' title='bbox 630 1460 744 1539; x_wconf 84' lang='lat' dir='ltr'>fuerat,</span> <span class='ocrx_word' id='word_1_59' title='bbox 768 1460 862 1538; x_wconf 84' lang='lat' dir='ltr'>filius,</span> <span class='ocrx_word' id='word_1_60' title='bbox 886 1461 1105 1528; x_wconf 85' lang='lat' dir='ltr'>coniuratione</span> 
     </span>
     <span class='ocr_line' id='line_1_11' title="bbox 65 1546 1104 1635; baseline 0.008 -28"><span class='ocrx_word' id='word_1_61' title='bbox 65 1558 163 1613; x_wconf 80' lang='lat' dir='ltr'>contra</span> <span class='ocrx_word' id='word_1_62' title='bbox 173 1550 344 1616; x_wconf 86' lang='lat' dir='ltr'>Caesarem</span> <span class='ocrx_word' id='word_1_63' title='bbox 358 1548 450 1625; x_wconf 83' lang='lat' dir='ltr'>sacta,</span> <span class='ocrx_word' id='word_1_64' title='bbox 462 1547 581 1613; x_wconf 86' lang='lat' dir='ltr'>bellurn</span> <span class='ocrx_word' id='word_1_65' title='bbox 596 1546 741 1625; x_wconf 88' lang='lat' dir='ltr'>moliens,</span> <span class='ocrx_word' id='word_1_66' title='bbox 753 1570 920 1635; x_wconf 86' lang='lat' dir='ltr'>oppressus</span> <span class='ocrx_word' id='word_1_67' title='bbox 934 1559 967 1614; x_wconf 87' lang='lat' dir='ltr'>et</span> <span class='ocrx_word' id='word_1_68' title='bbox 981 1548 1104 1615; x_wconf 88' lang='lat' dir='ltr'>occisus</span> 
     </span>
     <span class='ocr_line' id='line_1_12' title="bbox 67 1644 114 1696; baseline 0.043 -2"><span class='ocrx_word' id='word_1_69' title='bbox 67 1644 114 1696; x_wconf 70' lang='lat' dir='ltr'>esi.</span> 
     </span>
    </p>
   </div>
   <div class='ocr_carea' id='block_1_5' title="bbox 477 1893 675 1961">
    <p class='ocr_par' dir='ltr' id='par_1_5' title="bbox 477 1893 675 1961">
     <span class='ocr_line' id='line_1_13' title="bbox 477 1893 675 1961; baseline -0.01 0"><span class='ocrx_word' id='word_1_70' title='bbox 477 1893 675 1961; x_wconf 89' lang='lat' dir='ltr'><strong>CXXXIV.</strong></span> 
     </span>
    </p>
   </div>
   <div class='ocr_carea' id='block_1_6' title="bbox 70 2064 1105 2500">
    <p class='ocr_par' dir='ltr' id='par_1_6' title="bbox 70 2064 1105 2500">
     <span class='ocr_line' id='line_1_14' title="bbox 71 2064 1105 2155; baseline 0.003 -27"><span class='ocrx_word' id='word_1_71' title='bbox 71 2064 256 2146; x_wconf 83' lang='lat' dir='ltr'><strong>CAESAR,</strong></span> <span class='ocrx_word' id='word_1_72' title='bbox 287 2067 381 2133; x_wconf 90' lang='lat' dir='ltr'>rebus</span> <span class='ocrx_word' id='word_1_73' title='bbox 409 2066 599 2155; x_wconf 88' lang='lat' dir='ltr'>compositis,</span> <span class='ocrx_word' id='word_1_74' title='bbox 630 2080 664 2132; x_wconf 90' lang='lat' dir='ltr'>et</span> <span class='ocrx_word' id='word_1_75' title='bbox 693 2068 842 2132; x_wconf 90' lang='lat' dir='ltr'>omnibus</span> <span class='ocrx_word' id='word_1_76' title='bbox 871 2067 1042 2155; x_wconf 82' lang='lat' dir='ltr'>provinciis</span> <span class='ocrx_word' id='word_1_77' title='bbox 1070 2068 1105 2132; x_wconf 91' lang='lat' dir='ltr'>in</span> 
     </span>
     <span class='ocr_line' id='line_1_15' title="bbox 70 2152 1104 2241; baseline 0.004 -26"><span class='ocrx_word' id='word_1_78' title='bbox 70 2164 175 2217; x_wconf 81' lang='lat' dir='ltr'>cenam</span> <span class='ocrx_word' id='word_1_79' title='bbox 196 2154 330 2219; x_wconf 83' lang='lat' dir='ltr'>sormam</span> <span class='ocrx_word' id='word_1_80' title='bbox 351 2153 495 2230; x_wconf 86' lang='lat' dir='ltr'>redactis,</span> <span class='ocrx_word' id='word_1_81' title='bbox 518 2152 684 2241; x_wconf 79' lang='lat' dir='ltr'>Augustus</span> <span class='ocrx_word' id='word_1_82' title='bbox 706 2175 836 2241; x_wconf 89' lang='lat' dir='ltr'>quoque</span> <span class='ocrx_word' id='word_1_83' title='bbox 862 2155 1104 2241; x_wconf 79' lang='lat' dir='ltr'>cognominatus</span> 
     </span>
     <span class='ocr_line' id='line_1_16' title="bbox 71 2238 1103 2327; baseline 0.005 -27"><span class='ocrx_word' id='word_1_84' title='bbox 71 2250 128 2301; x_wconf 83' lang='lat' dir='ltr'>est:</span> <span class='ocrx_word' id='word_1_85' title='bbox 151 2252 183 2304; x_wconf 88' lang='lat' dir='ltr'>et</span> <span class='ocrx_word' id='word_1_86' title='bbox 207 2240 324 2305; x_wconf 88' lang='lat' dir='ltr'>mensis</span> <span class='ocrx_word' id='word_1_87' title='bbox 352 2238 480 2303; x_wconf 83' lang='lat' dir='ltr'>Sextilis</span> <span class='ocrx_word' id='word_1_88' title='bbox 509 2240 543 2304; x_wconf 87' lang='lat' dir='ltr'>iu</span> <span class='ocrx_word' id='word_1_89' title='bbox 569 2239 722 2304; x_wconf 89' lang='lat' dir='ltr'>honorem</span> <span class='ocrx_word' id='word_1_90' title='bbox 749 2240 818 2304; x_wconf 91' lang='lat' dir='ltr'>eius</span> <span class='ocrx_word' id='word_1_91' title='bbox 844 2239 1020 2327; x_wconf 85' lang='lat' dir='ltr'>appellatus</span> <span class='ocrx_word' id='word_1_92' title='bbox 1045 2252 1103 2306; x_wconf 82' lang='lat' dir='ltr'>est.</span> 
     </span>
     <span class='ocr_line' id='line_1_17' title="bbox 74 2321 1103 2414; baseline 0.003 -27"><span class='ocrx_word' id='word_1_93' title='bbox 74 2321 173 2396; x_wconf 82' lang='lat' dir='ltr'>Quum</span> <span class='ocrx_word' id='word_1_94' title='bbox 199 2325 252 2391; x_wconf 89' lang='lat' dir='ltr'>ille</span> <span class='ocrx_word' id='word_1_95' title='bbox 278 2339 472 2391; x_wconf 84' lang='lat' dir='ltr'>conventum</span> <span class='ocrx_word' id='word_1_96' title='bbox 498 2324 650 2390; x_wconf 84' lang='lat' dir='ltr'><strong>Narbone</strong></span> <span class='ocrx_word' id='word_1_97' title='bbox 676 2338 793 2414; x_wconf 81' lang='lat' dir='ltr'>ageret,</span> <span class='ocrx_word' id='word_1_98' title='bbox 820 2348 934 2391; x_wconf 90' lang='lat' dir='ltr'>census</span> <span class='ocrx_word' id='word_1_99' title='bbox 958 2350 979 2390; x_wconf 88' lang='lat' dir='ltr'>a</span> <span class='ocrx_word' id='word_1_100' title='bbox 1003 2326 1103 2390; x_wconf 77' lang='lat' dir='ltr'>tribus</span> 
     </span>
     <span class='ocr_line' id='line_1_18' title="bbox 74 2407 1105 2500; baseline 0.004 -28"><span class='ocrx_word' id='word_1_101' title='bbox 74 2407 183 2489; x_wconf 76' lang='lat' dir='ltr'>Galliis,</span> <span class='ocrx_word' id='word_1_102' title='bbox 195 2435 276 2500; x_wconf 87' lang='lat' dir='ltr'>quas</span> <span class='ocrx_word' id='word_1_103' title='bbox 292 2413 408 2478; x_wconf 88' lang='lat' dir='ltr'>Caesar</span> <span class='ocrx_word' id='word_1_104' title='bbox 421 2425 511 2500; x_wconf 89' lang='lat' dir='ltr'>pater</span> <span class='ocrx_word' id='word_1_105' title='bbox 525 2413 652 2490; x_wconf 85' lang='lat' dir='ltr'>vicerat,</span> <span class='ocrx_word' id='word_1_106' title='bbox 668 2425 766 2478; x_wconf 86' lang='lat' dir='ltr'>actus.</span> <span class='ocrx_word' id='word_1_107' title='bbox 811 2412 941 2478; x_wconf 88' lang='lat' dir='ltr'>BeIIum</span> <span class='ocrx_word' id='word_1_108' title='bbox 954 2412 1105 2478; x_wconf 86' lang='lat' dir='ltr'>adversus</span> 
     </span>
    </p>
   </div>
   <div class='ocr_carea' id='block_1_7' title="bbox 73 2492 1104 2649">
    <p class='ocr_par' dir='ltr' id='par_1_7' title="bbox 73 2492 1104 2649">
     <span class='ocr_line' id='line_1_19' title="bbox 73 2492 1104 2648; baseline 0.017 -92"><span class='ocrx_word' id='word_1_109' title='bbox 73 2492 233 2648; x_wconf 57' lang='lat' dir='ltr'>BViim</span> <span class='ocrx_word' id='word_1_110' title='bbox 249 2510 282 2564; x_wconf 87' lang='lat' dir='ltr'>et</span> <span class='ocrx_word' id='word_1_111' title='bbox 298 2497 437 2578; x_wconf 78' lang='lat' dir='ltr'>Moesos,</span> <span class='ocrx_word' id='word_1_112' title='bbox 453 2511 487 2563; x_wconf 89' lang='lat' dir='ltr'>et</span> <span class='ocrx_word' id='word_1_113' title='bbox 506 2497 582 2564; x_wconf 87' lang='lat' dir='ltr'>alias</span> <span class='ocrx_word' id='word_1_114' title='bbox 601 2511 723 2586; x_wconf 81' lang='lat' dir='ltr'><strong>gentes,</strong></span> <span class='ocrx_word' id='word_1_115' title='bbox 739 2521 759 2563; x_wconf 88' lang='lat' dir='ltr'>a</span> <span class='ocrx_word' id='word_1_116' title='bbox 774 2499 822 2565; x_wconf 87' lang='lat' dir='ltr'>M.</span> <span class='ocrx_word' id='word_1_117' title='bbox 836 2501 950 2566; x_wconf 77' lang='lat' dir='ltr'>Crasso</span> <span class='ocrx_word' id='word_1_118' title='bbox 968 2510 1104 2584; x_wconf 67' lang='lat' dir='ltr'>gestum,</span> 
     </span>
     <span class='ocr_line' id='line_1_20' title="bbox 73 2603 197 2649; baseline 0.04 -5"><span class='ocrx_word' id='word_1_119' title='bbox 73 2603 126 2647; x_wconf 86' lang='lat' dir='ltr'>ree</span> <span class='ocrx_word' id='word_1_120' title='bbox 155 2607 197 2649; x_wconf 85' lang='lat' dir='ltr'>ur.</span> 
     </span>
    </p>
   </div>
   <div class='ocr_carea' id='block_1_8' title="bbox 75 2841 1106 3097">
    <p class='ocr_par' dir='ltr' id='par_1_8' title="bbox 75 2841 1106 3097">
     <span class='ocr_line' id='line_1_21' title="bbox 488 2841 806 2920; baseline 0.003 -12"><span class='ocrx_word' id='word_1_121' title='bbox 488 2841 668 2908; x_wconf 91' lang='lat' dir='ltr'><strong>CXXXV.</strong></span> <span class='ocrx_word' id='word_1_122' title='bbox 799 2912 806 2920; x_wconf 71' lang='grc'><strong>,</strong></span> 
     </span>
     <span class='ocr_line' id='line_1_22' title="bbox 75 3011 1106 3097; baseline 0.008 -21"><span class='ocrx_word' id='word_1_123' title='bbox 75 3011 254 3082; x_wconf 88' lang='lat' dir='ltr'><strong>BELLUM</strong></span> <span class='ocrx_word' id='word_1_124' title='bbox 268 3039 289 3082; x_wconf 86' lang='lat' dir='ltr'>a</span> <span class='ocrx_word' id='word_1_125' title='bbox 304 3016 352 3082; x_wconf 92' lang='lat' dir='ltr'>M.</span> <span class='ocrx_word' id='word_1_126' title='bbox 364 3017 477 3082; x_wconf 82' lang='lat' dir='ltr'>Crasso</span> <span class='ocrx_word' id='word_1_127' title='bbox 492 3017 642 3082; x_wconf 84' lang='lat' dir='ltr'>adversus</span> <span class='ocrx_word' id='word_1_128' title='bbox 657 3015 808 3097; x_wconf 77' lang='lat' dir='ltr'>Thracas,</span> <span class='ocrx_word' id='word_1_129' title='bbox 818 3033 852 3083; x_wconf 83' lang='lat' dir='ltr'>et</span> <span class='ocrx_word' id='word_1_130' title='bbox 866 3040 885 3083; x_wconf 88' lang='lat' dir='ltr'>a</span> <span class='ocrx_word' id='word_1_131' title='bbox 900 3019 1034 3084; x_wconf 82' lang='lat' dir='ltr'>Caesare</span> <span class='ocrx_word' id='word_1_132' title='bbox 1049 3017 1106 3083; x_wconf 85' lang='lat' dir='ltr'>ad·</span> 
     </span>
    </p>
   </div>
   <div class='ocr_carea' id='block_1_9' title="bbox 74 3101 1104 3269">
    <p class='ocr_par' dir='ltr' id='par_1_9' title="bbox 74 3101 1104 3269">
     <span class='ocr_line' id='line_1_23' title="bbox 74 3101 1104 3254; baseline 0.006 -92"><span class='ocrx_word' id='word_1_133' title='bbox 74 3121 168 3252; x_wconf 48' lang='lat' dir='ltr'>rezne</span> <span class='ocrx_word' id='word_1_134' title='bbox 184 3101 346 3254; x_wconf 52' lang='grc' dir='ltr'>ξξξεραῃοε</span> <span class='ocrx_word' id='word_1_135' title='bbox 365 3115 490 3190; x_wconf 79' lang='lat' dir='ltr'>gestum</span> <span class='ocrx_word' id='word_1_136' title='bbox 509 3104 661 3169; x_wconf 85' lang='lat' dir='ltr'>refertur:</span> <span class='ocrx_word' id='word_1_137' title='bbox 685 3116 719 3169; x_wconf 89' lang='lat' dir='ltr'>et</span> <span class='ocrx_word' id='word_1_138' title='bbox 741 3103 864 3182; x_wconf 80' lang='lat' dir='ltr'>Salassi,</span> <span class='ocrx_word' id='word_1_139' title='bbox 878 3126 958 3191; x_wconf 78' lang='lat' dir='ltr'>gens</span> <span class='ocrx_word' id='word_1_140' title='bbox 973 3103 1104 3192; x_wconf 84' lang='lat' dir='ltr'>Alpina,</span> 
     </span>
     <span class='ocr_line' id='line_1_24' title="bbox 75 3206 233 3269; baseline 0 -16"><span class='ocrx_word' id='word_1_141' title='bbox 75 3206 107 3269; x_wconf 87' lang='lat' dir='ltr'>pe</span> <span class='ocrx_word' id='word_1_142' title='bbox 141 3212 198 3254; x_wconf 77' lang='lat' dir='ltr'>onir</span> <span class='ocrx_word' id='word_1_143' title='bbox 214 3212 233 3254; x_wconf 85' lang='grc' dir='ltr'>ι.</span> 
     </span>
    </p>
   </div>
   <div class='ocr_carea' id='block_1_10' title="bbox 482 3447 681 3514">
    <p class='ocr_par' dir='ltr' id='par_1_10' title="bbox 482 3447 681 3514">
     <span class='ocr_line' id='line_1_25' title="bbox 482 3447 681 3514; baseline 0.01 -2"><span class='ocrx_word' id='word_1_144' title='bbox 482 3447 681 3514; x_wconf 92' lang='lat' dir='ltr'><strong>CXXXVI.</strong></span> 
     </span>
    </p>
   </div>
   <div class='ocr_carea' id='block_1_11' title="bbox 78 3616 1107 3860">
    <p class='ocr_par' dir='ltr' id='par_1_11' title="bbox 78 3616 1107 3860">
     <span class='ocr_line' id='line_1_26' title="bbox 79 3616 1107 3709; baseline 0.003 -27"><span class='ocrx_word' id='word_1_145' title='bbox 79 3616 238 3689; x_wconf 88' lang='lat' dir='ltr'><strong>RAETIA</strong></span> <span class='ocrx_word' id='word_1_146' title='bbox 265 3645 285 3687; x_wconf 89' lang='lat' dir='ltr'>a</span> <span class='ocrx_word' id='word_1_147' title='bbox 315 3621 366 3686; x_wconf 87' lang='lat' dir='ltr'>Ti.</span> <span class='ocrx_word' id='word_1_148' title='bbox 395 3621 526 3687; x_wconf 85' lang='lat' dir='ltr'>Nerone</span> <span class='ocrx_word' id='word_1_149' title='bbox 557 3635 591 3688; x_wconf 85' lang='lat' dir='ltr'>et</span> <span class='ocrx_word' id='word_1_150' title='bbox 619 3623 737 3700; x_wconf 83' lang='lat' dir='ltr'>Druso,</span> <span class='ocrx_word' id='word_1_151' title='bbox 769 3623 912 3688; x_wconf 87' lang='lat' dir='ltr'>Caesaris</span> <span class='ocrx_word' id='word_1_152' title='bbox 943 3622 1107 3709; x_wconf 81' lang='lat' dir='ltr'>privignis,</span> 
     </span>
     <span class='ocr_line' id='line_1_27' title="bbox 78 3704 1107 3860; baseline 0.002 -88"><span class='ocrx_word' id='word_1_153' title='bbox 78 3704 388 3860; x_wconf 44' lang='lat' dir='ltr'>‹Ioeonnffiaetffsgzigna</span> <span class='ocrx_word' id='word_1_154' title='bbox 413 3709 556 3774; x_wconf 85' lang='lat' dir='ltr'>Caesaris</span> <span class='ocrx_word' id='word_1_155' title='bbox 578 3731 687 3796; x_wconf 82' lang='lat' dir='ltr'>gener,</span> <span class='ocrx_word' id='word_1_156' title='bbox 712 3721 874 3784; x_wconf 84' lang='lat' dir='ltr'>mortuns3</span> <span class='ocrx_word' id='word_1_157' title='bbox 901 3722 934 3772; x_wconf 83' lang='lat' dir='ltr'>et</span> <span class='ocrx_word' id='word_1_158' title='bbox 957 3731 977 3773; x_wconf 91' lang='lat' dir='ltr'>a</span> <span class='ocrx_word' id='word_1_159' title='bbox 1000 3707 1107 3774; x_wconf 86' lang='lat' dir='ltr'>Druso</span> 
     </span>
    </p>
   </div>
   <div class='ocr_carea' id='block_1_12' title="bbox 476 4041 692 4108">
    <p class='ocr_par' dir='ltr' id='par_1_12' title="bbox 476 4041 692 4108">
     <span class='ocr_line' id='line_1_28' title="bbox 476 4041 692 4108; baseline 0 -1"><span class='ocrx_word' id='word_1_160' title='bbox 476 4041 692 4108; x_wconf 91' lang='lat' dir='ltr'><strong>CXXXVII.</strong></span> 
     </span>
    </p>
   </div>
   <div class='ocr_carea' id='block_1_13' title="bbox 82 4211 1126 4420">
    <p class='ocr_par' dir='ltr' id='par_1_13' title="bbox 82 4211 1126 4420">
     <span class='ocr_line' id='line_1_29' title="bbox 83 4211 1108 4296; baseline 0.002 -18"><span class='ocrx_word' id='word_1_161' title='bbox 83 4211 317 4284; x_wconf 86' lang='lat' dir='ltr'><strong>CIVITATES</strong></span> <span class='ocrx_word' id='word_1_162' title='bbox 334 4215 537 4296; x_wconf 86' lang='lat' dir='ltr'>Germaniae,</span> <span class='ocrx_word' id='word_1_163' title='bbox 557 4217 602 4283; x_wconf 87' lang='lat' dir='ltr'>cis</span> <span class='ocrx_word' id='word_1_164' title='bbox 620 4215 773 4283; x_wconf 86' lang='lat' dir='ltr'><strong>Rhenum</strong></span> <span class='ocrx_word' id='word_1_165' title='bbox 795 4229 828 4281; x_wconf 87' lang='lat' dir='ltr'>et</span> <span class='ocrx_word' id='word_1_166' title='bbox 851 4226 935 4281; x_wconf 86' lang='lat' dir='ltr'>trans</span> <span class='ocrx_word' id='word_1_167' title='bbox 956 4215 1108 4282; x_wconf 87' lang='lat' dir='ltr'><strong>Rhenum</strong></span> 
     </span>
     <span class='ocr_line' id='line_1_30' title="bbox 82 4301 1126 4420; baseline -0.005 -50"><span class='ocrx_word' id='word_1_168' title='bbox 82 4302 194 4384; x_wconf 78' lang='lat' dir='ltr'>posiae,</span> <span class='ocrx_word' id='word_1_169' title='bbox 206 4317 432 4394; x_wconf 77' lang='lat' dir='ltr'>oppugnantur</span> <span class='ocrx_word' id='word_1_170' title='bbox 446 4327 466 4368; x_wconf 90' lang='lat' dir='ltr'>a</span> <span class='ocrx_word' id='word_1_171' title='bbox 479 4301 586 4371; x_wconf 86' lang='lat' dir='ltr'>Druso</span> <span class='ocrx_word' id='word_1_172' title='bbox 594 4329 604 4382; x_wconf 91' lang='lat'>;</span> <span class='ocrx_word' id='word_1_173' title='bbox 625 4317 658 4369; x_wconf 91' lang='lat' dir='ltr'>et</span> <span class='ocrx_word' id='word_1_174' title='bbox 673 4302 839 4382; x_wconf 85' lang='lat' dir='ltr'>tumultus,</span> <span class='ocrx_word' id='word_1_175' title='bbox 850 4304 906 4390; x_wconf 92' lang='lat' dir='ltr'>qui</span> <span class='ocrx_word' id='word_1_176' title='bbox 922 4305 963 4376; x_wconf 88' lang='lat' dir='ltr'>ob</span> <span class='ocrx_word' id='word_1_177' title='bbox 978 4324 1126 4420; x_wconf 45' lang='lat' dir='ltr'>censum·</span> 
     </span>
    </p>
   </div>
   <div class='ocr_carea' id='block_1_14' title="bbox 0 0 1477 4800">
    <p class='ocr_par' dir='ltr' id='par_1_14' title="bbox 0 0 1477 4800">
     <span class='ocr_line' id='line_1_31' title="bbox 0 0 1477 4800; baseline 0 0"><span class='ocrx_word' id='word_1_178' title='bbox 0 0 1477 4800; x_wconf 95' lang='lat' dir='ltr'> </span> 
     </span>
    </p>
   </div>
  </div>
 </body>
</html>
