2934 4800
360 211 422 272 154
547 262 554 276 .
741 201 853 268 ΤΙΤΙ
883 200 1020 267 LIVII

250 353 280 404 c.
295 355 351 417 58⁴-
359 339 616 425 munitionesque
632 338 697 402 vim
711 337 825 414 facere,
843 345 853 376 ‘
861 336 1009 402 confertis
1023 349 1058 402 et
1071 337 1137 400 vim
1151 337 1341 402 facientibus
1357 359 1405 402 re·

249 419 281 470 ⁰·
297 418 371 470 ¹⁶⁸·‘
378 427 487 490 sistere
508 423 705 490 Macedonas
727 446 795 488 non
819 445 928 510 posse:
954 445 996 487 ex
1018 437 1066 488 tot
1088 423 1225 488 castellis
1246 424 1404 510 aliquanto

361 511 542 577 ‘altioribus
564 533 601 576 ac
622 510 855 587 munitioribus,
871 532 953 595 quae
967 509 1080 574 validis
1095 509 1262 596 praesidiis
1277 511 1404 574 insedis-

361 607 461 675 ‘sent
490 598 594 686 priore
623 619 708 662 anno
737 597 897 661 deiectos’
941 595 1025 660 Aliis
1053 594 1207 684 placebat,
1238 595 1404 661 Octarim

359 707 433 750 cum
448 683 545 748 classe
557 682 815 748 Thessalonicam
830 696 950 782 petere,
963 695 995 746 et
1009 681 1215 770 populatione
1232 683 1404 747 maritimae

360 793 433 835 orae
448 769 636 856 distringere
650 769 757 856 copias
775 791 893 856 regias:
919 782 963 844 ut,
979 768 1078 833 altero
1093 769 1133 832 ab
1148 783 1240 854 tergo
1255 791 1291 833 se
1307 783 1407 833 osten·

359 856 457 921 dente
471 855 566 933 bello,
582 856 790 920 circumactus
811 853 851 918 ad
871 855 1054 920 interiorem
1071 867 1195 940 partem
1208 855 1307 941 regni
1322 869 1407 920 tuen-

360 943 444 1019 dam,
460 942 580 1006 nudare
595 940 703 1028 aliqua
719 953 808 1028 parte
825 941 973 1004 transitus
988 939 1104 1027 Enipei
1119 955 1300 1027 cogeretur.
1348 941 1422 1028 lpsi:

360 1041 474 1093 natura
486 1042 520 1092 et
534 1028 681 1114 operibus
696 1026 959 1115 inexsuperabilis
973 1027 1042 1112 ripa
1056 1025 1240 1090 videbatur:
1266 1039 1311 1104 et,
1346 1051 1407 1092 rae·

360 1127 505 1200 terquam
544 1113 609 1178 nod
628 1127 786 1178 tormenta
800 1113 918 1200 ubique
937 1112 1088 1199 disposita
1106 1124 1222 1189 essent,
1240 1113 1353 1178 mim'
1376 1137 1408 1176 rs

360 1201 457 1266 enam
482 1137 596 1264 utilius
621 1212 654 1264 et
676 1199 810 1265 certiore
836 1201 903 1264 ictu
931 1197 1037 1263 hostes
1059 1199 1107 1262 nti
1132 1198 1290 1263 andierat.
1340 1199 1407 1264 Alio

360 1287 522 1374 spectabat
539 1309 629 1351 meus
644 1298 711 1350 tota
724 1285 832 1350 ducis:
857 1285 1049 1372 dimissoque
1064 1283 1197 1350 consilio
1211 1283 1408 1351 Perrhaebos

360 1386 557 1450 mercatores,
583 1371 730 1438 Coenum
757 1385 789 1436 et
815 1371 1051 1458 Menophilum,
1074 1383 1169 1436 notae
1196 1371 1265 1436 iam
1292 1372 1407 1436 sibiet

358 1459 436 1524 fidei
447 1473 481 1524 et
495 1457 684 1547 prudentiae
698 1459 854 1535 homines,
865 1458 1026 1523 arcessitos
1037 1470 1158 1522 sacrem
1172 1473 1406 1544 percunctatur,

360 1544 470 1631 quales
495 1544 536 1609 ad
559 1544 784 1609 Perrhaebiam
808 1545 957 1608 transitus
983 1545 1054 1608 sint.
1108 1542 1221 1618 Quum
1249 1543 1327 1609 loca
1350 1569 1407 1608 nou

359 1631 471 1717 iniqua
485 1653 552 1695 esse
567 1629 721 1708 dicerent,
737 1631 901 1731 praesidiis
915 1643 1021 1694 autem
1043 1629 1138 1716 regiis
1153 1629 1310 1708 obsideri,
1326 1653 1407 1718 spem

360 1719 455 1802 cepit,
470 1717 496 1780 si
510 1730 604 1782 nocte
620 1719 789 1804 improviso
804 1715 909 1781 valida
922 1738 1020 1781 manu
1035 1737 1198 1802 aggressus
1213 1719 1408 1816 necopinan-

360 1815 408 1866 tes
419 1815 510 1878 esset,
520 1800 615 1866 deiici
630 1802 787 1889 praesidia
800 1825 900 1889 posse.
947 1811 957 1842 ‘
965 1801 1072 1867 Iacula
1086 1802 1172 1865 enim
1187 1815 1222 1866 et
1236 1818 1372 1890 saguttas
1381 1820 1407 1866 er

360 1896 488 1953 ‘cetera
508 1887 638 1951 missilia
657 1889 693 1952 in
714 1889 862 1965 tenebris,
878 1888 943 1965 nbi,
982 1887 1039 1952 uid
1053 1899 1189 1976 petatur,
1205 1889 1329 1974 procul
1346 1913 1408 1976 prs·

361 1973 481 2038 ‘videri
495 1987 642 2060 nequeat,
659 1975 783 2039 inutilia
798 1997 882 2039 esse:
907 1974 939 2060 gl
984 1975 1014 2038 'o
1028 1973 1173 2039 cominus
1193 1975 1268 2061 geri
1290 1998 1361 2040 rem
1379 1977 1408 2038 in

362 2061 538 2147 ‘permixta
559 2061 660 2137 turba,
683 2083 749 2147 quo
770 2060 862 2124 miles
886 2060 1050 2124 Romanus
1064 2060 1189 2124 vincat'
1236 2059 1307 2126 His
1327 2062 1408 2127 duci-

359 2146 419 2211 bus
433 2167 556 2221 usnrus,
571 2159 748 2232 praetorem
765 2146 934 2212 Octavium
949 2147 1140 2223 arcessitum,
1156 2147 1323 2234 exposito,
1339 2147 1407 2236 quid

361 2245 494 2318 pararet,
515 2229 707 2296 Heracleum
729 2255 803 2297 curn
823 2233 919 2297 classe
939 2246 1046 2320 petere
1065 2234 1163 2323 iubet,
1186 2247 1220 2298 et
1243 2234 1339 2300 mille
1360 2235 1408 2298 ho-

203 2317 354 2394 Nurimum
362 2318 501 2382 minibus
514 2317 626 2382 decem
640 2318 764 2383 dierum
783 2333 873 2384 cocta
888 2319 1006 2384 cibaria
1026 2320 1153 2384 hahere.
1197 2317 1275 2409 Ipse
1294 2321 1335 2386 P.
1350 2321 1408 2386 Sci·

202 2397 353 2497 ffiffiss'ig
362 2406 491 2495 pionem
510 2404 669 2483 Nasicam,
688 2406 729 2482 Q,
744 2406 875 2471 Fabium
892 2406 1072 2471 Maximum
1094 2406 1195 2471 lilium
1217 2428 1320 2472 suum
1342 2414 1422 2473 cumi

203 2512 305 2587 titursd
362 2494 505 2580 quinque
521 2492 653 2557 delectis
674 2492 814 2557 millibus
829 2492 1021 2559 Heracleum
1043 2494 1150 2569 mittit,
1165 2492 1407 2559 velutclassem

204 2576 331 2638 Pyrruum.
362 2602 587 2645 conscensuros
609 2579 649 2644 ad
675 2580 864 2644 maritimam
889 2602 977 2644 oram
1004 2579 1161 2643 interioris
1185 2578 1406 2655 Macedoniae,

361 2664 1406 2839 tttlftttt¹tr⁸t¹tlttlz²hvttlttsffithtt

361 2849 544 2901 moraretur.
589 2836 670 2901 Inde
688 2838 764 2902 iussi
780 2838 876 2903 duces
897 2837 1019 2903 itineris
1041 2838 1086 2901 ita
1105 2836 1246 2902 dividere
1261 2840 1363 2916 viam,
1378 2854 1406 2902 ut

361 2935 474 3008 quarta
498 2922 605 3021 vigilia
630 2924 724 2987 tertio
750 2924 802 2989 die
827 2924 980 3012 Pythium
1006 2923 1121 2989 adoriri
1145 2936 1281 3011 possent
1340 2924 1440 3013 Ipsesl

360 3022 488 3093 postero
513 3007 576 3085 dre,
602 3022 639 3073 ut
663 3007 822 3075 detineret
846 3033 952 3097 regem
981 3010 1021 3075 ab
1044 3010 1275 3096 circumspectu
1302 3034 1405 3077 rerum

360 3092 502 3171 aliarum,
520 3095 623 3181 prima
643 3094 714 3160 lnce
737 3096 843 3161 medio
865 3098 900 3160 in
920 3095 1008 3161 alveo
1028 3118 1101 3161 cum
1124 3096 1316 3161 stationibus
1341 3098 1407 3163 hos·
1439 3104 1440 3181 ξ

204 3179 338 3256 mitris
361 3180 443 3244 tium
464 3179 620 3266 proelium
636 3182 812 3247 commisit:
836 3195 1076 3270 pugnatumque
1094 3182 1254 3269 utrimque
1274 3197 1328 3247 est
1350 3183 1405 3249 leri

203 3244 274 3369 ᾖξ’)
286 3244 344 3293 Em·
361 3278 536 3343 armatura3
565 3288 626 3331 nec
650 3268 846 3354 gravioribus
868 3268 962 3333 armis
987 3268 1021 3332 in
1045 3282 1110 3333 tam
1136 3268 1207 3332 inae
1230 3268 1294 3333 uali
1321 3270 1407 3335 alveo
1439 3328 1440 3331 ,

360 3352 495 3439 pugnari
510 3366 641 3440 poterat.
674 3354 857 3419 Descensus
871 3356 957 3442 ripae
973 3355 1138 3442 utriusque
1152 3354 1187 3418 in
1201 3290 1333 3420 silveum
1350 3372 1406 3421 tre·

360 3451 526 3505 centorum
545 3439 644 3504 ferme
666 3463 815 3528 passuum
830 3454 914 3506 erat:
939 3440 1080 3506 medium
1096 3440 1231 3528 spatium
1247 3444 1405 3518 torrentis,
1439 3446 1440 3507 l

360 3524 435 3590 alibi
454 3525 546 3591 aliter
567 3527 678 3604 cavati,
697 3527 804 3615 paullo
825 3528 1008 3615 plusquam
1030 3526 1117 3591 mille
1138 3548 1247 3614 passus
1268 3530 1403 3614 patebat
1439 3526 1440 3611 l

360 3610 411 3676 Ibi
436 3613 471 3676 in
496 3612 613 3690 medio,
637 3614 852 3699 spectantibus
876 3614 1036 3701 utrimque
1061 3635 1103 3678 ex
1127 3612 1209 3677 vallo
1233 3625 1405 3681 castrorum
1439 3616 1440 3691 l

360 3695 436 3762 hinc
450 3720 536 3785 rege,
550 3698 627 3763 hinc
642 3700 771 3765 consule
787 3722 860 3765 cum
875 3700 940 3765 suis
953 3699 1141 3787 legionibus,
1157 3712 1338 3788 pugnatum
1354 3716 1403 3767 est
1439 3728 1440 3777 3

202 353 239 403 U.

201 418 233 468 Α.

361 3885 499 3936 intimamus
519 3888 619 3939 Livium
641 3892 723 4002 potins
747 3892 869 3955 scripsisse
901 3894 986 3954 raum]
1006 3894 1105 3956 Nempe
1120 3893 1140 3942 is
1154 3894 1287 3957 adoptatus
1300 3895 1403 3945 sumata
1439 3912 1440 3921 ¹

361 3954 496 4001 minoribus
521 3959 592 4001 nara.

362 4014 425 4064 illud
447 4016 576 4065 consilium
598 4016 725 4068 faciendae
747 4020 793 4068 sibi
816 4020 869 4069 riae
902 4022 970 4069 mina
996 4022 1072 4084 patris
1098 4022 1136 4069 sni
1162 4022 1272 4085 adoptivi
1302 4026 1403 4085 geoebat

362 4094 408 4140 per
438 4080 516 4142 ripam
550 4080 641 4142 Enipei
673 4083 869 4146 munitionesque
902 4085 983 4134 Cass.

361 4142 439 4218 magis
449 4145 513 4207 sapit
523 4144 655 4193 iuvenilem
667 4148 787 4206 ardorem,
795 4162 869 4210 quarn
934 4150 1096 4213 9Pythium]
1126 4146 1261 4211 Templum
1284 4149 1403 4213 Apollinis
1439 4162 1440 4177 ³

360 4207 463 4254 renrlem
475 4207 638 4269 prudentiam.
656 4210 737 4259 Gaas.
903 4212 1027 4274 Pythii,et
1034 4213 1162 4262 castellum
1169 4212 1195 4261 in
1202 4228 1298 4261 summo
1306 4210 1402 4276 Olympi

395 4272 492 4331 rlprr']
512 4272 627 4320 Aemilio.
900 4275 1084 4339 iugopositum.
1112 4276 1171 4325 Vid.
1182 4277 1401 4327 PlutinAemilio.
1439 4298 1440 4309 π

396 4333 412 4379 8
436 4335 465 4392 Q.
488 4336 595 4381 Fabium
622 4338 763 4385 Maaeimum
784 4338 869 4398 filium
902 4340 982 4389 esav.

663 3957 775 4005 erridum
803 3957 869 4005 enim
903 3958 936 4013 Q„
955 3957 1032 4006 Fabio
1052 3958 1173 4017 Maximo,
1191 3964 1266 4020 atque
1285 3960 1351 4008 adeo
1371 3974 1403 4009 ro
1439 3962 1440 3965 ’
