2934 4800
193 338 227 388 U.
238 339 267 388 0.
284 339 338 401 581.

192 405 223 453 Δ.
240 405 270 454 C.
288 417 340 465 ¹7¹·

241 850 293 912 58.

196 1021 297 1070 Perseus

196 1085 330 1147 equitatum

196 1163 292 1198 omnem
303 1151 335 1199 ad

196 1221 273 1262 cntra
283 1214 336 1262 lios·

342 188 383 248 88
729 181 841 248 ΤΙΤΙ
868 181 1003 248 LIVlI

347 321 523 408 apparebat.
559 321 669 396 Quum
685 319 823 385 Romani
837 320 1007 406 quiessent,
1023 318 1209 386 stationibus
1222 318 1330 384 etiam
1347 316 1394 380 in·

349 422 397 472 tra
410 406 526 472 vallum
543 406 690 484 reductis,
705 407 785 494 regii
799 429 927 494 quoque
948 406 982 470 in
1000 419 1100 471 castra
1115 406 1266 486 ‚redeunt
1320 402 1394 468 Hoe

348 516 406 581 per
424 492 545 581 aliquot
563 494 631 559 dies
650 494 803 572 feeemnt,
819 506 980 581 sperantes
995 492 1072 570 fore,
1088 505 1124 556 ut
1140 491 1283 557 Romani
1301 491 1395 576 equi·

348 594 396 645 tes
420 581 605 646 abeuntium
631 581 836 646 novissimum
861 597 976 667 agmen
1001 579 1257 666 aggrederentur.
1312 575 1394 642 Inde

348 667 518 732 certamine
544 683 622 745 orto,
644 690 745 754 quum
773 666 897 753 longius
927 691 946 732 a
973 665 1081 731 castris
1109 688 1164 730 eos
1191 664 1394 738 euenissent,

349 753 450 831 facile,
465 754 574 819 ubiubi
589 767 703 832 essent,
718 777 762 832 se,
778 753 832 841 qui
847 753 991 904 equitatu
1008 765 1041 816 et
1058 751 1119 853 levi
1137 765 1302 818 armatura
1326 750 1396 837 plns

349 854 485 928 possent,
500 863 703 934 conuersuros
716 841 826 906 aciem.
900 853 1043 926 ostquam
1057 851 1221 926 inceptum
1236 861 1310 904 non
1326 860 1396 902 suc·

349 927 491 1004 cedebat,
513 943 614 992 casua
633 928 764 1015 propius
788 926 911 992 hostem
937 925 1035 991 movit
1057 948 1123 1002 rex,
1147 938 1180 990 et
1202 948 1223 989 a
1244 926 1396 1012 quinque

350 1013 489 1078 millibus
501 1035 649 1101 pamuum
663 1013 860 1080 communiit.
905 1011 996 1090 Inde,
1011 1011 1082 1077 luce
1097 1012 1199 1099 prima
1213 1011 1249 1076 in
1264 1011 1395 1086 eodem,

349 1123 414 1187 quo
428 1099 557 1178 solebat,
571 1101 641 1166 loco
653 1100 799 1188 peditum
813 1099 880 1164 acie
895 1099 1056 1176 instructa,
1068 1122 1085 1163 e
1110 1099 1245 1163 uitatum
1260 1115 1414 1162 omnem:

351 1186 515 1274 levemque
538 1200 726 1252 armaturam
748 1187 789 1252 ad
812 1199 911 1252 castra
933 1185 1071 1251 hostium
1087 1122 1191 1250 (ducit.
1238 1183 1345 1250 Visus
1366 1199 1396 1248 et

195 1279 257 1326 tium
267 1279 342 1329 ducit
349 1273 503 1361 plurimus
525 1287 558 1338 et
578 1275 706 1361 propior
725 1273 818 1338 solito
837 1271 940 1374 pulvis
957 1271 1200 1359 trepidationem
1223 1270 1260 1336 in
1284 1270 1396 1336 castris

351 1346 505 1425 Romanis
525 1361 609 1426 fecit.
655 1360 699 1425 Et
700 1361 813 1511 primo
827 1382 881 1424 vix
894 1358 1049 1424 creditum
1064 1357 1225 1423 nuntianti
1240 1371 1304 1436 est,
1321 1358 1396 1444 quia

237 1488 241 1494 ·
347 1448 503 1596 prioribus
522 1448 681 1512 continuis
723 1447 812 1513 iebus
833 1467 997 1532 nunquam
1019 1458 1092 1510 ante
1114 1444 1224 1509 horam
1243 1459 1395 1531 quartam

372 1535 448 1598 ostia
461 1547 655 1622 apparuerat
701 1534 788 1599 Tum
801 1532 875 1598 solis
889 1545 1064 1598 omiserat
1109 1529 1238 1596 Deinde
1259 1545 1302 1595 ut
1325 1530 1396 1618 plu-

349 1620 431 1684 rium
453 1621 588 1685 elamore
607 1635 641 1685 et
660 1642 754 1684 cursu
775 1643 794 1684 a
857 1618 913 1683 rtis
932 1617 1087 1683 dubitatio
1101 1631 1251 1704 exempta
1264 1631 1331 1695 est,
1348 1631 1395 1681 tu·

349 1705 468 1770 multus
489 1708 600 1793 ingens
621 1706 770 1771 oboritur.
814 1641 961 1783 lituum,
976 1705 1199 1792 praefectique,
1221 1717 1257 1769 et
1278 1719 1395 1769 eentu-

350 1793 455 1856 riones
475 1793 510 1856 in
606 1793 731 1869 tarium,
754 1791 844 1856 miles
867 1791 909 1856 ad
931 1815 988 1856 sua
1008 1791 1142 1878 quisque
1165 1790 1309 1856 tentoria
1332 1791 1394 1855 dis-

349 1879 455 1942 currit
551 1901 648 1965 nusq
672 1879 678 1893 '
745 1890 816 1942 ntos
836 1900 944 1965 passus
966 1877 1083 1943 avallo
1104 1877 1301 1942 instruxerat
1316 1875 1395 1942 Per·

349 1987 422 2029 sens
435 1987 507 2030 suos
520 1966 604 2030 circa
617 1979 685 2030 tum
719 1987 891 2052 umquem
908 1964 1097 2030 Callicinum
1111 1977 1232 2028 vocant.
1279 1963 1394 2029 Laevo

346 2073 447 2116 eomu
464 2053 564 2139 Cotys
579 2074 637 2116 rex
657 2065 801 2139 praeerat
814 2073 888 2116 cum
903 2052 1048 2117 omnibus
1062 2073 1136 2115 suae
1150 2051 1272 2136 gentis:
1299 2053 1394 2138 equi-

349 2151 417 2202 tum
441 2138 567 2203 ordines
588 2138 666 2203 levis
690 2151 847 2203 armatura
871 2138 1055 2225 interposita
1078 2136 1305 2222 distinguebat.
1357 2137 1394 2202 In

347 2224 462 2289 dextro
481 2247 581 2290 cornu
595 2224 790 2290 Macedones
811 2236 901 2289 erant
922 2225 1061 2310 equites:
1084 2223 1260 2288 intermixti
1275 2225 1393 2289 mrm'u

349 2333 458 2375 eorum
489 2310 667 2378 Cretenses.
724 2311 812 2376 Huic
839 2323 1014 2376 armaturae
1044 2308 1168 2396 Medon
1197 2309 1411 2387 Bemeaenso

348 2399 509 2485 equitibus
523 2413 557 2464 et
569 2422 710 2464 mmmae
731 2397 828 2487 partis
850 2397 918 2464 eius
938 2396 1038 2463 Meno
1053 2396 1283 2485 Antigonensis
1297 2406 1393 2485 praei

348 2501 423 2550 erat
469 2486 611 2551 Proximi
630 2486 778 2551 cornibus
798 2484 1003 2550 constiterant
1016 2484 1095 2572 regii
1151 2484 1241 2561 uites,
1257 2498 1291 2550 et
1307 2487 1409 2551 mix-1

348 2586 416 2637 tum
442 2595 552 2659 genus,
577 2572 701 2637 delecta
724 2571 863 2659 plurium
890 2572 1034 2659 gentium
1049 2592 1100 2635 'au
1124 2571 1195 2635 'iaz
1225 2570 1392 2637 Patmelm

349 2660 578 2758 Antigonensis
602 2660 655 2724 hic
678 2658 836 2724 Paeoniae
858 2657 1033 2745 praefectus
1056 2657 1158 2723 Didas
1182 2670 1275 2723 erant
1296 2680 1409 2745 prae-2

346 2746 451 2829 positu
496 2745 626 2809 Medius
641 2745 784 2810 omnium
797 2758 953 2809 rexerat:
977 2744 1060 2809 circa
1074 2765 1283 2831 eum-agema,
1299 2744 1409 2832 quod:

348 2844 470 2907 vocant,
493 2832 700 2980 equitumque
724 2854 830 2896 sacrae
855 2830 931 2896 alae.
977 2830 1065 2896 Ante
1088 2853 1122 2895 se
1145 2830 1256 2895 statuit
1280 2831 1410 2899 fundi-4

349 2929 431 2981 tores
445 2918 516 2981 iacu
527 2931 710 3003 storeaque:
734 2916 1038 3005 quadringentorum
1053 2940 1163 2981 manus
1177 2930 1314 3004 utraque
1331 2943 1392 2983 nu·

346 3024 469 3066 merum
491 3003 647 3104 explebat.
692 3003 805 3068 Ionem
827 3004 1141 3069 Thessalonicensem
1162 3016 1196 3069 et
1214 3003 1392 3070 Timanora

347 3088 508 3175 Dolopem
532 3091 571 3154 ris
598 3090 757 3177 praefecit.
810 3091 862 3155 Sic
887 3090 966 3175 regii
983 3091 1205 3173 (constiterant.
1253 3088 1390 3169 Conffll,

346 3175 430 3240 intra
442 3174 559 3240 vallum
580 3176 723 3263 peditum
739 3177 805 3241 acie
821 3178 982 3255 instructa,
997 3192 1030 3241 et
1045 3177 1111 3264 ipse
1126 3177 1306 3263 equitatum
1320 3202 1391 3243 om·

346 3284 421 3326 nem
444 3284 517 3327 cum
542 3260 604 3327 levi
629 3276 786 3327 moratura
808 3264 912 3327 misit:
944 3286 1002 3351 pro
1026 3264 1109 3329 vallo
1132 3263 1279 3329 instructi
1301 3279 1388 3330 sunt

346 3347 470 3413 Dextro
485 3372 585 3414 cornu
597 3372 673 3451 prae
732 3350 793 3414 'tus
810 3349 849 3415 C.
860 3348 1003 3415 Licinius
1018 3352 1158 3427 Crmsus,
1173 3350 1313 3415 consulis
1327 3352 1392 3417 fra·

344 3450 401 3513 ter,
424 3458 498 3501 cum
520 3458 607 3501 omni
632 3435 650 3500 Ι
693 3436 743 3499 ico
766 3436 921 3523 equitatu,
944 3435 1092 3502 velitibus
1113 3437 1322 3503 intermixtis:
1348 3440 1392 3503 si·

376 3640 434 3689 8Ε
469 3644 474 3655 “
566 3642 672 3699 omnem]
695 3637 737 3687 De
753 3638 799 3687 bac
816 3637 848 3685 vi·
881 3638 974 3686 locatos
983 3638 1131 3689 lirimeintar
1141 3639 1387 3689 oomuaetmediam

345 3705 420 3752 storia
466 3706 602 3758 acedonum
622 3703 771 3751 mentionem
790 3703 848 3750 tacit
881 3700 968 3759 aciem,
978 3702 1004 3751 in
1015 3718 1063 3765 qua
1073 3719 1116 3751 rex
1127 3708 1186 3753 erat.
1204 3704 1288 3753 Cast.

345 3767 463 3829 Polybius
471 3768 498 3815 in
509 3767 625 3830 Excerpt
638 3766 753 3816 vatican.
763 3765 847 3814 xxiiii.
913 3768 1117 3829 exsuperasset:
1135 3766 1187 3829 blo]
1215 3770 1266 3816 Hi:
1285 3783 1329 3831 pro
1348 3770 1388 3818 bie

347 3844 367 3878 ι,
878 3836 979 3879 auctore
1000 3832 1124 3879 Gronorio
1146 3838 1310 3893 reponerent
1329 3833 1386 3883 ere

374 3908 391 3958 9
406 3893 476 3943 Halo
485 3897 638 3954 murae]
657 3895 730 3953 Milo,
740 3893 846 3943 sireMi-
880 3893 936 3943 rier.
948 3899 974 3943 st
984 3894 1090 3944 Beklrer.
1156 3904 1164 3914 “

343 3960 401 4018 don,
422 3958 457 4007 sic
478 3958 545 4005 enim
566 3958 625 4006 olim
651 3958 692 4006 hic
714 3959 847 4020 legebatur,
911 3954 1384 4022 3A9erno18ievocavit1iriuasnpr.

338 4028 453 4083 praeerat
468 4021 516 4070 levi
531 4028 668 4069 armaturae
683 4022 845 4072 cretensium
878 4022 970 4071 xxxiii.
977 4038 1016 4083 40.
1024 4022 1090 4071 alam
1098 4022 1167 4072 mille
1176 4022 1303 4085 equitnm:
1321 4040 1383 4086 supr.

343 4084 474 4146 Equitrbua
490 4091 599 4147 praeerat
610 4086 686 4133 Meno
697 4085 845 4159 Antigonen·
879 4100 917 4148 5¹·
939 4088 1075 4148 pedestrem
1102 4100 1212 4147 manum,
1238 4096 1383 4137 cetratorum

275 4144 279 4151 '
341 4149 381 4206 ais,
399 4154 424 4196 et
444 4150 543 4209 iamper
560 4162 681 4196 summam
702 4149 797 4211 impenr
819 4149 843 4197 in
877 4164 966 4211 nempe
982 4150 1110 4212 legionem.
1142 4152 1234 4200 Siridae
1246 4168 1333 4215 apsaro
1349 4159 1384 4201 est

338 4212 388 4260 hac
405 4218 482 4273 parte,
500 4212 526 4259 id
544 4220 590 4273 est,
610 4212 635 4260 lu
653 4212 740 4260 dextro
762 4228 844 4273 comu,
876 4228 963 4276 agmen
982 4215 1129 4263 antemna
1145 4229 1271 4278 ragem,=e
1289 4217 1384 4266 aelsedr

341 4276 453 4323 habebat.
470 4276 550 4325 cuv.
876 4278 998 4339 equitibus
1008 4284 1034 4327 et
1045 4278 1173 4341 peditibus.
1190 4280 1274 4329 cm.

375 4354 384 4387 r
404 4340 514 4388 Praeimi
525 4338 648 4419 ombus]
673 4339 789 4400 Intellige
800 4341 844 4387 hos
908 4358 924 4399 4
939 4344 1028 4391 Sacrae
1039 4342 1105 4406 ulca]
1124 4344 1154 4391 ef.
1168 4344 1228 4393 Infr.
1241 4342 1282 4393 66.
