2934 4800
342 217 440 284 LIB.
464 218 593 286 xant
623 219 736 286 CAP.
763 226 813 286 18.
1055 227 1115 290 117

17 349 138 436 ipsos
153 352 265 452 plena
312 353 366 420 Ob
380 378 463 442 quae
478 355 640 422 obsidibus
653 355 832 444 postulatis,
842 377 948 443 neque
963 357 1053 422 exitu
1068 359 1113 422 rei
1124 373 1158 426 U.
1170 375 1199 427 c.
1215 378 1271 440 583·

17 435 221 589 impqslirito,
236 440 272 590 irlr
287 439 502 592 Actpsrnpniam
516 442 853 594 indefefffoefitlegfii·
867 454 950 508 sunt
996 442 1113 596 Thytreii
1122 440 1153 490 Α·
1170 441 1201 491 0·
1218 440 1271 504 Ῑ69·

17 545 133 590 conc
176 549 234 590 um
420 550 573 594 carnanes
656 551 760 594 erun.
845 552 856 592 1
901 551 922 593 u
967 551 1007 594 ue
1028 553 1064 594 ιη
1097 552 1114 596 r

17 609 215 677 factiones
228 549 481 679 eritgncertamen.
530 614 671 689 Quidam
690 615 793 702 princi
818 551 1060 702 umqusiulara
1076 627 1114 680 ut

17 698 221 782 praesidia
246 699 282 762 in
302 701 397 766 urbes
419 723 492 765 suas
515 700 745 766 inducerentur
767 639 916 767 adversus
941 703 1113 768 amentiam

20 805 184 861 eorum,
220 785 254 849 ui
268 785 310 849 ad
325 785 520 852 Macedonas
530 802 659 874 gentem
670 787 851 854 trahebant:
875 811 947 888 pars
957 809 1111 866 recusare,

22 891 103 946 ne,
123 893 176 956 qu
237 871 322 936 bello
342 873 442 959 captis
461 887 495 937 et
513 872 656 939 hostibus
675 896 744 938 mos
763 887 854 952 esset,
875 875 911 940 1d
930 887 1058 962 pacatae
1078 887 1113 940 ct

23 957 166 1021 sociae
193 957 337 1057 civitates
357 959 555 1058 ignominiae
580 961 770 1026 accirent
816 960 904 1026 Iusta
931 961 1112 1048 deprecatio

25 1041 149 1193 ert
164 1065 254 1194 aa
270 1044 1050 1233 metriasmotiauma
1064 1069 1114 1198 a

29 1238 144 1280 cum.
193 1215 367 1302 Popillium
391 1239 467 1282 eum
494 1217 582 1282 rmlle
610 1219 710 1284 ferme
740 1219 901 1298 militibus,
919 1219 954 1283 in
979 1218 1114 1285 hiberna

33 1301 271 1366 Ambraciam
284 1303 379 1368 misit.

96 1387 253 1466 Perseus,
267 1389 425 1477 principio
439 1389 555 1455 hiemis
567 1390 678 1478 egredi
693 1391 905 1458 Macedoniae
916 1391 1033 1458 finibus
1048 1413 1114 1458 non
1173 1393 1223 1456 18.

37 1496 168 1552 aursus,
179 1497 226 1544 ne
241 1475 353 1562 quain
367 1498 502 1565 regnum
517 1499 652 1542 vacuum
666 1478 765 1542 irrurn
807 1492 880 1544 rent
894 1478 1043 1557 Romani,
1055 1478 1114 1543 sub
1123 1475 1206 1551 Persai
1217 1493 1259 1528 0¹·

38 1573 193 1648 tempus
205 1563 347 1640 brumae,
362 1585 463 1664 quum
473 1562 744 1650 inexsuperabiles
757 1587 777 1629 a
812 1564 977 1630 Thessalia
991 1577 1115 1630 montes
1123 1541 1262 1669 iffi&

41 1647 145 1712 nivis
164 1647 302 1714 altitudo
315 1649 401 1727 facit,
416 1649 615 1715 occasionem
635 1671 703 1715 esse
722 1663 809 1716 ratus
830 1651 998 1739 frangendi
1017 1651 1116 1716 finiti·

43 1755 191 1885 lffi
211 1735 853 1900 “Pilaiffiffiulfil'dliliae
865 1737 1116 1890 imiimi

47 1906 167 1994 Epiro
185 1867 195 1897 ’
214 1907 347 1995 ephalus
365 1845 726 1996 repentinaidefectione
746 1910 786 1975 ab
802 1846 961 1984 ,dirimis
978 1837 1116 1997 pffiita·

48 2007 145 2071 rent,
170 1992 339 2059 Dardanos
360 2017 472 2060 recens
492 1996 667 2060 domuisset
688 1995 818 2074 bellum,
841 1996 944 2061 solum
965 1996 1117 2062 infestum

50 2101 131 2144 esse
154 2079 368 2146 Macedoniae
387 2080 478 2159 latus,
499 2080 587 2168 quod
609 2082 650 2148 ab
669 2080 798 2170 Illyrico
820 2095 952 2170 pateret,
972 2105 1115 2160 cernens,

21 2185 43 2234 8
53 2188 80 2230 n
128 2189 172 2231 ue
182 2166 259 2252 ipsis
270 2167 387 2254 quietis
398 2167 524 2256 Illyriis,
535 2181 568 2233 et
579 2167 702 2233 aditum
713 2169 939 2255 praebentibus
951 2168 1115 2247 Romanis,

55 2252 85 2316 si
126 2252 281 2318 omrrisset
297 2255 459 2353 proximos
473 2253 666 2342 Illyriorum,
684 2253 841 2320 Gentium
859 2277 988 2343 quoque
1008 2277 1117 2344 regem

54 2339 125 2403 iam
150 2338 212 2404 diu
235 2337 370 2405 dubium
394 2340 429 2406 in
451 2341 635 2407 societatem
656 2339 764 2428 pellici
785 2363 887 2429 posse,
909 2364 982 2408 cum
1005 2342 1117 2408 decem

56 2424 206 2491 millibus
262 2426 375 2506 ditum,
388 2450 525 2514 quorum
538 2450 612 2515 pars
621 2426 824 2528 phalangitae
836 2443 936 2506 erant,
948 2441 982 2493 et
993 2427 1117 2493 duobus

58 2511 206 2577 millibus
231 2514 337 2578 evium
352 2536 522 2590 armorum,
532 2527 566 2579 et
579 2514 764 2602 qulngentis
775 2516 936 2615 equitibus
947 2514 1117 2601 profectus,

60 2597 237 2665 Stuberam
250 2600 348 2665 venit.
393 2599 475 2665 Inde
488 2600 649 2666 frumento
664 2600 876 2687 complurium
892 2600 1017 2665 diemm
1032 2622 1118 2665 sum-

82 2698 129 2764 to,
142 2686 294 2771 iussoque
309 2700 462 2774 apparatu
471 2687 759 2787 oppugnandarum
768 2686 894 2751 urbium
910 2687 1009 2774 sequi,
1023 2688 1118 2753 tertio

34 2708 117 2842 odie
135 2772 180 2837 ad
198 2771 358 2837 Uscanam
378 2773 604 2861 (Penestianae
625 2787 727 2838 terrae
747 2796 788 2838 ea
804 2773 943 2839 maxima
960 2774 1034 2839 urbs
1054 2773 1118 2861 est)

61 2858 173 2945 posuit
191 2871 311 2923 castra:
334 2860 422 2947 prius
444 2873 561 2938 tamen,
583 2883 680 2947 quam
701 2860 767 2926 vim
789 2860 982 2938 admoveret,
1005 2862 1116 2941 missis,

62 2945 122 3031 qui
136 2956 301 3009 tentarent
319 2967 406 3011 nunc
419 2947 651 3033 praefectorum
665 2946 824 3034 praesidii,
840 2969 927 3012 nunc
936 2947 1119 3098 fippidano·

63 3052 137 3095 rum
163 3030 296 3097 animos.
342 3031 420 3098 Erat
442 3046 551 3098 autem
576 3033 621 3098 ibi
646 3056 720 3099 cum
746 3034 911 3099 iuventute
998 3035 1117 3099 riorum

65 3116 252 3182 Romanum
272 3117 472 3206 praesidium
518 3118 692 3206 Postquam
708 3119 790 3184 nihil
807 3120 911 3207 pacati
929 3058 1117 3199 reiirebant,

65 3226 86 3267 o
107 3226 252 3291 pugnare
271 3216 321 3269 est
341 3204 480 3283 adortus,
498 3217 532 3270 et
549 3228 667 3271 corona
684 3228 756 3271 eam
776 3228 888 3294 capere
907 3220 1040 3272 conatus
1059 3220 1116 3271 est.

103 3313 182 3354 uum
196 3289 265 3355 sine
279 3291 511 3357 intermissione
526 3292 668 3358 interdiu
681 3305 779 3358 noctu
803 3316 844 3357 ue
859 3292 913 3357 alii
927 3293 995 3358 aliis
1010 3315 1119 3358 succe·

47 3374 190 3454 ndentes,
201 3400 275 3463 pars
284 3377 383 3443 scalas
398 3378 506 3456 muris,
518 3377 626 3465 ignem
636 3380 736 3468 portis
745 3316 909 3456 inierrent,
921 3380 1119 3445 sustinebant

67 3475 176 3527 tamen
201 3486 273 3528 eam
295 3477 516 3551 tempestatem
541 3479 791 3553 propugnatores
814 3464 919 3541 urbis3
950 3466 1026 3565 quia
1047 3486 1119 3551 spes

67 3563 143 3628 erat,
164 3572 272 3637 neque
291 3549 407 3616 hiemis
425 3551 491 3616 vim
510 3550 632 3617 diutius
650 3552 718 3639 pati
741 3550 937 3615 Macedonas
956 3573 991 3614 rn
1009 3564 1119 3637 aperto

102 3800 116 3850 7
134 3791 232 3851 wip-it]
250 3790 351 3839 Nomen
367 3790 441 3840 buius
456 3790 523 3841 urbis
537 3807 578 3841 ra·
611 3791 716 3852 videtin,
737 3806 813 3853 quum
835 3806 900 3854 supr.
922 3804 959 3842 10.
978 3792 1067 3843 matra
1088 3795 1120 3842 ab

69 3852 104 3902 rie
130 3854 251 3913 scribitur,
276 3857 420 3916 mamm,
448 3858 579 3918 ibernam,
611 3855 994 3919 Appioclaudiotontatalnisse
1002 3864 1120 3907 narratur.

72 3919 200 3977 nariam,
207 3919 335 3981 styriam.
352 3919 579 3983 etesnaoaogr.
646 3936 657 3969 1
675 3922 743 3969 Para
752 3921 832 3969 scalas
841 3924 927 3981 muris,
936 3924 1017 3983 iprum
1027 3924 1118 3985 portis]

71 3982 128 4031 Ant.
138 3982 164 4031 ii.
178 3996 216 4043 13.
233 3983 315 4032 cmv.
611 3984 692 4047 Magis
707 3985 815 4048 placeret
829 3999 884 4034 cum
897 3987 983 4035 eodem
996 3986 1122 4035 Gronovio

101 4048 117 4094 8
132 4048 235 4094 eduum
253 4047 428 4109 praebentibus
445 4048 576 4110 Romanis]
611 4050 705 4111 legere:
722 4050 802 4098 scalas
812 4051 898 4109 muria,
906 4052 1055 4113 porrigerem
1064 4066 1121 4111 ρον-

72 4110 156 4166 Quum
168 4110 249 4173 Illyrii
265 4113 410 4173 praeberent
420 4112 516 4160 aditum
528 4113 579 4160 Ro
602 4116 642 4175 ¹tis
652 4115 782 4174 inferrent.
817 4114 848 4161 In
862 4114 941 4176 priore
952 4114 1017 4161 enim
1031 4113 1121 4175 potius,

72 4173 156 4222 manis.
188 4174 270 4238 Magis
286 4176 394 4237 placeret
405 4177 471 4237 qnod
484 4176 579 4225 Grono-
612 4192 687 4239 quam
699 4177 725 4224 in
734 4178 869 4251 posteriore
879 4178 998 4236 membro,
1008 4177 1121 4225 omittere

73 4238 124 4285 rius
133 4238 240 4297 subiicit,
250 4242 368 4289 Romano.
385 4242 466 4289 Gaas.
613 4242 676 4289 solet
685 4240 771 4288 Livius
782 4256 867 4289 vocem
879 4254 927 4301 qua
941 4240 1039 4301 partitio
1050 4238 1121 4299 sigtri-

102 4317 118 4363 9
130 4304 172 4349 Ad
185 4304 319 4364 Uscanam]
341 4304 408 4354 Urbs
418 4304 480 4354 haec
495 4302 521 4351 iu
538 4318 582 4365 po·
614 4305 709 4353 ficetur.
744 4306 825 4365 Vr'rpr'a
836 4306 913 4361 caedi,
923 4304 968 4351 alil
977 4305 1057 4353 weard
1067 4302 1121 4350 aab·

73 4370 184 4414 testatem
204 4366 373 4417 Romanortun
390 4383 470 4430 nuper
489 4367 582 4419 ianime
615 4370 665 4428 liei,
675 4382 741 4429 supr.
752 4367 786 4416 iii.
799 4378 838 4428 37.
855 4367 936 4417 Cnav.
