2934 4800
1123 15 1442 22 ———

438 237 765 308 KREYSSIGII.
1064 248 1127 310 361

60 399 198 489 legitur.
213 401 320 466 -uti
350 401 530 490 rogassent]
565 407 612 467 ati
642 413 768 490 rapotae
798 401 1128 490 nant-eumdem]

59 506 206 568 ennam
222 525 353 569 —cum
372 504 494 592 populo
518 503 797 594 Karthaginiensi]
824 529 892 570 cam
908 506 1024 592 populo
1050 505 1131 570 Gar·

60 609 319 693 etaqiniensmn.
335 645 381 657 -
393 607 633 696 petieruntque]
671 620 700 674 et
725 612 888 696 petineat
903 645 948 658 -
960 606 1128 698 conloqui]

61 707 394 798 coHopsci-quum]
417 725 576 777 cam—ut
596 709 672 800 sibi]
696 713 763 790 sibi,
785 710 901 776 cmisw
923 721 1130 798 at-quum

61 809 233 877 ducentos
252 810 369 899 ferme]
393 835 461 876 cam
482 813 547 880 00.
561 807 1042 901 simne.-senstusccnsultum]
1061 799 1128 881 S'ff'.

61 912 293 1001 —ducentos]
314 913 726 1003 Odi-Karthaginienses]
754 915 995 994 Oartianieuses,
1010 916 1130 1004 syllaba

61 1020 97 1100 qi
120 1016 355 1104 superscripta.
370 1053 417 1066 -
427 1013 586 1104 Africam]
618 1017 784 1104 affricam.
799 1055 843 1068 --
858 1017 1128 1108 nunciarentqne]

63 1123 481 1206 numeratque—quum
508 1119 543 1184 in
568 1119 728 1208 Afficam]
758 1144 829 1186 cam
853 1125 886 1186 ia
910 1120 1130 1206 Affvicam.-

65 1220 386 1286 senatusconsultum
409 1223 445 1286 in
466 1221 546 1288 baec
565 1224 662 1289 verba
682 1223 803 1289 fectum
825 1222 890 1311 est]
917 1208 986 1290 1555.
1001 1227 1129 1309 factam

66 1333 110 1385 est
122 1326 158 1387 in
173 1325 256 1387 baec
269 1325 369 1388 acrba.
380 1361 426 1374 -
435 1323 557 1413 privos]
574 1329 674 1411 prius.
685 1363 731 1376 -
741 1323 926 1414 privasque]
941 1329 1128 1414 primasque.

69 1423 273 1513 —practor]
284 1437 399 1544 pretor.
411 1425 514 1492 -his
533 1426 719 1517 imperaret]
743 1432 915 1514 imperaret,
935 1426 1052 1493 cmimc
1071 1431 1128 1495 aa

69 1541 257 1614 praetorem
274 1527 417 1616 sagmim
434 1529 617 1619 poscerent]
636 1543 789 1619 pretores
808 1533 949 1618 mqnana
963 1544 1130 1616 posceres,

73 1629 191 1697 lineola
203 1629 361 1696 vocabulo
371 1637 511 1719 sapuisse
522 1645 642 1700 temere
657 1633 909 1722 superimposita
919 1632 1128 1722 —snmtumJ

74 1744 295 1819 suupmm-
249 1731 375 1798 -dari
396 1733 575 1824 socialibus]
589 1737 757 1821 seeiaiibus
775 1738 911 1801 dari.-
924 1733 1132 1824 Karthagini·

77 1834 183 1924 enses]
221 1836 485 1956 Carthaginenses,
514 1837 650 1903 litera
636 1863 648 1902 s
677 1839 954 1928 superscripta—
964 1857 1066 1924 quum
1093 1837 1131 1904 in

81 1937 236 2027 Africum]
264 1961 332 2002 cam
354 1942 387 2004 in
403 1941 765 2058 affricam-quattuor
785 1939 901 2029 millia]
932 1943 1018 2007 IIII
1033 1943 1129 2006 osilia.

82 2037 162 2106 Satis
175 2054 248 2108 erat
262 2045 349 2109 HJJ
355 2042 522 2130 scripsisse.
513 2065 650 2130 .-quae
669 2043 766 2109 remis
783 2043 968 2132 agerentur]
990 2068 1078 2162 qaae·
1082 2067 1131 2109 re·

82 2143 134 2207 mie
146 2157 332 2232 reperentur.
334 2157 449 2210 -tum
463 2143 532 2232 ipsa
547 2143 768 2232 Karthago]
753 2168 822 2239 psa
838 2145 1003 2234 Cartbapc,
1015 2145 1131 2212 omino

83 2255 150 2312 bots
159 2283 206 2299 -
213 2247 373 2338 perstigia]
390 2251 473 2336 ppis,
488 2245 607 2337 syllaba
619 2271 679 2335 per
691 2269 750 2336 per
769 2247 997 2336 compendium
1014 2249 1132 2337 scripta

86 2359 116 2413 et
132 2349 255 2439 syllaba
262 2353 309 2439 sa
328 2349 578 2441 superimposita.
590 2387 635 2403 --
644 2349 724 2439 Cap.
740 2355 793 2417 44.
810 2349 1037 2441 quadraginta]
1052 2351 1129 2418 XL.

86 2452 234 2521 —tribus
249 2466 283 2521 et
295 2452 425 2543 viginti]
450 2455 547 2519 tatus
563 2465 594 2518 et
610 2453 1014 2542 XX.-septimcdecimo
1030 2454 1130 2540 suno]

89 2560 204 2641 εφίίπιο
229 2561 266 2627 X
287 2556 508 2624 aum-Cn.
532 2556 684 2625 Cornelio
709 2556 748 2622 P.
767 2555 865 2621 Aelio
889 2556 991 2621 Paeto
1015 2577 1132 2621 consu·

89 2654 180 2748 libus]
213 2662 271 2728 Cn.
287 2663 327 2727 P.
343 2661 460 2727 Emilia
478 2661 576 2725 Paeto
601 2683 670 2738 aas,
694 2658 811 2725 omino
839 2658 985 2724 Cantilia
1031 2654 1133 2723 Goel-

91 2756 167 2827 lems
180 2762 285 2829 codici
298 2784 464 2852 perperam
485 2761 569 2829 0132
585 2784 644 2850 pro
663 2761 719 2827 Cu
735 2773 771 2827 et
784 2758 844 2827 cis.
860 2780 919 2847 pro
936 2782 994 2824 cos.
1009 2757 1132 2826 tribuit.

91 2862 257 2956 -Saepe]
277 2867 362 2953 Seps.
374 2865 535 2931 -t'erunt
555 2862 754 2953 Scipionem]
781 2862 1077 2950 Sdpionemseraut.
1090 2896 1134 2915 -··

94 2960 137 3028 'li
151 2964 297 3056 Claudii]
320 2980 349 3033 et
367 2968 490 3046 canai,
504 2988 571 3033 nou
592 2966 724 3044 Claudii,
740 2976 778 3031 ut
793 2964 962 3032 Goellerus
975 2963 1131 3053 perbibet.

93 3102 131 3116 -·
139 3070 362 3159 cupiditatem]
386 3072 559 3157 cupiditate,
574 3067 690 3134 amima
702 3066 821 3133 lineola
833 3090 892 3155 pro
906 3066 998 3133 litera
1010 3091 1042 3131 m
1056 3066 1133 3155 poni

96 3167 184 3239 solita.
195 3210 241 3223 -
251 3171 387 3261 deiude]
403 3174 480 3237 dein.
492 3208 537 3221 -
549 3168 770 3257 Karthaginis]
798 3170 1003 3255 Carthaginis.
1048 3166 1135 3233 illud

97 3268 254 3343 Goellerus
283 3275 386 3342 codici
413 3272 493 3340 falso
521 3272 641 3339 tribuit.
654 3270 832 3360 -finiret]
852 3269 993 3355 finires,
1023 3270 1059 3335 id
1085 3281 1136 3335 cst

88 3373 235 3457 fitistiim,
250 3378 304 3443 cui
318 3376 399 3443 illud
413 3374 463 3441 ed.
477 3372 570 3441 Frob
587 3380 618 3441 2.
634 3372 805 3439 substituit.

134 3474 194 3545 Sed
207 3480 288 3546 baec
301 3478 438 3545 leviora:
461 3476 543 3543 illud
556 3476 644 3543 baud
657 3475 766 3565 paullo
779 3475 915 3563 gravius
930 3473 1021 3563 quod
1036 3472 1136 3539 Goel-

99 3572 171 3645 letns
184 3604 251 3648 non
266 3580 356 3661 vidit,
371 3578 484 3646 folium
501 3580 584 3657 127,
600 3578 691 3645 cuius
710 3578 861 3667 paginam
880 3597 1020 3643 aversam
1039 3574 1135 3641 libra·

99 3677 154 3746 rius
174 3697 343 3774 propterea
365 3703 498 3749 vacuam
521 3680 660 3768 reliquit,
683 3679 773 3767 quod
795 3680 831 3745 in
853 3678 984 3745 adversa
1006 3676 1136 3743 decadis

102 3784 196 3853 tertiae
218 3786 300 3854 liber
319 3784 451 3852 ultimus
464 3784 585 3862 finitur,
599 3783 788 3871 antiquioris
809 3781 928 3848 codicis
947 3778 1136 3869 particulam

102 3902 157 3951 ease
169 3910 242 3955 cnm
261 3888 449 3969 recentiam,
460 3898 501 3953 ut
520 3907 615 3975 supra
633 3885 818 3964 memoravi,
833 3884 939 3949 minus
953 3894 1027 3971 apte
1041 3904 1137 3970 Q

102 4002 269 4058 mentatum.
314 3990 460 4057 Primum
481 3989 568 4055 euim
589 3987 702 4054 eadem
722 4000 781 4067 est,
796 4007 879 4075 quae
900 3986 936 4051 in
956 3984 1136 4071 antiquiore

104 4088 197 4159 codice
212 4094 380 4183 reperimur,
394 4094 596 4159 membranae
613 4092 740 4158 bonitas
753 4103 787 4158 et
801 4088 995 4167 crassimd03
1018 4086 1136 4153 deinde

104 4184 154 4257 hoc
169 4195 280 4263 folium
301 4218 378 4261 cum
398 4195 582 4262 oeternione
600 4193 751 4260 vicesimo
772 4193 868 4259 tertio
889 4214 957 4257 non
977 4190 1136 4268 cohaeret,

106 4292 151 4360 ted
162 4320 180 4364 s
192 4298 374 4389 bibliopego
394 4296 626 4387 agglutinatum
640 4308 709 4377 eat;
725 4308 796 4365 tum
815 4295 946 4363 adversa
961 4294 1058 4362 huius
1070 4290 1139 4358 folii
