2934 4800
330 215 648 286 EDITIONUM
682 216 830 283 LIVlI.
1034 224 1098 287 457

97 367 114 396 ‘
140 355 330 422 Coloniae
352 354 439 440 apud
461 353 508 420 Io.
527 351 681 430 Soterem,
703 353 748 418 im
790 353 855 418 nsis
877 353 1003 418 bonesti
1024 355 1101 420 civis

96 452 113 482 ‘
138 444 259 508 Petri
293 441 435 517 Qusntcl
464 463 550 506 anno
580 440 726 505 lllDXX
762 487 772 504 .
799 462 907 505 mense
934 441 968 504 A
1049 443 1102 506 to?

101 529 295 606 Sobium,
311 528 396 592 Livii
418 527 582 602 editorem,
604 525 737 590 laudans
760 525 917 591 Sturmius
938 527 972 590 in
1027 528 1098 613 pist.

99 616 321 680 dedicator.
346 627 420 680 ante
443 626 520 678 tom.
544 611 587 678 Π.
617 612 706 678 Orat
732 611 899 678 Ciceronis
920 612 1008 691 dicit,
1035 612 1101 679 Co·

103 702 253 766 Ioniae
279 700 385 766 literas
410 699 563 775 floruisse,
590 719 690 784 quum
716 698 752 764 in
776 721 817 763 ea
842 697 957 764 Sobins
982 699 1099 786 aliique

105 788 312 864 docerent,
341 786 471 851 Sobium
497 807 573 850 vero
602 800 679 848 tunc
705 785 770 848 vim
795 785 896 851 morbi
926 785 1099 852 abstulime.

112 873 334 938 Editionem
358 873 440 936 hanc
461 871 637 947 Livianam,
653 891 750 956 quam
772 871 894 935 curarit
918 870 1041 949 sobius,
1063 886 1100 938 ut

110 960 262 1024 ceteris
285 958 515 1044 castigatiorem
538 956 647 1022 laudat
671 955 848 1020 Rhenanus
871 957 912 1021 ad
935 956 1021 1022 Livii
1046 957 1100 1024 lib.

118 1041 1101 1215 {illinunturlssuztttrtttut:

116 1217 194 1280 vis
226 1230 351 1303 praeter
380 1215 539 1280 Mstorum
573 1215 803 1290 auctoritatem,
829 1214 1036 1278 nihilominus
1065 1229 1102 1280 ut

122 1303 347 1472 {milri
365 1299 957 1474 l'ffl‘lllllrilllttliuffililllr
977 1299 1100 1451 litt·

127 1475 326 1539 editionem
351 1474 433 1538 hanc
458 1473 670 1538 Basileensem
694 1474 826 1549 vocavit,
842 1472 952 1536 dicens
971 1472 1099 1536 Livium

126 1583 235 1626 anno
260 1562 294 1624 M
301 1561 451 1626 DXXV.
496 1557 639 1624 Basileae
662 1581 703 1623 ex
727 1557 835 1623 Iacobi
861 1557 949 1622 Sobii
970 1559 1102 1646 castiga-

131 1648 238 1712 tione
254 1646 417 1732 prodiisse.

58 1742 112 1800 27
120 1783 130 1798 .
165 1733 303 1798 Parisiis
318 1755 337 1796 a
360 1731 403 1798 ud
418 1731 549 1796 Petrum
567 1729 777 1807 Vidovaeum‚
794 1731 827 1794 in
842 1730 943 1794 forms
957 1731 1085 1795 maiore.

197 1817 293 1883 Hanc
311 1754 484 1884 editionem
500 1817 658 1882 recensuit
674 1816 837 1882 Maittaire
851 1816 887 1880 in
903 1816 1022 1881 Annal.
1035 1816 1103 1904 Ty·

136 1927 242 1990 pogr.
264 1917 339 1970 torn.
361 1902 404 1968 11.
426 1927 459 1990 p.
477 1907 550 1968 688.
568 1926 604 1968 ac
626 1915 766 1979 testatur,
786 1924 857 1967 cam
878 1902 1101 1967 venumdatum

135 1991 248 2054 fuisse
281 2013 301 2054 a
334 1988 453 2054 Ioanne
483 1989 595 2065 Parvo,
628 1989 800 2074 bibliopola
831 1989 1014 2075 ascriptitio,
1044 1989 1104 2052 im·

170 2099 291 2141 ressam
328 2098 402 2140 vero
445 2098 465 2139 a
501 2074 598 2139 Petro
634 2074 800 2145 Vidouaeo
842 2096 950 2138 mense
986 2074 1102 2160 Aprili,

194 2161 255 2228 .D.
264 2161 411 2226 XXVII.

54 2255 142 2314 528.
156 2248 332 2348 ‘Coloniae
355 2248 441 2336 apud
466 2245 659 2311 Eucharium
685 2244 925 2322 Cervicomum
946 2247 980 2310 in
1003 2245 1104 2311 forma

89 2357 238 2401 maiore.

198 2421 286 2487 Huic
304 2421 436 2487 editioni
458 2420 555 2497 locus,
571 2420 626 2485 ubi
646 2418 773 2506 prodiit,
789 2419 943 2505 ascriptus
962 2442 1029 2483 non
1048 2441 1104 2519 ap-

146 2521 252 2595 paret,
268 2508 324 2573 sed
348 2520 473 2573 tanturn
496 2529 631 2573 excusus
655 2528 722 2569 esse
742 2504 860 2569 dicitur
882 2506 923 2569 ab
944 2504 1103 2569 Euchsno

151 2594 360 2659 Cervicomo.
408 2593 490 2657 Eum
514 2616 589 2657 vero
611 2590 722 2657 chalco
778 2590 886 2677 phium
912 2603 947 2654 et
971 2603 1045 2654 ante
1071 2603 1104 2654 et

149 2693 226 2779 post
262 2702 381 2779 annum
420 2679 693 2777 ntbxxvlln
753 2675 878 2775 oloniae
903 2676 1103 2776 exercuisse,

150 2761 955 2949 iltult'tllttniffltll‘:cilitiis
970 2775 1105 2913 {Lisai

155 2938 320 3003 Maittairu
337 2938 431 3001 ullam
447 2936 574 3001 huruse
601 2936 706 3000 'tionis
724 2935 918 3000 mentionem
934 2935 966 2997 in
984 2934 1103 2999 Annal.

155 3024 362 3112 Typograpb.
378 3023 489 3088 secisse
504 3045 568 3087 non
585 3022 725 3097 memini,
742 3044 837 3107 quam
857 3034 964 3085 tamen
986 3043 1106 3085 memo·

154 3124 265 3175 rarunt
281 3109 441 3175 Fabricius
463 3108 497 3172 in
518 3107 600 3173 Bibl.
618 3107 723 3171 Latin.
741 3122 774 3171 et
789 3106 951 3171 Heamius
972 3129 1010 3171 ac
1029 3105 1106 3171 Cle·

155 3198 239 3263 ricus
268 3196 302 3259 in
332 3194 443 3261 Indice
473 3195 650 3261 editionum
680 3192 895 3255 Livianarum
950 3191 1106 3255 Eumdem

157 3296 281 3349 tanturn
301 3304 335 3347 se
354 3281 479 3358 vidisse,
494 3279 552 3345 scd
573 3277 737 3345 consulere
759 3299 826 3342 non
845 3276 993 3363 potuisse,
1009 3275 1036 3342 Ι.
1053 3277 1105 3343 Fr.

161 3368 341 3435 Gronovius
355 3368 389 3432 in
404 3367 605 3433 Praefatione
620 3377 760 3431 testatur.

64 3460 157 3520 1529.
181 3455 309 3519 Parisiis
323 3453 409 3541 apud
425 3452 596 3519 Nicolaum
613 3450 765 3526 Savetier,
779 3449 814 3513 in
829 3450 930 3513 forma
944 3449 1073 3513 maiore.

203 3540 298 3607 Hanc
331 3539 507 3605 editionem
539 3538 698 3603 recensuit
728 3535 892 3601 Maittairs
920 3536 957 3600 in
986 3534 1105 3601 Annsl.

161 3628 191 3693 Τ
293 3676 300 3693 .
318 3639 394 3691 tom.
413 3625 458 3692 ΙΙ.
474 3648 504 3712 ρ.
523 3628 596 3693 721.
613 3636 647 3689 ct
660 3636 771 3689 auctor
784 3636 842 3699 est,
857 3621 888 3686 ei
902 3621 985 3685 hunc
998 3634 1107 3685 notam

226 3715 300 3779 'tam
338 3733 429 3777 esse:
487 3710 665 3777 ‘Veneunt
704 3710 738 3773 in
778 3708 910 3773 aedibus
946 3707 1107 3771 Ambrosii

163 3800 322 3877 ‘Girault,
333 3799 368 3863 in
383 3798 453 3863 vico
465 3798 542 3861 Divi
558 3796 676 3873 Iacchi,
687 3796 747 3861 sub
761 3794 881 3881 insigni
893 3792 976 3881 regis
990 3791 1107 3870 David,

167 3886 386 3973 ‘imprimebat
406 3882 559 3949 Nicolsus
581 3883 732 3959 Savetier,
752 3902 862 3945 mense
882 3879 989 3967 Aprili
1006 3879 1110 3945 1529?

165 3972 285 4039 Contra
304 3973 373 4038 eins
394 3970 593 4057 exemplaris,
608 3968 697 4056 quod
716 3966 817 4035 oculis
835 3966 915 4031 meis
931 3966 1110 4031 subiectum

164 4074 217 4136 est,
238 4060 332 4123 initio
353 4058 432 4125 haec
454 4057 532 4122 ascri
556 4069 590 4122 tu
610 4054 696 4121 vidi:
721 4052 915 4118 ‘Vaeneunt
935 4052 970 4115 in
992 4050 1110 4117 Clauso

166 4144 327 4211 ‘Bnrnelli
350 4144 436 4232 apud
457 4142 542 4209 Nico
574 4164 626 4207 um
647 4138 795 4227 Crespin,
815 4139 875 4205 sub
896 4138 988 4225 siguo
1007 4138 1110 4204 Divae

166 4231 376 4299 ‘Catbsrinae
388 4232 413 4308 3'
426 4230 468 4295 ad
486 4229 554 4295 eius
568 4230 665 4293 linem
680 4248 757 4291 vero
771 4224 956 4313 sequentis:
974 4224 1044 4291 ‘Im
1068 4226 1111 4289 ri·

167 4319 288 4386 ‘nebat
305 4316 458 4385 Nicolaus
474 4314 616 4383 Stratier
630 4335 739 4383 mense
755 4312 861 4404 Aprili
878 4313 982 4379 1529?
1024 4248 1111 4377 liinc
