2934 4800
360 250 571 319 LIBROR.
605 248 831 319 DEPERD.
1056 256 1119 327 tat

506 568 684 636 CXXVII.

72 734 264 816 PARTHI,
290 737 444 816 Labieno,
469 738 526 824 qui
551 736 818 826 Pompeianorum
842 740 982 827 portium
1006 742 1119 823 fuerat,

72 820 159 899 duce,
178 824 215 887 in
243 822 370 913 Syriam
393 824 594 910 irruperunt:
622 824 769 911 victoque
792 823 930 891 Decidio
955 826 1048 907 Saxa,
1068 830 1118 896 M.

73 908 205 972 Antonii
225 908 344 998 legato,
360 920 458 975 totam
474 931 545 975 etun
564 910 760 997 provinciam
780 926 1022 1000 occupaverunt
1069 914 1118 981 M.

71 992 243 1074 Antonius,
271 1018 373 1084 quum
398 995 440 1061 ad
468 994 587 1060 bellum
613 1008 724 1063 contra
749 998 917 1063 Caesarem
942 999 1119 1087 gerendum

72 1250 102 1313 in
120 1254 365 1320 matrimonium
387 1254 490 1319 duxit
538 1253 580 1329 Q.
598 1253 826 1335 Salvidienum,
848 1256 980 1323 concilia
999 1256 1121 1323 nefaria

72 1350 178 1404 contra
208 1342 381 1407 Caesarem
410 1339 566 1419 molitum,
595 1340 715 1407 indicio
748 1364 806 1407 auo
833 1342 999 1431 protraxit,
1028 1344 1119 1430 iaquc

73 1420 240 1492 damnatus
266 1432 401 1492 mortem
426 1426 485 1491 aibi
512 1426 673 1492 conscivit
717 1426 756 1492 P.
772 1426 956 1507 Ventidius,
983 1428 1120 1495 Antonii

73 1504 202 1596 legatus,
231 1512 378 1592 Parthos,
404 1510 526 1600 proelio
554 1513 663 1591 victos,
695 1512 788 1603 Syria
815 1513 948 1601 expulit,
976 1513 1121 1581 Labieno

73 1614 179 1662 eorum
208 1600 294 1666 duce
324 1599 436 1665 occiso.
484 1597 594 1674 Quum
623 1598 746 1665 vicinus
776 1596 886 1665 ltaliae
914 1598 1014 1665 hoatia
1045 1598 1118 1667 Sex.
1236 1606 1250 1629 '

74 1677 247 1771 Pompeius
270 1685 411 1751 Siciliam
432 1698 566 1763 teneret,
588 1696 620 1751 et
643 1686 870 1751 commercium
892 1708 1037 1752 annonae
1060 1686 1121 1753 im·

134 1768 142 1783 '
182 1784 206 1849 t,
232 1794 308 1837 curn
333 1794 372 1837 eo
469 1770 587 1835 uictam
612 1792 724 1872 pacem
754 1773 871 1838 cam
898 1784 932 1839 ct
960 1772 1120 1839 Antonino

88 1871 226 1936 eoemnt,
251 1859 298 1924 itn
320 1872 356 1923 ut
403 1858 521 1923 reiliam
543 1857 740 1945 provrnciam
765 1856 905 1925 haberet.
950 1857 1121 1927 Praeterea

79 1952 178 2007 motna
194 1944 322 2010 Africae
338 1956 372 2009 et
385 1942 469 2010 bella
482 1943 526 2008 ibi
541 1956 630 2031 genta
643 1943 795 2009 continet.

499 2272 693 2340 CXXVIII.

87 2450 221 2527 QUUM
246 2453 319 2520 Sex.
333 2453 507 2541 Pompeius
532 2473 639 2517 rumua
663 2433 835 2518 latrociniia
860 2473 947 2518 mare
971 2453 1121 2519 infestum

87 2539 234 2619 redderet,
256 2562 317 2606 nec
339 2561 461 2627 pacem,
483 2560 579 2626 qnam
602 2549 776 2626 acceperat,
797 2550 979 2626 praestaret,
995 2539 1121 2617 Caesar,

87 2629 251 2694 neceoemio
272 2627 422 2693 adversus
443 2647 516 2690 eum
539 2623 660 2691 bellos
758 2636 801 2702 to,
816 2623 942 2690 duobus
959 2623 1123 2691 navalibus

87 2711 204 2794 proeliis
221 2713 320 2790 dubio
340 2725 458 2776 eventu
500 2711 637 2798 ugnavit
684 2709 721 2776 P.
766 2709 915 2787 entidiua,
931 2709 1053 2797 legatur
1072 2713 1120 2776 M.

90 2795 223 2878 Antonii,
242 2799 377 2864 Parthos
398 2799 434 2862 in
479 2797 549 2886 yria
569 2796 690 2885 proelio
711 2797 797 2874 vicit,
818 2817 990 2898 regemque
1012 2819 1122 2862 eorum

89 2884 202 2950 occidit
255 2883 369 2950 Iudaei
394 2905 523 2972 quoquc
549 2881 704 2970 elegatis
729 2881 867 2950 Antonir
891 2883 1013 2949 anbacti
1038 2896 1122 2949 aunt

90 2963 246 3037 Praeterea
258 2970 335 3038 belli
351 2969 450 3036 Siculi
464 2981 650 3058 apparatum
664 2968 817 3035 continet.

519 3311 682 3378 CXXIX

94 3479 330 3550 ADVERSUS
369 3480 440 3547 Sex.
463 3480 652 3568 Pompeium
686 3479 773 3544 vario
809 3491 926 3543 eventu
963 3476 1125 3542 navalibus

94 3567 204 3651 proeliis
217 3581 395 3657 pugnaturn
410 3583 477 3632 est:
501 3567 547 3631 ita
561 3579 597 3630 nt
611 3589 652 3632 ex
666 3565 790 3631 duabua
806 3563 961 3629 Caesariia
975 3561 1125 3648 claaaibus

94 3651 185 3732 altero,
200 3656 253 3720 cui
268 3655 413 3742 Agrippa
426 3665 579 3740 praeerat,
595 3652 756 3728 vinceret3
779 3649 886 3726 altera,
898 3669 994 3734 quam
1010 3648 1126 3712 Caeaar

94 3737 222 3820 duxerat,
234 3740 350 3817 deleta,
362 3761 403 3804 ex
463 3739 499 3804 'ti
513 3740 548 3804 in
558 3752 673 3803 terram
685 3735 801 3802 milites
811 3736 847 3800 in
857 3755 974 3821 magno
984 3733 1125 3822 periculo

95 3841 192 3892 tacnt
252 3826 367 3892 Victus
395 3761 513 3891 mdc
541 3825 714 3912 Pompeius
743 3823 778 3887 in
809 3819 947 3887 Siciliam
976 3819 1124 3922 profugit.

96 3909 133 3976 M
211 3915 218 3929 ‘
245 3935 292 3992 us,
308 3913 366 4001 qui
379 3934 421 3977 ea
436 3911 547 3979 Africa
560 3909 648 3977 velut
662 3909 703 3975 ad
717 3909 902 3974 societatem
915 3906 1001 3985 belh,
1016 3920 1127 3973 contra

98 3993 157 4063 Ser
212 4000 376 4088 ompeinm
412 4021 431 4063 a
467 3999 601 4062 Caesare
636 3995 780 4084 gerendi,
817 3994 990 4073 traiecerat,
1024 4013 1126 4080 quum

96 4081 199 4150 bellum
223 4085 355 4152 Caesari
376 4105 504 4172 quoqne
525 4083 666 4184 infepet,
688 4081 817 4184 relictae
838 4081 878 4145 ab
899 4077 1127 4178 exercituzab·

97 4183 191 4322 tttt
204 4170 890 4342 ttttfflttktt‘sst’titittfftt
918 4164 1070 4318 Ait

31 4359 33 4488 p
101 4355 245 4410 antaeum
260 4344 388 4411 habitus
401 4359 505 4450 erat·
