2934 4800
308 129 373 190 218
693 117 808 185 ΤΙΤΙ
835 116 972 184 LIVII

152 275 189 328 υ.
198 275 230 328 c.
245 275 302 340 5⁸⁵·
310 260 518 326 educaturum
534 269 569 324 et
586 257 808 345 magistrorum
825 256 962 345 agmine,
977 277 1093 321 manua
1110 253 1373 354 adspectans

151 343 184 394 ⁸*
200 341 232 392 ⁰·
248 339 301 403 ¹⁶⁷·
310 369 384 413 cum
394 345 533 411 lacrimis
543 344 765 410 miserabiliter
774 344 987 421 tendentium,
996 342 1251 408 etdocentsum
1263 361 1373 426 prieris,

310 430 922 594 lll⁰2⁸ll¹¹tt¹³¹³ltlttli²⁰l
947 425 1376 580 &dimili

310 606 546 670 miserationem
561 540 785 690 spbclbntibus,
797 540 890 754 puod
907 603 968 690 ipsi
985 625 1043 689 per
1057 614 1214 666 aetatem
1233 600 1296 664 vix
1311 598 1378 662 mals

312 714 370 757 sua
392 690 571 778 intelligere
594 703 750 776 poterant
870 711 910 754 ue
933 688 1062 775 plurimi
1085 687 1258 752 lacrimas
1283 698 1377 750 tenen

312 801 380 844 nou
394 789 578 864 potuerunt,
589 789 623 840 et
636 777 785 841 omnibus
795 797 856 840 con
892 775 940 840 dit
950 775 1092 840 animum
1105 773 1246 838 tacitus
1258 771 1378 858 quiden

313 887 446 941 maeror,
461 864 519 950 qui
541 863 664 927 sincero
687 884 742 926 eos
760 862 823 927 frui
846 861 973 949 gaudio,
988 883 1084 1010 guam
1104 859 1169 924 diu
1197 859 1272 923 sub
1293 856 1378 923 oculis

313 950 406 1038 pueri
429 950 569 1027 fuerunt,
599 971 665 1013 nou
690 949 816 1013 sineret.
863 947 953 1013 Pone
978 948 1058 1012 flios
1091 945 1290 1011 incedebat
1317 963 1378 1007 eum

313 1058 414 1102 uxore
436 1035 581 1113 Perseus,
601 1035 690 1122 pullo
712 1035 842 1112 amictu,
860 1056 934 1099 cum
956 1033 1093 1120 crepidis
1118 1031 1261 1097 Graeci
1285 1031 1378 1104 morsi

314 1122 456 1210 stupenti
481 1135 515 1186 et
540 1121 676 1186 attonito
700 1120 821 1198 similis,
848 1133 881 1184 et
909 1120 962 1184 cui
991 1117 1188 1206 magnitudo
1226 1117 1376 1182 malornm

314 1224 458 1274 mentem
471 1208 603 1273 omuino
613 1207 765 1294 eripuisse
777 1206 947 1272 videretur.
980 1204 1188 1294 Sequebatur
1200 1205 1378 1268 amieunm

314 1308 349 1360 et
366 1294 568 1360 familiarium
590 1293 691 1371 turbs,
711 1313 850 1380 quorum
873 1293 908 1357 iu
930 1291 1021 1358 vultu
1044 1290 1136 1356 dolor
1232 1290 1287 1354 vis
1310 1288 1376 1354 emi·

314 1382 421 1484 nebat,
441 1381 572 1482 quique,
592 1401 694 1467 quum
713 1401 842 1482 semper
865 1378 973 1444 oculos
996 1379 1129 1479 in.²l¹m
1152 1313 1234 1440 dn
1275 1373 1377 1453 ntis

314 1459 1375 1646 antummum&

315 1652 405 1739 catus
419 1652 487 1704 erat
501 1638 645 1716 Persem,
661 1637 763 1738 missis
783 1636 824 1702 ad
838 1637 1025 1738 Aemilium,
1041 1637 1275 1736 qui-orarent,
1292 1657 1333 1698 ne
1347 1654 1373 1696 ru
1419 1683 1420 1734 p

314 1723 673 1900 {littltl‘jftttt
698 1722 1372 1897 ‹illittltlttttffiltti

317 1905 437 1962 ‘manu
450 1919 488 1963 ac
502 1908 658 1984 potestate
668 1897 694 1961 :‘
709 1897 804 1961 tacite
819 1918 963 1974 monens,
979 1908 1017 1961 ut
1030 1917 1184 1983 generosa
1208 1908 1321 1960 morte
1335 1892 1369 1968 id,
1419 1882 1420 1917 ¹

317 1984 427 2071 ‘quod
447 1983 618 2061 metuebat,
634 1981 774 2048 dedecus
796 1982 959 2070 effugeret
1007 1981 1072 2048 Sed
1093 1981 1174 2046 forte
1200 1980 1371 2046 consilium

315 2091 382 2134 nou
406 2068 533 2134 admisit
555 2069 659 2134 mollia
681 2069 816 2146 animus,
844 2083 876 2134 et
905 2067 1013 2134 nescio
1036 2091 1101 2155 qua
1122 2089 1181 2154 spe
1205 2067 1367 2140 delinim,
1419 2078 1420 2101 ¹

315 2153 429 2220 malrrit
453 2155 488 2219 iu
513 2155 650 2242 praedae
674 2177 750 2220 suae
776 2167 865 2243 parte
891 2155 903 2218 i
984 2155 1152 2220 numerari.
1205 2152 1369 2231 Quadrin

357 2252 431 2307 ntae
446 2240 522 2306 inde
536 2263 672 2306 coronae
682 2263 850 2327 aureaepo
920 2254 1023 2319 antur,
1035 2239 1149 2305 Paullo
1163 2239 1206 2306 ab
1224 2239 1367 2306 omnibu
1419 2274 1420 2284 κ

328 2351 382 2394 ere
395 2327 549 2393 Graeciae
563 2341 598 2392 et
608 2327 706 2391 Asiae
717 2327 897 2392 civitatibus
910 2327 944 2392 iu
959 2327 1207 2415 gratulationem
1220 2325 1365 2392 victoriae

316 2438 375 2505 per
398 2414 520 2504 legatos
544 2413 631 2480 douo
655 2414 788 2479 missae:
820 2414 950 2499 grandis
974 2436 1059 2493 saue,
1085 2414 1197 2501 siper
1223 2436 1264 2479 se
1290 2414 1365 2501 ipae

316 2516 543 2590 spectarentur,
572 2501 678 2589 pretii,
707 2500 765 2565 sed
802 2500 969 2567 mediocris
1005 2500 1141 2566 accessio
1178 2500 1364 2565 immanirm

249 2640 258 2657 .
317 2610 426 2675 opum,
442 2612 524 2675 quae
544 2588 579 2652 in
598 2588 660 2653 hoc
680 2586 843 2674 triumpho
863 2598 1057 2652 transvectae
1071 2586 1228 2675 firerant]
1281 2586 1364 2651 Sum·

317 2696 403 2740 mam
428 2674 532 2739 omnis
555 2674 673 2761 captivi
702 2673 772 2737 auri
801 2674 988 2761 argentique
1015 2672 1157 2739 translati
1189 2672 1362 2739 sestertium

316 2759 433 2824 millies
446 2759 614 2824 ducenties
627 2759 733 2837 fuisse,
750 2758 898 2825 Valerius
913 2760 1029 2825 Antias
1044 2759 1158 2825 tradit:
1183 2782 1273 2848 quae
1288 2754 1378 2823 hands

316 2845 414 2911 dubie
429 2846 530 2911 maior
544 2844 707 2933 aliquanto
721 2868 899 2913 summaer
912 2868 1047 2914 numero
1061 2846 1278 2935 plaustrorum
1291 2858 1376 2934 pon-⁴
1418 2892 1420 2947 4

351 3042 703 3107 3Quaebaaddabie'maior
712 3044 826 3108 aliquas-
858 3043 953 3095 acrius.
985 3044 1048 3095 Ideo
1064 3043 1129 3094 enim
1146 3045 1230 3108 carpit
1243 3042 1360 3095 Valerium

317 3108 458 3167 tesam]
482 3107 615 3169 Legecm
626 3106 753 3157 Gronorio
768 3124 826 3171 qua.
858 3116 950 3169 nomer,
967 3110 1026 3172 qriia
1042 3124 1172 3159 nummum
1192 3125 1284 3173 param
1298 3120 1360 3155 aem·

318 3172 436 3221 Ceterum
454 3171 520 3233 quod
542 3170 583 3219 bic
603 3172 715 3220 observat
734 3170 827 3231 Idaios,
858 3172 1169 3223 rateuotatumiudicarit
1183 3174 1269 3223 Cnar.

319 3248 441 3283 summam
457 3234 586 3283 aValerio
599 3235 700 3283 Antiate
716 3240 827 3283 notatam
891 3238 965 3296 4Ea
982 3253 1084 3287 numera
1103 3236 1288 3300 plamtreram]
1310 3234 1358 3283 Na
1418 3223 1421 3272 l

318 3299 437 3347 minorem
456 3297 521 3347 iusto
539 3314 600 3359 esse,
618 3299 644 3347 id
662 3299 779 3347 asturitur
795 3314 827 3348 ex
860 3306 897 3349 est
908 3300 1038 3349 verisimile
1055 3301 1169 3363 plaustris
1183 3316 1272 3349 aurum
1287 3312 1358 3360 orgen

319 3363 406 3411 ceteris
415 3378 513 3438 guoque
523 3363 688 3425 scriptoribus.
716 3362 827 3411 ExPlu-
859 3369 963 3427 tumque
973 3370 1151 3413 transvectum:
1170 3380 1217 3413 nec
1228 3366 1265 3413 ita
1274 3364 1358 3413 Plutu-

318 3427 404 3476 tarcho
417 3442 443 3475 rn
455 3427 826 3489 Aemil.solumaurumargeu-
859 3428 928 3488 chus,
939 3428 981 3490 qui
992 3434 1018 3477 et
1029 3428 1135 3491 signatos
1148 3434 1355 3488 nummos,etam
1419 3420 1420 3441 ¹

318 3496 422 3553 tumque
436 3490 556 3553 signatum
568 3492 599 3539 ab
610 3491 655 3538 illa
665 3505 762 3538 summa
777 3506 828 3539 noa
859 3492 901 3540 nia
917 3506 991 3541 aurea
1007 3498 1169 3554 argenteaque
1180 3506 1240 3541 rasa
1249 3492 1281 3541 ab
1291 3488 1356 3539 homi·
1419 3496 1420 3509 ¹

318 3556 425 3603 multum
442 3555 502 3604 abit
536 3554 649 3603 Velleius
667 3553 683 3603 i.
703 3569 727 3619 9.
744 3554 827 3603 scribit
858 3557 931 3604 nibus
952 3561 1047 3619 gestata
1068 3572 1121 3605 esse
1142 3562 1271 3605 memorat
1303 3554 1357 3614 lifts

320 3618 454 3667 Aemilium
469 3618 507 3666 bis
522 3618 613 3667 millies
627 3618 719 3667 centies
733 3617 827 3668 aerario
860 3620 964 3669 libenter
980 3635 1037 3669 cum
1054 3620 1180 3670 Periasnio
1195 3630 1355 3682 reponeremus

318 3679 437 3730 intulisse.
470 3682 567 3730 Plinius
578 3681 828 3743 H.N.xxxiii.3.bis
859 3684 1047 3746 Philippeorum
1054 3702 1062 3743 ,·
1086 3684 1134 3743 vel,
1150 3684 1275 3745 quomodo
1293 3680 1356 3741 mnt'!

319 3744 560 3805 millieatrecenties;
576 3746 611 3795 sic
621 3746 687 3794 enim
698 3746 828 3807 legandum
861 3748 943 3809 placet
958 3748 1009 3796 Iac.
1022 3746 1154 3806 (iteratio,
1168 3748 1211 3809 pi.
1228 3758 1356 3799 aurem

319 3822 372 3857 esse
382 3808 509 3857 contendit
520 3810 664 3858 Harduiuus
674 3811 706 3859 ad
716 3810 742 3858 b.
752 3810 767 3858 l.
792 3809 826 3858 Et
858 3826 908 3873 qua
915 3826 947 3860 ex
955 3810 1155 3874 scripturafacile
1163 3811 1354 3873 vulgaumanue

319 3870 684 3923 sanemaximamfiriasaillam
695 3873 825 3936 pecuniam
858 3876 947 3986 potuit.
972 3876 1045 3925 Certe
1056 3876 1169 3937 frequens
1180 3869 1354 3923 cratususl'bi·

319 3951 418 3985 necesse
444 3940 490 3993 est,
511 3951 574 3998 quas
597 3938 691 3999 populo
713 3938 827 3986 Romano
870 3938 997 4001 ippeorum
1014 3940 1082 4001 apud
1094 3936 1355 3988 GraecasetAsistiem

320 3998 395 4048 finem
413 4000 523 4049 attulerst
538 4000 692 4058 tributorum,
708 4006 738 4049 ut
753 4000 828 4049 habet
858 4002 985 4061 natiouea;
1000 4004 1114 4064 frequens
1128 4003 1188 4051 itern
1202 4016 1286 4050 comm
1299 4013 1352 4047 men·

320 4062 374 4113 Cic.
390 4064 422 4112 de
438 4065 487 4115 Off.
502 4064 528 4113 ii.
546 4062 583 4126 76.
603 4064 642 4113 cui
663 4064 829 4126 astipulantur
859 4066 894 4115 tio
909 4068 935 4115 in
946 4066 1077 4129 triumphis
1087 4082 1148 4128 quos
1159 4062 1354 4116 Romaniexrllis

321 4126 418 4176 Plinius
427 4129 482 4177 loco
493 4135 637 4188 memorato,
646 4133 672 4176 et
683 4127 829 4177 Plutarchus
859 4132 972 4192 gentibus
995 4136 1102 4193 egerunt.
1141 4144 1207 4193 supr.
1223 4129 1307 4179 mir.
1324 4140 1354 4191 5²·

319 4190 347 4239 in
358 4190 455 4239 Paullo.
486 4191 828 4240 Cavetamenmuteainbi-
861 4194 953 4244 xxxvii.
965 4206 1003 4259 59.
1020 4194 1105 4245 xxxix.
1117 4210 1139 4258 5.
1158 4194 1238 4246 Cass.
1415 4176 1418 4219 l

321 4254 361 4304 rio
376 4258 460 4303 notam
476 4254 580 4315 numeri,
591 4256 658 4317 quod
671 4253 749 4303 rolrrit
766 4254 828 4305 Gro-
