2934 4800
420 245 637 307 INDEX

62 357 160 408 »illius
186 359 296 420 laeam,
317 357 428 410 triumvir
448 362 512 410 colo·

74 425 264 474 deducendae
275 439 315 484 40,
327 438 366 485 43.

62 488 169 548 tinius,
182 490 282 551 legatus
293 486 333 548 36,
343 487 367 538 6.

62 553 132 627 mii,
146 555 213 601 uri!
224 567 265 613 30,
277 566 316 627 39·

62 633 194 666 »menses
229 617 377 679 pollicentur
403 617 511 680 Scipioni

62 696 109 728 im
126 682 173 741 38,
187 693 229 742 45.

62 761 97 792 ue
109 761 205 807 regem
217 745 296 805 iubet,
307 747 390 794 Patres
400 751 511 796 auctores

62 815 129 870 tr,
150 811 511 873 17,2aet3a.ci.et35et

75 879 159 922 creat
177 889 241 922 cosa
261 888 283 933 1,
299 871 338 924 60.
361 875 511 924 decemviros

62 940 117 986 bus
134 939 278 987 scribendis
293 952 316 1000 3,
329 952 358 999 33
374 939 510 1052 33673331-

63 1019 100 1050 os
121 1003 205 1052 milit.
226 1017 275 1052 cos.
295 1009 345 1065 pot
365 1020 391 1063 4,
424 1037 432 1052 .
456 1019 510 1052 cen·

62 1083 83 1114 e
103 1067 171 1126 428·
192 1072 422 1128 quaestorem
443 1083 510 1130 pne

62 1147 100 1178 ÷m
121 1138 151 1179 et
168 1132 266 1180 aediles
281 1132 376 1180 curules
390 1129 415 1190 6,
428 1145 466 1191 43.
488 1143 510 1194 7,

62 1197 185 1244 ribunos
200 1195 273 1244 milit.
288 1196 319 1244 ad
335 1195 441 1258 legiones
453 1207 475 1258 7,
487 1207 509 1256 5.

62 1274 108 1319 3ο.
137 1259 286 1308 duumviros
306 1261 406 1309 navales
427 1275 452 1324 9,
471 1274 510 1322 30.

62 1324 226 1398 dictatopem
242 1339 281 1383 33,
292 1325 307 1372 8
318 1329 392 1400 esp.
410 1339 509 1399 procon-

62 1389 510 1510 &dubitabit

62 1518 134 1565 endo
154 1517 292 1565 consulitur
308 1533 332 1576 4,
345 1517 384 1578 58.
402 1530 442 1578 33,
456 1527 480 1577 5,
494 1515 510 1565 6

62 1582 87 1629 Β.
112 1579 157 1642 36,
175 1597 196 1631 3.
218 1582 250 1630 de
266 1595 327 1643 pace
342 1581 510 1639 faciendam,

62 1644 510 1771 abecedarii

63 1771 110 1835 6³·
132 1783 157 1833 1.
177 1783 214 1834 17·
235 1745 509 1836 defuit-³1³0

62 1837 88 1884 io
101 1835 186 1885 iussae
197 1839 263 1900 leges
273 1839 358 1886 decem
371 1837 509 1886 tabularum

62 1913 105 1960 33.
129 1907 157 1949 et
173 1901 411 1976 3133133353·
431 1915 509 1976 ⁴2²5·

62 1965 143 2027 puius
153 1966 221 2027 quod
236 1971 384 2028 postremum
396 1966 510 2025 iussit,1d

62 2035 220 2092 iratumque
235 2036 272 2078 est
288 2042 310 2092 7,
324 2042 360 2091 17.
376 2044 401 2094 9,
416 2041 453 2092 33.
472 2028 508 2076 iu·

62 2099 97 2141 nat
114 2095 148 2142 de
164 2094 331 2155 perduellione
346 2108 367 2154 1,
379 2092 418 2143 36.
435 2108 458 2152 3,
469 2107 509 2155 43.

62 2157 142 2206 mitiis
161 2158 302 2206 centuriatis
319 2171 359 2218 43,
380 2159 415 2206 18.
435 2159 466 2206 ct
484 2161 509 2205 et

63 2257 71 2280 ‚
86 2237 111 2282 3.
129 2223 224 2284 populo
238 2223 315 2270 fasces
330 2221 450 2270 submittit
461 2236 508 2270 cos.

73 2297 95 2347 7.
117 2287 151 2334 ad
170 2287 288 2348 populum
305 2286 419 2334 adversus
435 2285 509 2348 magi-

62 2357 127 2398 ·atus
155 2350 293 2413 provocatio
321 2365 345 2410 3,
367 2349 390 2398 8.
423 2348 509 2412 populi

576 364 706 413 volvuntur
721 365 795 428 legati
811 365 943 431 Bilistagis,

575 432 629 476 tum
639 429 725 490 reguli,
736 429 856 480 auxilium
870 433 902 480 ab
918 449 948 482 eo
964 439 1048 496 peten-

574 496 611 540 tes
621 506 659 542 11.
675 493 727 542 eius
737 495 839 544 consilia
851 510 889 544 33.

577 569 613 616 13.
636 556 712 605 oratio
722 560 755 606 ad
765 559 864 618 milites,
874 561 934 610 ibid.
956 561 1047 625 Hispa-

574 635 619 668 nos
633 622 665 670 sd
681 637 787 684 pugnam
800 623 868 672 elicit
882 640 918 685 ¹4·
941 642 1002 688 quos
1010 628 1048 676 iis·

572 689 624 746 gat,
639 691 665 734 et
683 692 761 734 castra
780 703 863 736 eorum
882 696 1008 752 oppugnat
1022 696 1049 739 et

574 749 649 811 capit,
659 749 718 800 ibid.
727 757 753 799 et
763 763 800 812 15.
817 752 840 800 ei
850 769 877 802 se
887 755 981 802 dedunt
989 755 1048 803 His-

574 814 633 874 pani
650 813 686 862 16.
710 821 820 864 exarmat
838 833 922 866 omnes
940 817 975 867 cis
992 819 1047 867 Ibe-

574 892 627 925 mnr
651 877 784 940 Hispanos,
802 885 828 928 et
848 881 945 929 urbium
966 896 1049 931 miuus

573 956 624 989 una
635 943 674 990 die
685 943 760 990 dimit
770 954 807 1004 17.
824 945 979 1006 Segoeticam,
987 961 1048 1008 opu-

574 1006 666 1054 lentam
683 1006 815 1066 civitatem,
829 1008 904 1070 capit,
914 1009 973 1059 ibid.
996 1011 1049 1060 eius

574 1068 699 1131 vigilantia
714 1075 740 1118 et
755 1070 902 1132 parsimonia
915 1074 951 1123 18.
976 1075 1048 1136 proii-

574 1133 671 1182 ciscitur
685 1134 711 1182 in
728 1134 904 1184 Turdetaniam
918 1152 928 1184 1
981 1137 1046 1186 solli·

573 1197 634 1246 citat
652 1198 796 1259 Celtiberos,
814 1199 910 1260 frustra,
924 1202 933 1248 i
949 1201 983 1250 id.
1011 1217 1048 1251 re·

572 1261 679 1322 graditur
689 1278 747 1311 cum
757 1269 851 1326 septem
862 1265 1001 1314 cohortibus
1016 1268 1048 1315 ad

574 1327 683 1386 Iberum,
693 1326 752 1376 ibid.
769 1329 801 1376 ad
812 1343 869 1376 eum
879 1329 997 1378 deficiunt
1005 1330 1048 1379 Se·

573 1390 664 1448 detmi,
676 1391 802 1451 Ausetani,
816 1398 841 1441 et
858 1392 996 1442 Suessetani
1008 1409 1048 1444 3ο.

574 1460 700 1517 oppugnat
719 1455 897 1505 Lacetanorum
919 1457 1047 1521 oppidum,

573 1519 639 1580 quod
649 1519 723 1582 capit,
732 1520 791 1569 ibid.
807 1521 942 1583 triumphat
952 1521 992 1581 46.
1007 1538 1048 1572 ae·

573 1583 681 1632 diculam
692 1584 818 1633 Victoriae
829 1585 937 1648 Virginis
951 1587 1049 1635 dedicat

575 1658 647 1710 sao
665 1647 759 1710 leatus
769 1649 901 1697 conuulsis
912 1647 952 1710 36.
962 1662 999 1711 17·
1015 1652 1047 1699 ad

573 1711 753 1774 Thermopylas
772 1713 857 1774 iugum
877 1713 996 1762 insessum
1016 1715 1048 1763 ab

574 1775 668 1824 Aetolis
682 1783 788 1838 occupat
801 1779 837 1826 18.
861 1778 962 1826 nuntius
974 1778 1048 1827 sicto·

573 1839 623 1887 rice
640 1841 748 1888 Romam
762 1840 869 1888 mittitur
884 1855 922 1891 31.
944 1848 981 1890 est
997 1843 1048 1892 Sci-

574 1903 653 1966 pionis
664 1904 772 1952 Afficani
782 1904 896 1953 inimicus
906 1906 946 1966 38,
957 1918 995 1968 54.
1016 1908 1049 1955 de

574 1967 678 2030 pecunia
699 1969 761 2031 regis
779 1969 894 2017 Antiochi
913 1970 1047 2019 orationem

571 2031 654 2090 habet,
664 2032 723 2080 ibid.
745 2047 871 2081 censuram
881 2033 944 2095 petit
956 2049 995 2098 39,
1006 2049 1045 2094 4ο.

572 2095 625 2143 eius
641 2096 701 2154 laus,
714 2095 772 2146 ibid.
798 2103 893 2145 creetur
908 2113 992 2147 censor
1007 2113 1047 2158 41.

572 2159 985 2223 accommodandum
1002 2178 1046 2224 1³⁸·

572 2228 656 2272 tronus
672 2224 812 2272 nominatur
827 2226 858 2272 ab
875 2225 994 2288 Hispanis
1006 2240 1047 2287 43,

575 2301 595 2337 a.
615 2287 749 2350 plurimum
758 2288 858 2337 adiuvat
868 2305 967 2338 causam
978 2291 1046 2340 Rho

573 2351 668 2401 diorum
679 2365 719 2414 43,
731 2365 769 2414 35.

62 2414 146 2463 omani
173 2415 292 2463 modestia
318 2432 342 2476 4,
366 2413 389 2463 6.
416 2414 509 2476 populo
541 2415 578 2465 M.
590 2416 692 2465 Porcius
703 2419 776 2477 Cato,
792 2418 847 2467 trib.
864 2419 899 2481 pl.
916 2419 963 2468 vid.
974 2435 1048 2481 supra

62 2478 165 2527 secretio
181 2479 238 2527 data
251 2496 267 2529 a
282 2478 368 2527 Flavio
383 2478 410 2526 iu
425 2478 509 2527 funere

63 2544 122 2591 atris
133 2544 158 2601 8,
169 2557 206 2593 33.

63 2608 94 2655 ia
112 2606 218 2667 basilica,
234 2621 250 2655 a
265 2607 302 2656 Μ.
311 2605 399 2656 Porcio
414 2606 509 2656 Catone

63 2673 348 2735 mwffmmo

573 2480 610 2530 Μ.
623 2482 693 2531 Cato.

541 2544 570 2594 P.
581 2545 681 2594 Porcius
691 2545 780 2605 Ineca,
790 2546 895 2608 13313331.
907 2560 946 2607 33,
959 2557 981 2609 7.
1004 2546 1046 2595 tri·

572 2608 651 2657 umvir
666 2611 741 2672 epulo
758 2624 798 2672 33,
808 2625 847 2669 43.
869 2617 974 2673 praetor,
984 2610 1044 2661 ibid.

572 2673 669 2721 sortitur
679 2674 749 2722 Pisas
759 2689 798 2736 43.

63 2736 153 2784 ’orcius
171 2735 276 2794 Licinus,
297 2736 398 2799 legatur,
419 2734 445 2783 in
466 2750 509 2798 op-
541 2737 633 2786 Porcus
648 2737 673 2786 in
690 2738 827 2787 foederibus
841 2738 977 2788 sanciendis
986 2753 1046 2787 saxo

63 2799 187 2863 ignatione
197 2800 297 2863 Capuae
313 2815 357 2863 pro
370 2801 435 2849 vallo
449 2798 508 2848 acri·
572 2801 639 2850 silice
650 2817 810 2863 percussuri,
823 2817 860 2863 34.
876 2804 907 2852 ci.
918 2808 944 2851 et
954 2818 980 2867 9,
990 2814 1013 2864 5.

63 2880 77 2911 3
88 2870 180 2927 pugnat
191 2861 228 2923 36,
238 2861 261 2913 6.
282 2862 367 2913 aedilis
381 2862 459 2926 plebis
470 2876 509 2925 37,
541 2864 619 2925 Poris,
630 2867 767 2915 Aeneatum
778 2867 891 2931 princeps
900 2882 940 2927 4ο,
951 2884 974 2927 4.
993 2868 1046 2917 eius

81 2934 177 2991 praetor
187 2940 223 2989 33.
242 2928 340 2977 sortitur
350 2928 459 2977 Galliam
471 2926 508 2989 36.

572 2929 640 2978 triste
650 2931 739 2989 iatum,
749 2930 808 2980 ibid.

63 2998 128 3041 terae
145 2992 195 3041 eius
212 2998 300 3055 augent
318 2994 450 3041 tumultum
472 3005 509 3056 39.
542 2994 660 3052 La1,sive
674 2995 767 3054 Iertes,
782 2996 914 3055 Porsenna,
929 3010 971 3045 rex
986 2995 1046 3071 qlo-

63 3074 67 3103 i
88 3056 180 3120 proelio
199 3058 311 3106 adversus
330 3056 509 3106 Hasdrubalem

63 3122 148 3169 iediam
159 3120 232 3169 eciem
242 3126 325 3169 tuetur
335 3121 375 3180 48.

63 3185 151 3233 >cicius
159 3184 253 3233 licinus
262 3191 357 3234 creatur
366 3189 462 3248 praetor
469 3197 509 3245 34,

64 3266 84 3307 4.
107 3248 199 3297 sortitur
210 3250 343 3299 Sardiniam
356 3260 394 3310 55.
416 3254 510 3297 creatur

63 3326 509 3451 iiiiii'sii'a.1.ieinus‚auunvir,de

63 3442 114 3491 icat
130 3442 208 3489 sedem
220 3442 324 3491 Veneris
340 3442 461 3505 Erycinae
477 3441 510 3489 ad

63 3512 142 3555 >ortam
152 3505 267 3554 Collinam
278 3521 318 3566 40,
329 3518 368 3565 34.

63 3570 154 3619 Porcius
163 3568 256 3618 Licinus
266 3569 405 3632 praeficitur
420 3568 508 3617 deduc·

63 3634 112 3683 ioni
122 3632 210 3681 natium
220 3632 376 3682 Brundisium
388 3648 427 3693 43,
439 3642 477 3692 37.

79 3697 172 3747 Porcius
190 3699 257 3757 Cato,
278 3702 390 3759 quaestor
409 3697 439 3745 P.
458 3694 508 3744 Sci·

64 3762 174 3825 13331339,
185 3774 218 3823 15.
244 3761 331 3810 aedilis
346 3761 424 3822 plebis
435 3772 474 3819 33,
487 3770 508 3821 7.

64 3832 143 3874 rentur
157 3832 252 3887 praetor,
267 3824 325 3875 ibid.
346 3824 438 3874 obtinet
455 3824 508 3873 Sar

64 3890 141 3938 liniam
151 3890 164 3936 8
174 3895 195 3938 et
206 3902 241 3951 37.
263 3894 299 3937 est
312 3888 417 3951 asperior
430 3888 455 3936 in
469 3903 509 3937 co-

64 3953 152 4003 33333313
165 3954 262 4012 ioeuore,
272 3953 330 4003 ibid.
352 3958 447 4002 creatur
461 3968 508 4002 cos.

573 3058 678 3106 sincrum
698 3073 720 3117 3,
736 3074 760 3123 9.
784 3059 817 3107 ad
833 3075 889 3107 eum
907 3060 1046 3123 perfugiunt

573 3121 708 3183 Tarquini,
721 3123 779 3171 ibid.
805 3124 899 3171 bellurn
915 3123 988 3172 insert
1002 3139 1045 3185 po

573 3186 632 3249 pulo
640 3185 714 3235 Itoni.
724 3186 783 3234 ibid.
800 3187 894 3235 obsidet
901 3188 986 3235 urbem
995 3186 1045 3235 Ro-

572 3260 638 3297 mam
653 3263 688 3299 11.
712 3264 768 3298 cum
785 3249 876 3312 cogitat
890 3251 1001 3298 occidere
1015 3250 1045 3301 C.

572 3313 680 3371 Mucius,
700 3319 725 3362 et
743 3314 846 3362 scribam
867 3329 911 3375 pro
929 3330 985 3376 rege
1003 3316 1045 3362 ob

572 3382 669 3427 truncat
683 3392 718 3426 33.
740 3378 817 3426 mittit
826 3378 919 3440 legatos
930 3378 1046 3438 Romam,

572 3442 613 3504 qui
625 3442 656 3489 de
667 3456 727 3503 pace
738 3446 811 3503 agant
825 3454 860 3501 33.
877 3441 973 3491 obsides
982 3442 1045 3491 acci-

572 3506 610 3567 pit
625 3520 641 3553 a
656 3504 785 3563 Romanis,
795 3504 853 3553 ibid.
874 3503 953 3553 filiuni
966 3506 1045 3554 Arun-

572 3575 622 3617 tem
629 3568 736 3618 Ariciam
745 3574 911 3632 oppugnatum
921 3569 998 3618 mittit
1009 3584 1046 3631 ¹4·

571 3633 648 3681 mittit
659 3634 751 3695 legatos
762 3633 868 3681 Romam
883 3634 916 3682 de
929 3634 1045 3682 reducen-

572 3698 604 3745 do
625 3696 650 3745 in
671 3712 773 3760 regnum
795 3697 927 3759 Tarquinio
949 3708 985 3758 15.
1017 3698 1045 3746 fit

572 3760 664 3809 amicus
685 3760 771 3835 populi
789 3762 938 3810 1163313131.
965 3762 1046 3811 reddit

572 3824 674 3885 obsides,
685 3826 744 3874 ibid.
767 3840 851 3888 agrum
862 3826 992 3874 Veientem
1008 3840 1045 3875 re·

572 3888 659 3949 stituit,
670 3888 727 3938 ibid.
751 3890 890 3939 Porsennae
905 3890 966 3952 regis
980 3891 1046 3938 bona

572 3952 692 4001 vendendi
702 3968 756 4001 mos
766 3954 832 4003 unde
842 3954 930 4003 ductus
941 3967 964 4013 3,
977 3968 1013 4013 34.

64 4030 141 4079 7343.
158 4017 246 4067 sortitur
257 4016 402 4080 Hispaniam
414 4016 508 4079 provin·
541 4017 617 4066 Porta
635 4019 738 4079 Capena
759 4032 781 4078 1,
797 4017 835 4067 36.
855 4031 879 4079 3,
894 4032 931 4065 aa
952 4032 989 4077 10,
1005 4030 1044 4079 33.

64 4082 118 4131 riam
132 4094 164 4143 43.
186 4083 232 4131 eius
250 4086 333 4131 contra
351 4082 437 4130 luxum
453 4096 507 4129 mu·

571 4094 610 4143 25,
624 4096 663 4140 40.
681 4080 719 4141 36,
733 4096 770 4131 10.
787 4094 827 4145 33,
841 4079 884 4155 36.,
904 4086 975 4129 extra
989 4096 1044 4143 pon

64 4146 149 4195 liebrem
164 4162 201 4209 pro
214 4149 267 4210 lege
280 4146 362 4209 Oppia
378 4145 454 4194 oratio
467 4158 507 4206 34,
569 4150 621 4193 tam
640 4146 767 4207 Capenam
784 4160 912 4193 convenire
930 4145 1045 4194 iubentur

64 4225 82 4260 3.
107 4212 245 4273 proficiscitur
270 4210 296 4259 in
319 4209 464 4271 Hispaniam
484 4210 507 4259 8.
570 4208 656 4257 armati
666 4209 773 4257 iuniores
784 4220 806 4271 7,
817 4222 856 4269 33.
872 4210 983 4257 consules
993 4209 1044 4259 edi·

64 4275 109 4324 cius
123 4277 149 4324 de
162 4276 218 4325 bello
233 4274 324 4325 dictum
341 4288 364 4339 9.
388 4272 436 4322 urit
453 4274 507 4321 hos
571 4276 639 4331 cunt,
646 4272 742 4333 quoties
750 4272 777 4320 iu
788 4279 899 4321 senatum
912 4278 1044 4333 vomuerit,

64 4339 118 4389 tion
126 4340 248 4403 3333411131.
264 4338 356 4389 adeius
364 4352 444 4401 genua
453 4352 508 4400 pro-
572 4336 608 4384 uti
624 4341 746 4387 emtores
759 4337 792 4387 ad
808 4344 903 4401 ponam
918 4338 1044 4401 Capenam
