2934 4800
308 216 347 276 16
691 207 802 276 ΤΙΤΙ
830 209 967 277 Livii
1076 197 1079 202 ¹

150 368 185 418 U.
197 368 226 418 G.
243 377 298 428 575·
309 348 474 414 Concione
497 346 669 412 adveniens
684 346 724 412 de
747 344 871 412 Manlio
885 360 919 412 et
937 346 1032 412 Iunio
1051 347 1168 424 habita,
1183 368 1250 412 non
1270 345 1353 412 ultra

149 435 181 483 A.
198 434 228 484 ⁰·
246 441 298 493 ¹7⁷·
307 435 449 501 triduum
470 449 609 499 moratus
630 433 763 510 Romae,
782 433 958 520 paludatus,
974 457 1048 498 cnm
1065 433 1236 511 lictoribus,¹
1257 434 1354 498 votis·

308 545 371 609 que
387 521 420 585 in
437 520 598 608 Capitolio
613 521 812 607 nuncupatis,
828 521 862 584 in
876 521 1128 621 provinciam,oe
1151 543 1192 585 ue
1206 543 1243 585 ac
1277 519 1352 596 rius,
1462 588 1463 605 χ

200 629 250 689 11,
331 608 473 695 raecipiti
489 606 648 672 celeritate
667 607 741 672 abit.
787 607 901 672 Paucis
916 620 989 672 ante
1003 607 1115 673 diebus
1129 544 1243 671 lunius
1340 645 1354 656 -

151 632 332 763 Nesactiumli
392 718 433 759 ue
453 693 606 781 oppidum
628 692 825 771 Nesactium,
840 717 905 780 quo
919 716 953 759 se
972 694 1131 794 principes
1145 693 1298 758 istrorum
1320 705 1376 756 ets
1462 712 1463 733 i

150 777 271 852 claudius
309 717 436 869 algisius
462 781 470 844 i
511 804 528 846 e
556 780 606 844 Ae
632 781 684 846 ulo
713 795 884 880 receperat,
908 803 1032 845 summa
1056 803 1088 844 vi
1117 793 1351 868 oppugnarunt.
1462 830 1463 833 ,

150 844 207 956 dog:
219 842 281 890 Μ’
310 867 359 934 Eo
376 803 530 933 Claudiis
544 803 667 932 dnallus
681 866 858 954 legionibus
872 867 962 932 novis
976 866 1129 944 adductis,
1145 881 1251 931 vetere
1262 889 1354 930 exer·

309 955 375 1020 citu
395 977 468 1020 cum
488 954 552 1018 suis
571 953 705 1019 ducibus
725 952 864 1032 dimisso,
880 954 947 1041 ipse
967 953 1120 1040 oppidum
1140 951 1352 1028 circumsedit,
1462 944 1463 1001 l

309 1055 342 1106 et
362 1041 462 1142 vineis
482 1063 665 1142 oppugnare
686 1039 842 1104 intendit:
866 1062 1056 1126 amnemque
1077 1041 1354 1127 praeterfluentem

1462 1426 1463 1475 l

309 1151 444 1205 moenia,
461 1151 517 1213 qui
537 1142 570 1192 et
589 1127 818 1214 impedimento
839 1127 1093 1213 oppugnantibus
1112 1140 1188 1204 erat,
1203 1140 1238 1191 et
1255 1148 1355 1212 aqua·

310 1216 429 1280 tionem
446 1213 534 1278 Istris
547 1213 727 1300 praebebat,
743 1212 915 1277 multorum
935 1214 1059 1278 dierum
1074 1235 1168 1300 opere
1184 1227 1357 1299 exceptum

152 1316 232 1365 Furor
241 1331 284 1378 op
309 1325 393 1367 novo
407 1301 496 1366 alveo
512 1300 632 1366 avertit.
679 1299 727 1365 Ea
742 1322 791 1364 res
805 1300 952 1364 barbaros
967 1299 1117 1364 miraculo
1129 1299 1240 1364 terruit
1253 1299 1357 1363 absci-

151 1380 361 1454 Pld⁸¹¹⁰¹⁰¹¹¹sae
383 1411 503 1476 aquae:
527 1400 560 1453 et
579 1409 620 1452 ne
642 1399 710 1450 tuin
730 1385 861 1473 quidem
881 1408 1036 1451 memores
1057 1386 1153 1474 pacis,
1169 1386 1204 1449 in
1223 1384 1356 1450 caedem

310 1475 481 1562 coniugum
493 1497 530 1540 ac
544 1472 715 1539 liberorum
729 1474 825 1550 versi3
849 1473 955 1551 etiam,
968 1486 1004 1538 nt
1017 1471 1197 1559 spectaculo
1211 1472 1356 1536 hostibus

310 1576 374 1628 tani
389 1562 519 1626 foedum
533 1561 654 1625 facinus
669 1574 760 1637 esset,
772 1559 877 1647 palam
891 1560 926 1623 in
937 1559 1034 1624 muris
1049 1559 1221 1624 trucidatos
1234 1558 1358 1646 praeci-

309 1650 461 1737 pitabant.
506 1645 595 1712 Inter
616 1646 709 1710 simul
729 1646 1009 1734 complorationem
1030 1645 1219 1711 feminarum
1239 1667 1357 1732 puero-

309 1757 454 1821 rumque,
475 1732 569 1798 simnl
588 1732 758 1797 nefandam
777 1732 918 1810 caedem,
937 1733 1061 1809 milites,
1083 1732 1266 1820 transgressi
1284 1754 1357 1795 inu-
1462 1742 1463 1791 ἲ

310 1843 391 1896 rum,
414 1819 567 1906 opidum
592 1819 758 1884 intrarunt.
806 1818 909 1883 Cuius
934 1820 1019 1906 capti
1048 1818 1219 1884 tumultum
1249 1831 1286 1884 ut
1313 1840 1357 1882 ex

308 1906 425 1995 pavido
439 1929 456 1971 c
520 1928 574 1970 ore
585 1905 775 1990 fugientium
787 1906 910 1993 accepit
923 1927 989 1983 rex,
1003 1905 1126 1971 traiecit
1136 1904 1218 1970 ferro
1232 1919 1355 1993 pectus,

310 2017 352 2059 ne
372 1993 461 2058 vivus
481 2005 663 2080 caperetur:
688 1992 785 2056 ceteri
806 1992 901 2079 capti,
916 2006 972 2057 aut
991 1993 1094 2057 occisi.
1140 1992 1216 2056 Duo
1238 1991 1356 2056 deinde

311 2079 438 2168 oppida,
455 2078 573 2144 Mutila
591 2090 624 2143 et
644 2077 783 2155 Faveria,
799 2078 832 2143 vi
850 2091 943 2166 capta
962 2093 996 2144 et
1014 2078 1126 2144 deleta
1172 2078 1303 2155 Praeda,
1319 2091 1357 2142 ut

311 2167 345 2231 in
360 2181 455 2254 gente
472 2165 571 2253 inopi,
586 2187 641 2252 spe
662 2165 763 2230 maior
775 2165 846 2242 fuit,
861 2179 894 2229 et
914 2165 1017 2229 omnis
1036 2165 1189 2230 militibus
1208 2187 1358 2230 concessa

311 2267 367 2318 est.
415 2252 568 2338 Quinque
594 2251 693 2316 millia
718 2252 858 2338 capitum
883 2266 1033 2317 sexcenta
1053 2252 1183 2339 triginta
1207 2251 1273 2316 duo
1297 2251 1357 2316 sub

312 2363 429 2406 corona
442 2340 626 2404 venierunt:
650 2353 794 2405 auctores
808 2337 884 2403 belli
898 2339 994 2426 virgis
1008 2338 1100 2417 caesi,
1116 2354 1149 2404 et
1168 2338 1271 2428 securi
1285 2360 1358 2426 per·

156 2448 281 2511 lstnispa:
312 2428 403 2492 cossi.
448 2426 542 2492 lstria
556 2440 622 2491 tota
642 2426 738 2489 trium
757 2425 948 2525 oppidorum
962 2426 1088 2491 excidio
1107 2439 1140 2491 et
1154 2438 1256 2491 morte
1275 2425 1357 2512 regis

156 2518 218 2561 ωδ·
313 2529 425 2602 pacata
444 2528 509 2579 est:
538 2535 711 2600 omnesque
734 2512 877 2600 undique
899 2511 1019 2600 populi,
1035 2513 1196 2578 obsidibus
1215 2512 1308 2590 deus,
1322 2511 1357 2576 iii

313 2602 467 2666 ditionem
483 2614 647 2665 venerunt.

360 2688 426 2752 Sub
448 2686 550 2752 Istrici
572 2686 669 2750 finem
692 2686 767 2751 belli
789 2686 875 2773 apud
900 2685 1035 2773 Ligures
1056 2685 1191 2750 concilia
1210 2684 1251 2749 de
1273 2683 1358 2750 bello

207 2789 256 2849 12,
314 2773 425 2839 haberi
439 2785 558 2861 coepta.
605 2770 656 2837 Ti.
671 2771 826 2838 Claudius
845 2771 1022 2860 proconsul,
1038 2772 1095 2859 qui
1137 2785 1241 2837 raetor
1253 2772 1358 2859 priore

315 2883 398 2925 anno
420 2860 531 2936 fuerat,
554 2882 627 2924 cum
653 2859 810 2947 praesidio
832 2859 965 2946 legionis
986 2859 1081 2923 unius
1102 2796 1184 2923 Illsis
1205 2870 1357 2945 praeerat.

317 2945 420 3012 Cuius
440 2946 539 3011 literis
558 2958 684 3011 senatus
704 2946 819 3011 certior
832 2946 942 3023 factus,
958 2967 1010 3011 eas
1031 2945 1043 3009 i
1134 2945 1240 3011 literas
1259 2945 1302 3009 ad
1316 2943 1357 3009 C.

317 3032 490 3098 Claudium
505 3033 594 3119 (nain
614 3032 694 3097 alter
713 3032 900 3098 consuliam
922 3032 957 3096 in
979 3032 1021 3097 Sa
1061 3032 1158 3096 iniam
1180 3031 1360 3117 traiecerat)

315 3119 500 3185 deserendas
522 3132 648 3184 censet:
677 3132 710 3183 et
731 3119 840 3184 adiicit
861 3119 1034 3195 decretum,
1059 3118 1245 3194 ‘Quoniam
1267 3116 1361 3183 Istria
1462 3149 1463 3154 ¹

316 3206 498 3293 ‘provincia
518 3205 661 3271 confecta
674 3219 766 3282 esset,
782 3206 809 3269 si
828 3204 859 3269 ei
873 3204 1042 3282 videretur,
1059 3206 1233 3270 exercitum
1251 3204 1361 3269 tradu-
1462 3249 1463 3282 ;

159 3316 212 3365 Res
219 3315 245 3363 in
254 3315 307 3364 siis
317 3302 326 3331 ‘
337 3308 424 3358 cerei
437 3293 471 3356 in
487 3291 641 3378 Ligures?
687 3290 788 3356 Simul
798 3312 840 3355 ex
855 3290 953 3355 literis
962 3291 1108 3369 consulis,
1120 3314 1198 3378 quas
1208 3291 1250 3356 de
1265 3293 1361 3357 rebus
1462 3325 1463 3370 3

159 3379 288 3442 mnisges
316 3380 350 3444 in
372 3378 465 3445 Istria
486 3379 583 3465 gestis
605 3378 664 3443 scri
688 3393 779 3455 serat,
802 3378 837 3441 iii
859 3378 993 3442 biduum
1013 3401 1051 3443 su
1073 3378 1200 3466 plicatio
1222 3378 1359 3443 decreta.
1462 3417 1463 3434 1

162 3450 211 3494 ‘⁸⁰'
317 3465 360 3532 Et
383 3468 422 3531 ab
442 3465 541 3531 altero
563 3402 691 3531 consuli
713 3462 764 3529 Ti.
779 3464 966 3551 Sempronio
987 3465 1022 3529 in
1046 3402 1191 3530 gerilinia
1210 3487 1361 3552 prospere
1462 3455 1463 3466 ¹

316 3576 366 3619 res
387 3566 483 3641 gesta.
530 3550 715 3623 Exercitum
737 3551 772 3615 in
793 3574 904 3639 agrum
928 3550 1098 3617 Sardorum
1124 3550 1288 3617 Iliensium
1310 3554 1361 3615 in-

317 3639 417 3705 duxit
455 3638 640 3704 Balarorum
652 3660 765 3726 magna
776 3638 894 3703 auxilia
902 3636 1070 3710 Iliensibus
1079 3650 1238 3703 venerant.
1275 3636 1362 3703 Cum

317 3744 451 3814 utraque
480 3738 576 3812 gente
606 3725 703 3812 signis
732 3724 852 3789 collatis
881 3724 1032 3790 conflixit.
1093 3723 1168 3789 Fusi
1195 3724 1361 3812 fligatiquc

316 3812 432 3890 hostes
449 3812 619 3897 castrisque
635 3811 741 3875 exuti:
765 3810 936 3877 duodecim
949 3810 1049 3875 millia
1058 3824 1248 3876 armatorum
1260 3834 1360 3877 caesa

317 3898 450 3964 Postero
466 3896 518 3962 die
534 3920 620 3961 arina
634 3896 715 3961 lecta
729 3897 845 3962 coniici
860 3898 894 3962 in
912 3920 1060 3962 acervum
1074 3898 1164 3963 iussit
1178 3897 1298 3975 consul,
1312 3920 1361 3963 sa·

317 4008 470 4073 crumque
500 3984 535 4047 id
559 3982 704 4048 Vulcano
729 3984 886 4049 cremavit
934 3982 1099 4049 Victorem
1124 3984 1302 4049 exercitum
1327 3986 1362 4049 in

350 4238 531 4296 3Nesaotiom]
546 4235 629 4284 Huius
639 4234 723 4297 oppidi
735 4249 825 4283 nomen
861 4250 896 4299 19·
922 4240 948 4283 et
966 4235 1071 4285 Ptolem.
1089 4234 1123 4284 iii.
1145 4251 1164 4284 i.
1182 4241 1288 4295 secutus,
1308 4252 1362 4299 pro·

319 4300 354 4348 ita
364 4300 518 4349 scribendum
529 4306 613 4349 monet
624 4300 755 4349 Cluverius
766 4300 824 4347 Ital.
857 4301 930 4348 bante
940 4298 1048 4349 cellario
1060 4298 1149 4361 Geogr.
1160 4300 1218 4348 Ant
1230 4299 1256 4350 ii.
1267 4315 1290 4364 9.

320 4365 379 4412 Ant.
394 4364 409 4413 ί.
429 4378 466 4413 21.
487 4370 599 4413 auctores
615 4364 680 4413 Plin.
693 4363 727 4412 H.
741 4362 775 4412 N.
789 4362 823 4411 iii.
