2934 4800
395 229 490 296 LIB.
515 229 623 296 XLII.
657 230 769 297 CAP.
794 237 845 297 25.
1098 239 1141 300 69

88 368 313 458 ‘captandum
326 369 463 434 veniant.
511 368 545 434 Si
559 367 679 457 aliquid
694 367 825 456 possent
837 368 1024 436 Masinissae
1039 369 1140 437 hono·
1151 386 1185 437 U.
1195 387 1226 438 0.
1241 386 1297 449 580·

61 457 278 534 4‘riseanse,
294 469 327 522 et
341 455 450 521 secisse
464 469 498 521 et
511 456 648 520 facturos
662 479 747 522 eme:
772 457 821 522 ius
839 457 958 546 gratiae
972 479 1039 522 non
1053 454 1180 524 dare*-
1196 453 1227 502 0·
1245 463 1298 514 ¹⁷²·

89 552 100 581 ‘
113 543 255 631 Agrum,
270 565 335 632 qua
348 542 502 631 cuiusque
515 543 566 621 sit,
581 542 734 630 possideri
749 542 847 608 velle:
876 567 936 608 nec
958 566 1057 609 novos
1077 557 1141 610 sta·

62 639 207 694 ⁵‘tuere
222 630 312 708 fines,
327 629 383 694 sed
397 642 520 694 veteres
534 629 701 708 observari,
716 630 752 694 in
766 630 873 695 animo
885 630 1012 696 habere.
1059 630 1139 696 Cer·

90 724 101 754 ‘
114 716 369 818 thaginiensibus
383 715 473 782 victis
488 738 520 780 se
536 729 570 781 et
583 717 686 794 urbes,
697 730 730 781 et
742 739 832 805 agros
846 716 1052 794 concessisse3
1072 741 1139 783 non

90 811 154 868 ‘ut
175 826 212 868 m
233 826 310 891 poce
334 803 493 890 eriperent
515 825 573 890 per
598 802 756 881 iniuriam,
779 827 860 890 quae
882 804 951 868 iure
972 803 1048 869 belli
1072 827 1140 870 non

90 889 329 956 ‘ademissent'
359 889 409 954 Ita
419 887 546 977 regulus
558 887 898 977 Carthaginiensesque
907 890 1036 955 dimissi.
1062 890 1140 956 Mu-

89 999 175 1042 nera
193 999 235 1042 ex
252 977 397 1043 instituto
415 975 491 1041 data
510 977 662 1065 utrisque,
677 975 802 1065 aliaque
821 976 989 1065 hospitalia
1007 978 1141 1044 comiter

89 1076 289 1129 conservata.
946 1092 957 1120 ι

138 1149 209 1216 Sub
234 1149 319 1216 idem
342 1161 468 1238 tempus
491 1148 553 1214 Cn.
572 1147 722 1215 Servilius
745 1148 878 1236 Caepio,
900 1149 964 1237 Ap
983 1149 1139 1216 Claudius
1195 1159 1247 1221 25.

91 1235 239 1315 Centho,
250 1237 290 1302 T.
305 1237 432 1302 Annius
443 1236 566 1302 Luscus
580 1235 686 1323 legati,
701 1236 743 1302 sd
757 1259 806 1302 res
821 1238 1008 1324 repetendas
1022 1238 1056 1301 in
1066 1237 1140 1304 Ma·
1148 1241 1234 1304 Legati
1244 1243 1278 1292 sd

62 1324 263 1390 6cedoninm
274 1322 581 1409 renuntiandamque
592 1323 764 1387 amicitiam
775 1323 844 1410 regi
853 1323 950 1401 missi,
959 1323 1136 1389 redieruntz
1147 1321 1269 1419 Zffil

115 1412 152 1476 ui
165 1411 232 1475 iarn
246 1433 303 1476 sus
315 1423 427 1497 sponte
443 1409 593 1475 infestum
607 1409 697 1474 Persi
711 1422 857 1474 senatum
879 1410 1009 1498 insuper
1027 1433 1139 1477 accen·
1148 1434 1264 1483 simodo

138 1510 222 1576 runt,
246 1497 352 1564 relatis
371 1495 492 1574 ordine,
512 1519 595 1583 quae
616 1494 779 1572 vidissent,
799 1518 945 1583 quaeque
969 1495 1214 1562 audissencniam
1229 1497 1297 1548 mini

93 1583 243 1650 ‘Vidisse
263 1607 297 1649 se
318 1605 377 1671 per
390 1605 501 1648 omnes
515 1584 608 1648 urbes
624 1581 841 1648 Macedonum
855 1604 979 1647 summa
991 1583 1024 1648 vi
1038 1584 1141 1672 parari
1148 1563 1259 1613 ”dm

94 1670 245 1737 ‘bellum
292 1669 404 1746 Quum
423 1670 465 1735 ad
485 1692 593 1757 regem
615 1669 841 1757 pervenissent,
855 1691 915 1758 per
935 1669 1051 1736 multos
1072 1670 1140 1736 dies

94 1757 329 1824 ‘conveniendi
339 1757 407 1822 eius
465 1769 609 1822 testatem
624 1778 690 1821 non
704 1755 837 1821 factam:
861 1771 1029 1844 postremo,
1039 1780 1140 1844 quum

93 1845 284 1933 ‘desperato
297 1844 361 1909 iam
375 1779 534 1931 colidquio
548 1843 681 1931 profecti
695 1855 809 1921 essent,
821 1855 891 1908 tum
905 1843 1035 1908 demum
1049 1867 1083 1909 se
1098 1868 1140 1910 ex

93 1932 230 1996 ‘itinere
245 1943 414 2008 revocatos,
430 1945 463 1994 et
480 1929 522 1994 ad
541 1953 614 1994 eum
632 1929 828 1996 introductos
849 1951 925 1995 esse.
973 1929 1055 1996 Suae
1070 1953 1140 1997 ora-

93 2019 213 2084 ‘tionis
230 2041 384 2084 summam
398 2017 513 2082 fuisse:
537 2015 673 2095 Foedus,
688 2039 762 2082 cum
776 2016 928 2104 Philippo
941 2017 1051 2094 ictum,
1066 2040 1140 2082 curn

93 2107 187 2193 ‘ipso
210 2129 249 2170 eo
272 2118 344 2192 post
366 2117 500 2170 mortem
525 2104 623 2191 petris
645 2116 851 2168 renovatum:
880 2103 915 2166 in
959 2126 1002 2169 uo
1023 2103 1139 2169 diserte

93 2191 278 2280 ‘prohiberi
292 2213 376 2269 eum,
392 2204 482 2257 extra
500 2190 581 2255 fines
602 2211 688 2254 erma
702 2190 832 2267 efferre3
855 2126 1024 2276 prohiheri,
1039 2191 1140 2256 socios

93 2286 158 2368 ‘po
183 2277 229 2342 uli
252 2277 390 2343 Romani
413 2278 563 2342 lacessere
589 2275 682 2342 bello.
729 2275 882 2364 Exposita
904 2275 1021 2342 deinde
1044 2278 1084 2342 ab
1105 2300 1139 2342 se

92 2373 135 2431 ιο
177 2365 185 2379 ’
211 2387 239 2443 e,
255 2387 337 2452 quse
358 2363 419 2453 ipsi
440 2386 543 2452 nuper
564 2363 598 2429 in
621 2375 733 2431 senatu
754 2361 932 2429 Eumenem
946 2384 1020 2429 vera
1033 2365 1141 2431 omnia

93 2460 150 2517 ‘et
175 2465 337 2539 comperta
363 2452 553 2516 referentem
581 2450 751 2517 audissent
800 2448 1021 2515 Samothracae
1049 2474 1141 2537 prae·

94 2546 205 2605 ‘terea
225 2561 282 2625 per
303 2536 419 2603 multos
433 2537 501 2603 dies
515 2536 676 2602 occultum
691 2534 857 2615 consilium
879 2558 952 2603 cum
974 2536 1141 2624 legationi-

94 2626 178 2691 ‘hus
201 2624 376 2690 civitatium
400 2624 496 2690 Asiae
521 2646 629 2711 regem
653 2623 808 2689 habuisse
854 2622 919 2688 Pro
943 2622 993 2687 his
1017 2622 1141 2689 iniuriis

94 2710 271 2789 ‘satisfieri
286 2724 431 2777 senatum
451 2732 589 2797 aequum
607 2732 747 2789 censere,
762 2709 917 2797 reddique
938 2709 999 2775 sibi
1019 2732 1069 2775 res
1090 2732 1142 2777 so-

94 2800 238 2885 ‘ciisque
253 2798 327 2876 suis,
343 2818 421 2884 quas
435 2811 546 2864 contra
564 2797 613 2861 ius
634 2796 770 2883 foederis
788 2796 912 2862 habeat
959 2796 1084 2884 Regem
1098 2797 1141 2863 ad

95 2895 156 2951 ‘ea
181 2885 284 2973 primo
309 2906 476 2949 accensum
501 2884 549 2948 irs
573 2882 781 2949 inclementer
805 2882 956 2961 locutum,
976 2883 1140 2949 avaritiam

94 2972 359 3061 ‘superbiamque
374 2970 527 3036 Romanis
542 2970 745 3035 obiicientem
758 2969 804 3033 fre
827 2984 960 3034 uenterz
983 2969 1071 3057 quod
1085 2970 1140 3036 elii

94 3068 212 3147 ‘super
226 3058 303 3123 alios
317 3057 413 3145 legati
427 3057 572 3122 venirent
593 3056 789 3144 speculatum
804 2993 890 3120 dicta
905 3056 1051 3145 factoque
1072 3079 1139 3137 sua,

95 3155 106 3184 ‘
140 3145 206 3213 uod
227 3168 261 3211 se
283 3144 324 3210 ad
346 3157 460 3209 nutum
481 3143 838 3231 imperiumqueeorum
853 3144 961 3209 omnia
974 3143 1081 3209 dicere
1103 3167 1141 3209 sc

95 3170 219 3298 ‘dhaere
241 3253 380 3319 aequum
398 3244 572 3296 censerent
618 3228 793 3307 Postremo,
808 3227 945 3295 multum
959 3229 1068 3295 nediu
1084 3254 1141 3295 vo-

95 3320 292 3397 ‘ciserstum
301 3318 416 3382 reverti
430 3330 556 3405 postero
568 3316 621 3381 die
632 3316 773 3381 iussisse:
797 3316 948 3405 scriptum
962 3339 995 3381 se
1010 3339 1140 3404 respon·

95 3416 187 3471 ‘sum
211 3405 286 3471 dare
308 3402 397 3470 velle.
443 3402 678 3469 Tumitasibi
703 3404 855 3468 scritum
881 3402 1030 3468 traditum
1052 3424 1138 3467 esse:

95 3492 252 3570 ‘Foedus
276 3513 350 3558 cum
374 3504 462 3579 pstre
484 3490 594 3567 ictum,
615 3488 656 3553 nd
676 3512 710 3555 se
746 3490 762 3567 ᾗ
787 3488 810 3552 il
832 3489 999 3575 pertinere.
1044 3486 1085 3552 Id
1106 3511 1140 3553 se
1168 3518 1174 3523 ⁴

95 3590 107 3620 ‘
115 3580 271 3657 renovari,
285 3600 351 3643 non
365 3578 441 3666 quia
454 3576 610 3665 probaret,
625 3575 682 3641 sed
697 3576 774 3662 quia
794 3574 829 3638 in
849 3596 933 3638 nova
945 3574 1140 3661 possessione

96 3668 206 3756 ‘regni
228 3664 380 3754 patienda
399 3663 507 3729 omnia
526 3675 639 3740 essent,
654 3684 790 3749 possum
836 3658 966 3725 Novum
983 3660 1095 3726 foedus
1113 3662 1141 3727 si

96 3764 107 3794 ‘
114 3777 224 3821 secum
238 3752 341 3819 facere
354 3750 481 3828 vellent,
494 3750 662 3817 convenire
677 3748 765 3837 prius
778 3747 819 3813 de
834 3745 1069 3813 conditionibus
1083 3748 1141 3814 de·

97 3844 212 3907 ‘berez
236 3852 278 3918 et,
296 3840 323 3904 si
342 3839 377 3904 in
398 3839 540 3904 animum
561 3836 762 3912 inducerent,
784 3847 822 3900 ut
842 3856 883 3899 ex
904 3856 1008 3922 aequo
1029 3834 1141 3901 foedus

96 3930 218 4005 ‘fieret
240 3942 326 3992 etse
346 3926 496 4002 visurum,
516 3924 595 4013 quid
617 3924 677 3989 sibi
694 3921 879 3989 faciundum
901 3934 992 4000 esset,
1015 3934 1049 3986 et
1070 3922 1141 3989 illos

96 4014 245 4081 ‘credere
260 4013 452 4102 reipublicae
467 4010 672 4078 consulturos
708 4011 818 4098 Atque
832 4008 878 4075 ita
891 4031 924 4075 se
939 4008 1141 4096 proripuisse,

126 4212 206 4271 4Ιω
223 4209 321 4270 matius
340 4222 391 4256 non
411 4208 483 4267 durs]
511 4206 543 4255 Se
564 4204 603 4253 ius
667 4204 846 4264 Νάσωνα
856 4203 990 4262 murensi]
1007 4202 1142 4253 Observare

94 4290 145 4324 non
162 4274 254 4322 violare
271 4271 298 4319 in
313 4271 416 4334 gretiam
432 4283 603 4333 personarum,
634 4272 733 4316 auctore
745 4266 869 4315 Gronorio
879 4265 1091 4341 recepitoBekker.

96 4400 309 4453 m,
358 4334 602 4399 ιιιι
634 4328 1142 4457 un]
