2934 4800
328 206 373 265 24
719 200 832 266 ΤΙΤΙ
858 199 996 268 LIVII

62 445 65 450 ,
175 349 212 464 r·
225 351 257 466 c:
270 336 896 511 acromonte
908 336 1376 501 murs,

43 523 47 532 “
333 533 406 576 cum
421 509 596 576 accolarum
610 525 644 575 et
660 509 896 578 Scordiscorum
910 510 1044 588 auxiliis,
1056 509 1239 576 audendum
1253 510 1376 597 aliquid

333 597 384 662 vel
403 609 521 663 temere
541 597 612 675 rati,
630 621 740 664 omnes
756 599 900 685 undique
919 598 1031 663 armati
1048 597 1090 662 ed
1108 596 1272 684 oppidum,
1286 596 1376 697 quod

332 685 513 772 proximum
538 685 645 750 caenis
667 684 892 751 Bastarnarum
912 698 989 762 erat,
1012 684 1214 750 conveniunt.
1259 681 1376 749 Hiems

333 785 409 848 erat,
425 783 458 836 et
472 771 506 836 id
523 771 598 836 anui
619 783 743 858 tempus
757 772 927 859 elegerant,
942 786 979 836 ut
993 771 1133 836 Thraces
1154 769 1376 857 Scordiscique

333 859 368 922 in
386 859 466 922 lines
485 879 558 922 suos
576 858 708 924 abirent
757 858 856 934 Quod
876 858 932 922 ubi
948 858 995 923 its
1009 856 1138 935 factum,
1158 871 1192 922 et
1210 856 1293 923 solos
1310 857 1377 922 iam

333 967 400 1010 esse
423 945 590 1010 Bastarnas
611 945 791 1022 audierunt,
810 943 956 1010 bihriam
976 943 1125 1009 dividunt
1145 944 1269 1031 copias:
1279 965 1376 1096 diem

333 1043 369 1094 ut
382 1043 468 1096 recto
483 1031 596 1096 itinere
611 1032 652 1096 ad
671 1030 890 1096 lacessendum
904 1054 945 1096 ex
960 1043 1068 1118 aperto
1082 1031 1161 1107 iret3
1183 1052 1265 1117 pars,
1323 1030 1353 1093 ri

332 1116 415 1182 saltu
425 1117 651 1196 circumduco,
661 1119 701 1182 sb
717 1131 806 1204 tergo
817 1117 1050 1204 aggrederetur.
1096 1116 1261 1194 Ceterum,
1271 1117 1377 1203 prius·

333 1225 429 1290 quam
458 1204 622 1269 circumire
652 1217 753 1270 castra
781 1205 920 1270 hostium
944 1217 1082 1292 possent,
1107 1219 1285 1291 pugnatum
1306 1218 1374 1279 est3

331 1289 470 1378 victique
493 1289 637 1355 Dardani
654 1290 888 1378 compelluntur
905 1292 940 1356 in
962 1291 1083 1368 urbem,
1102 1312 1186 1378 quae
1206 1289 1272 1356 fere
1293 1289 1377 1354 duo·

331 1375 436 1441 decim
451 1377 549 1442 millia
563 1377 602 1442 ab
616 1379 725 1444 castris
740 1377 963 1444 Bastarnarum
976 1379 1092 1442 aberat
1137 1375 1284 1444 Victores
1297 1399 1376 1442 eon-

331 1463 435 1528 sestim
460 1463 688 1530 circumsidunt
713 1466 836 1543 urbem,
858 1464 945 1530 haud
970 1465 1068 1529 dubie
1097 1476 1223 1550 postero
1243 1463 1297 1530 die
1318 1479 1376 1528 eut

331 1563 420 1615 metu
441 1549 595 1616 dedituris
616 1574 649 1616 se
671 1551 825 1628 hostibus,
846 1565 902 1616 aut
920 1552 953 1615 vi
974 1572 1038 1637 exp
1123 1550 1195 1616 turi.
1240 1549 1375 1616 Interim

252 1687 255 1696 ,
331 1635 554 1702 Dardanorum
574 1637 671 1702 altera
689 1659 813 1714 manus,
832 1661 913 1724 quae
933 1638 1052 1702 circum
1076 1653 1149 1702 ucta
1166 1649 1244 1714 erat,
1264 1636 1376 1723 ignara

330 1722 428 1786 cladis
456 1745 594 1801 suorum,
618 1737 720 1788 castra
743 1723 968 1789 Bastarnarum
990 1723 1059 1788 siue
1081 1722 1240 1811 praesidio
1262 1722 1375 1790 relicta

332 1807 436 1895 [nullo
450 1831 472 1872 u
514 1809 578 1874 otio
592 1810 687 1896 cepit.
732 1809 914 1886 Bastarnae,
929 1810 1017 1875 omni
1031 1823 1065 1875 et
1078 1823 1255 1876 commeatu
1270 1824 1304 1876 et
1317 1834 1375 1898 ap—

329 1907 441 1981 paratu
459 1831 583 1974 becilico,
599 1897 656 1983 qui
670 1895 703 1959 in
718 1897 828 1962 castris
844 1896 955 1974 fuerat,
971 1897 1070 1974 exuti,
1085 1919 1185 1984 quum
1200 1897 1269 1962 eius
1281 1920 1374 1984 mpe-

329 1981 420 2046 mndi
442 1981 573 2046 facultas
591 2005 632 2048 ex
654 1982 761 2047 hostili
778 1983 918 2070 regione,
936 1997 969 2048 et
987 1982 1102 2048 infesto
1122 1998 1186 2048 tem
1229 2006 1263 2047 re
1285 1985 1372 2063 anni,

328 2067 418 2132 nulla
438 2082 529 2145 esset,
551 2069 667 2156 patrias
688 2069 781 2134 sedes
800 2083 944 2156 repetere
965 2083 1150 2135 statuemur.
1186 2006 1310 2156 lotaque
1331 2071 1396 2142 ads

329 2152 476 2220 Histrum
491 2158 632 2256 regressi,
647 2178 713 2220 non
728 2156 796 2221 sine
810 2156 935 2244 ingenti
949 2156 1068 2221 laetitia
1081 2157 1202 2222 flumen
1218 2156 1284 2222 alta
1295 2181 1373 2223 cou-

328 2255 449 2306 cretum
486 2239 564 2307 lacre
579 2241 790 2321 offendenmt,
802 2265 885 2331 quae
896 2242 1019 2308 nullum
1034 2265 1115 2308 onus
1128 2266 1271 2308 recusare
1281 2244 1372 2310 vide·

327 2341 423 2393 retur.
464 2265 590 2394 iterum
601 2330 806 2395 incumbente
816 2329 1034 2395 festinantium
1044 2351 1141 2418 seque
1157 2353 1251 2396 cursu
1262 2329 1373 2432 agglo-

326 2415 517 2481 merentium
541 2416 707 2483 hominum
729 2440 766 2483 ac
788 2418 1003 2483 iumentorum
1026 2430 1094 2483 toto
1114 2417 1208 2483 simul
1232 2440 1371 2505 agmine,

323 2502 442 2589 ,glacies
457 2504 515 2569 sub
529 2504 683 2569 immenso
698 2503 839 2592 pondere
853 2504 1002 2569 fatiscens
1019 2505 1125 2569 subito
1138 2504 1283 2581 dissiluit,
1297 2506 1396 2573 uui-4

257 2645 259 2649 .
326 2612 514 2677 versumque
529 2612 652 2678 agmen,
667 2590 757 2679 quod
770 2591 826 2655 diu
841 2592 1040 2668 sustinuerat,
1056 2591 1168 2656 mediis
1181 2592 1370 2691 ss'lffglfibffl’

327 2675 410 2741 victa
424 2676 552 2741 tandem
568 2690 601 2743 et
615 2678 818 2756 comminuta,
833 2678 985 2743 destituit
1030 2678 1166 2743 Plurimi
1178 2692 1284 2743 statim
1298 2702 1372 2743 vor·

326 2762 440 2827 ticibus
458 2764 562 2829 hausti
579 2778 662 2830 sunt
708 2763 831 2830 Multos
850 2780 978 2831 enatare
996 2779 1146 2829 conantes
1162 2780 1285 2830 crustae
1305 2765 1372 2830 dis·

326 2848 446 2914 solutae
461 2850 614 2937 fragmina
633 2850 860 2937 superinducta
876 2864 1061 2917 merserunt.
1106 2851 1206 2916 Pauci
1225 2852 1371 2917 exomni

326 2936 445 3023 populo
469 2960 527 3024 per
550 2952 716 3024 utramque
743 2937 844 3024 ripam
866 2938 920 3001 vix
943 2939 1077 3004 concisis
1101 2938 1271 3003 visceribus
1295 2961 1371 3003 eva-

327 3037 444 3087 serunt.

372 3108 452 3195 [Per
470 3132 507 3174 ea
527 3123 669 3197 tempora
688 3109 878 3186 Antiochus,
894 3108 1007 3197 Magni
1027 3111 1184 3176 Antiochi
1201 3110 1296 3207 lilius,
1310 3114 1369 3212 qrri

228 3266 230 3273 ,
326 3195 383 3259 diu
414 3195 535 3261 Romae
564 3197 654 3261 obses
678 3196 796 3288 fuerat!
817 3210 941 3261 mortuo
968 3196 1101 3263 Seleuco
1125 3198 1230 3274 fratre,
1256 3197 1368 3286 Syriae

325 3281 1370 3471 tttttttt?luultlttllttthtttdlltffitt
1458 3355 1459 3446 l

206 3496 208 3507 ι
327 3454 435 3542 Syriae
457 3480 534 3543 opes
555 3480 628 3522 acce
652 3471 736 3533 isset,
758 3470 831 3543 post
855 3456 991 3521 otiosum
1011 3456 1170 3544 nullisque
1192 3458 1367 3523 admodum

323 3544 417 3607 rebus
436 3544 532 3631 gestis
547 3480 749 3610 nobilitatum
767 3565 922 3607 annorum
937 3543 1105 3609 duodecim
1197 3568 1263 3622 um,
1278 3544 1367 3610 hunc

324 3629 478 3694 minorem
497 3645 575 3697 ustu
594 3631 730 3708 fratrem,
749 3630 845 3695 misso'
867 3630 1004 3697 Romam
1024 3631 1059 3694 in
1080 3632 1149 3697 eius
1181 3654 1276 3697 ocum
1296 3632 1365 3697 lilio

323 3736 381 3777 suo
403 3715 577 3795 Demetrio,
600 3718 768 3796 revocavit,
788 3740 830 3782 ex
850 3716 986 3783 foederis
1006 3716 1137 3804 legibus,
1160 3741 1226 3804 quo
1247 3718 1364 3783 mutari
1374 3751 1388 3799 5

321 3799 496 3865 identidem
511 3804 665 3869 obsideso
708 3806 831 3869 rtebat'
867 3803 930 3868 Vix
944 3804 996 3868 ille
1009 3804 1154 3869 Athenas
1164 3820 1363 3891 pervenerat,

321 3908 419 3973 quum
437 3886 587 3952 Seleucus
601 3890 661 3953 insi
685 3891 723 3954 iis
744 3889 922 3966 Heliodori,
938 3892 1030 3954 unius
1045 3913 1086 3954 ex
1100 3892 1289 3978 purpuratis,
1305 3915 1363 3980 op-
1458 3931 1459 3970 3

351 4101 513 4163 3Itaqneod
524 4100 637 4147 ffatnam
653 4102 769 4162 reorent]
793 4100 823 4148 cf.
857 4099 1041 4160 transeuntium,
1065 4107 1091 4150 et
1113 4102 1201 4151 mediis
1226 4103 1362 4167 gurgitibus
1458 4143 1459 4148 ¹

319 4164 388 4213 Oros
400 4163 431 4211 ir.
444 4178 482 4212 oc.
855 4164 1006 4223 homerum,
1029 4167 1095 4228 apud
1117 4168 1232 4229 Aeschyl.
1253 4168 1321 4219 Pers.
1338 4186 1361 4219 v.
1458 4173 1459 4218 ζ

297 4236 310 4257 ¹
350 4229 506 4289 4Fatisoenr
515 4230 606 4289 cubito]
624 4226 822 4277 Cilicisiumeu-
855 4238 909 4290 473
920 4236 1025 4277 narrata
1458 4241 1459 4254 ³

317 4298 367 4341 tem
380 4291 471 4341 venerit
485 4293 568 4341 clades
582 4292 627 4341 illa
639 4292 768 4341 Persarum
779 4308 823 4353 per
885 4296 958 4353 5132
972 4294 1084 4352 foederis
1103 4297 1209 4357 kaim]
1234 4296 1264 4347 cf.
1284 4298 1359 4361 Sept.
1458 4351 1459 4364 χ

318 4357 418 4405 fluvium
431 4356 584 4419 Strymonem
595 4355 673 4418 glacie
681 4362 821 4405 concretum
853 4356 953 4405 mviii
964 4358 1004 4417 38.
