2934 4800
370 268 467 334 LIB.
491 267 616 334 XLIV.
649 269 762 335 CAP.
789 274 818 335 6.
1059 275 1119 335 129

36 403 203 468 tenebat.
250 402 301 468 Ibi
318 403 401 468 vallo
422 403 527 492 campi
548 427 677 492 quoque
699 417 832 492 partem,
849 405 904 470 ubi
926 425 1026 492 eques
1047 417 1162 475 ten-U.
1174 425 1204 475 c.
1219 427 1275 487 5⁸³·

35 489 162 568 deret,
179 489 463 576 amplectebantur.
816 567 820 576 Ι
1125 491 1157 540 Α·
1173 490 1204 540 ⁰·
1222 488 1267 553 ¹⁶9

94 573 246 641 lavanti
275 577 343 663 regi
373 575 493 643 dicitur
516 576 709 656 nuntiatum,
739 578 846 644 hostes
875 577 992 644 adesse.
1040 576 1116 654 Quo
1182 595 1212 658 6,

40 662 178 726 nuntio
201 684 302 749 quum
323 662 458 750 pavidus
483 663 662 730 exsiluisset
686 688 706 729 e
731 663 820 742 solio,
846 664 964 729 victum
990 683 1024 728 se
1046 665 1207 730 sinePsrsei
1219 696 1261 744 ps

40 747 185 834 proelio
208 747 374 814 clamitans
395 750 573 850 proripuit3
600 764 643 827 et,
667 750 803 816 subinde
826 773 884 838 per
906 751 968 815 alia
989 745 1248 838 alisquew‘r‘le·

21 862 27 901 t
42 833 181 921 pavida
193 835 325 899 consilia
339 848 374 900 et
386 835 521 924 imperta
531 835 701 923 trepidans,
713 836 794 902 duos
805 859 847 901 ex
861 836 979 914 amicis,
991 834 1113 901 Pellam
1122 809 1246 935 „mxl”

42 920 210 999 alterum,
225 921 281 986 ubi
301 920 439 1008 pecunia
457 922 602 1010 deposita
620 937 697 1000 erat,
712 922 848 988 alterum
865 945 966 1010 usque
981 921 1023 988 sd
1037 921 1115 987 Par·

44 1007 167 1084 thum,
182 1029 223 1072 ex
260 1007 402 1072 raesidiis
417 1021 562 1085 revocat3
586 1029 761 1096 omnesque
778 1009 883 1074 aditus
900 1007 1002 1096 aperit
1019 1007 1113 1074 bello.

21 1093 146 1180 tIpse‚
163 1094 205 1158 ab
256 1094 287 1158 'o
300 1093 417 1158 auratis
430 1094 542 1160 statuis
556 1095 704 1160 omnibus
720 1095 828 1182 raptis,
844 1117 885 1160 ne
899 1093 1018 1195 praeda
1030 1094 1114 1160 hosti

46 1191 181 1256 essent,
195 1179 316 1245 incolas
329 1180 400 1244 eius
413 1180 476 1246 loci
489 1180 667 1267 demigrare
683 1180 831 1269 Pydnam
846 1193 951 1268 cogit:
975 1193 1018 1258 et,
1030 1202 1113 1268 quae

46 1264 226 1331 temeritas
250 1265 389 1331 consulis
411 1266 513 1332 videri
538 1267 702 1356 potuimet,
726 1267 815 1354 quod
838 1290 878 1332 eo
902 1266 1113 1368 processisset,

21 1351 149 1418 sunde
170 1351 272 1417 invito
291 1351 383 1418 hoste
402 1352 527 1441 regredi
549 1352 707 1440 nequiret,
722 1376 793 1418 eam
817 1375 883 1418 non
902 1351 1114 1417 meonsultam

47 1437 228 1503 audaciam
241 1439 327 1504 lecit.
372 1439 466 1504 Duos
484 1439 571 1505 enim
590 1439 698 1518 saltus,
713 1461 772 1527 per
809 1461 866 1503 uos
886 1437 962 1502 inde
981 1435 1114 1503 evadere

154 1537 202 1602 nt,
220 1525 381 1591 habebant
395 1524 554 1590 Romanir
578 1548 681 1591 unum
700 1543 759 1613 per
779 1463 903 1614 'lempe
923 1524 958 1588 in
978 1523 1115 1590 Thessa·

48 1544 153 1688 lx?
163 1610 300 1676 alterum
314 1612 350 1676 in
364 1610 590 1678 Macedoniam
603 1624 731 1701 praeter
745 1609 864 1688 Dium3
881 1629 963 1699 qnae
979 1622 1113 1762 utraque

48 1697 158 1783 regiis
188 1698 382 1763 tenebantur
412 1698 584 1787 praesidiis
629 1697 743 1785 Itaque
776 1697 803 1762 si
835 1697 903 1762 dux
936 1697 1053 1784 intrepi
1077 1719 1114 1762 us

50 1783 176 1848 decem
190 1783 260 1848 dias
278 1785 415 1871 primam
431 1784 570 1872 speciem
594 1785 879 1872 appropinquantis
898 1783 1025 1849 terroris
1046 1805 1113 1848 sus·

51 1870 220 1948 tinuisaet,
241 1893 349 1958 neque
373 1885 519 1959 receptus
545 1871 700 1937 Romanis
724 1893 784 1959 per
805 1870 929 1958 Tempe
953 1870 987 1934 in
1010 1869 1114 1935 Thes-

51 1955 183 2036 saliam,
198 1979 305 2044 neque
325 1957 553 2023 commeatibus
573 1958 785 2046 pervehendis
808 1981 847 2022 eo
870 1957 1022 2044 patuisset
1042 1955 1111 2020 iter.

55 2041 148 2109 Sunt
184 2042 272 2108 enim
305 2043 429 2144 Tempe
458 2043 566 2122 saltus,
596 2044 719 2110 etiamsi
755 2065 820 2108 non
853 2041 938 2109 bello
970 2042 1028 2106 fiat
1063 2041 1113 2106 in·

26 2129 171 2206 oleatus,
204 2129 339 2194 nansitu
370 2128 515 2195 difficilis.
575 2129 663 2195 Nam
699 2143 825 2218 praeter
860 2128 1020 2216 angrrstias
1056 2151 1115 2216 per

56 2215 209 2308 quinque
238 2213 346 2293 millia,
376 2239 440 2316 qua
468 2217 622 2316 exiguum
651 2216 795 2280 iumento
825 2227 940 2280 onusto
965 2215 1027 2280 iter
1054 2229 1112 2294 est,

56 2323 160 2388 rupes
187 2301 348 2388 utrimque
380 2316 426 2368 lta
456 2301 594 2368 absolaae
626 2315 710 2379 aunt,
741 2313 778 2366 ut
806 2299 926 2388 despici
956 2301 1011 2365 rix
1043 2301 1112 2366 sine

58 2387 219 2475 vertigine
234 2387 372 2476 quadam
386 2387 481 2453 simul
495 2388 659 2454 oculomm
674 2387 837 2475 animique
851 2387 959 2475 possit
997 2386 1114 2453 Terret

58 2488 94 2540 et
117 2475 242 2540 sonitus
266 2488 300 2540 et
322 2474 457 2540 altitudo
480 2498 539 2562 per
559 2474 697 2540 mediam
717 2474 832 2540 vallem
858 2472 987 2539 fluentis
1010 2472 1113 2539 Penei

58 2561 174 2626 amnis.
220 2560 286 2627 Hic
308 2560 406 2639 locus,
428 2572 493 2625 tam
516 2574 628 2650 suapte
649 2574 762 2626 natura
784 2559 927 2637 infestus,
943 2580 1001 2646 per
1019 2572 1113 2647 quat·

35 2662 137 2722 7tnor
158 2646 309 2713 distantia
328 2648 399 2713 loca
419 2647 584 2734 praesidiis
605 2647 701 2735 regiis
721 2646 783 2711 fuit
804 2646 950 2711 insessus.
994 2644 1112 2713 Unum

60 2735 96 2798 in
119 2734 224 2821 primo
246 2734 335 2799 aditu
358 2734 399 2798 ad
424 2732 579 2799 Gonnum
601 2747 688 2799 erat:
717 2732 851 2798 alterum
874 2730 915 2797 ad
939 2730 1112 2820 Condylon

97 3013 108 3048 r
126 3001 167 3049 [tt
182 3001 259 3061 aaa]
281 3002 306 3049 Il
322 3001 410 3051 vallera
425 3014 442 3048 a
459 3001 493 3048 ud
512 2999 570 3050 cre-
604 2998 710 3049 riromm
722 2998 807 3062 viginti
818 2998 926 3061 quinque
940 2997 965 3045 ln
981 3012 1064 3060 pugna
1079 2998 1111 3045 ad

62 3064 121 3114 rior.
137 3070 163 3112 et
179 3064 305 3113 Drakenb.
321 3069 409 3114 exstat.
479 3063 572 3113 kkerm
603 3062 739 3113 Granicum
762 3062 895 3112 occisorum
917 3060 1058 3111 Alexander
1079 3076 1110 3110 ex

63 3144 121 3177 cum
133 3128 274 3191 Kreynigio
285 3130 320 3177 ibi
330 3129 396 3177 uallo
405 3127 506 3191 recepit.
602 3142 659 3176 aera
672 3128 811 3189 fingendam
823 3130 959 3175 curaverat.

97 3206 112 3241 s
128 3195 154 3241 Ε
161 3194 233 3252 solio]
251 3192 346 3242 Solium
359 3197 397 3240 est
410 3205 466 3254 pars
479 3190 571 3251 balnei,
635 3194 720 3253 5Non
730 3192 893 3239 inconsultam
903 3190 1046 3248 audaciam]
1062 3186 1110 3236 Te·

63 3257 90 3305 in
101 3256 311 3319 qusquisssdeus
320 3257 423 3305 lavatur.
440 3256 522 3305 cuv.
601 3254 740 3303 maritatam
757 3253 863 3303 consulis
879 3268 923 3316 pro
939 3252 1044 3301 audacia
1059 3264 1110 3300 non

98 3320 570 3383 manentowsumwwtm
602 3317 741 3368 inconmlta
750 3315 989 3368 habendameffecil.

64 3402 97 3435 es
111 3384 314 3434 anieiscrerier.
330 3399 358 3432 re
421 3382 427 3395 ’
458 3382 501 3445 qui
518 3381 570 3432 ani·
634 3381 917 3445 emeramnus]
934 3380 1109 3441 Praeterquam

65 3448 194 3499 madvertit
206 3447 248 3497 hie
261 3448 346 3510 aliqua
373 3461 522 3508 eesse‚quae
538 3461 569 3495 ex
601 3446 668 3509 quod
688 3450 793 3509 angusta
815 3445 854 3493 vis
875 3448 912 3491 est
935 3458 980 3505 per
1000 3442 1109 3503 quinqua

67 3510 569 3572 srainsaetsxniodoroianxoerpt
600 3510 688 3570 millia,
704 3510 768 3559 adso
787 3514 816 3556 ut
834 3506 949 3569 exiguum
967 3510 1055 3554 onusto
1072 3504 1108 3553 iu-

68 3577 150 3627 Valsa
158 3592 205 3639 sup
222 3575 268 3626 leri
281 3581 384 3639 posnmt
397 3574 424 3624 in
438 3576 505 3624 hunc
518 3574 570 3623 lere
600 3580 685 3623 meato
701 3573 749 3623 iter
766 3572 807 3631 sit,
820 3570 998 3633 utrimque...
1017 3570 1108 3619 Parum

67 3642 173 3691 modum.
232 3642 311 3689 uobus
328 3655 361 3688 ex
379 3637 474 3698 amieis,
491 3652 568 3687 unum
601 3638 715 3687 videntur
732 3634 861 3686 convenire
878 3634 936 3683 huic
952 3633 1108 3697 descriptioni

69 3705 165 3755 Niciam
182 3703 303 3767 proficisci
319 3702 389 3753 lussit
406 3703 512 3762 Pellam,
525 3701 568 3750 ubi
600 3717 631 3752 ea
652 3717 715 3763 quae
738 3700 836 3751 Plinius
858 3700 894 3748 H.
917 3696 951 3746 N.
976 3697 1008 3747 iv.
1031 3698 1054 3747 ⁸.
1076 3698 1108 3747 de

69 3765 570 3879 permisdepositaerstemuiopuideius
601 3767 688 3816 eodem
710 3767 766 3815 loeo
787 3764 869 3813 babet.
885 3760 1051 3837 sumpse·
1072 3762 1107 3811 in-

70 3834 103 3881 ibi
119 3832 303 3892 sauciaretur,
320 3832 346 3881 in
363 3846 432 3879 mare
465 3830 568 3879 meere:
601 3830 663 3891 quit,
694 3829 832 3891 “quinque
857 3826 964 3875 nullrmn
991 3839 1108 3891 panum

71 3898 170 3945 alterurn
186 3894 355 3945 Andronicum
376 3894 444 3944 misit
465 3894 568 3944 Thena·
601 3894 761 3956 longimdine,
788 3898 814 3939 et
845 3891 921 3939 ferme
953 3890 1109 3953 sesquiiugeri

71 3961 179 4019 loniosm,
193 3965 222 4008 ut
237 3959 336 4008 navalis
351 3959 499 4009 incenderet.
531 3958 567 4007 Si-
600 3956 740 4014 latitudine,
750 3955 816 4002 ultra
827 3954 904 4003 visum
919 3954 1026 4003 bominis
1036 3954 1109 4003 attol-

71 4026 121 4072 mul
137 4023 255 4099 Hippiam
273 4029 300 4073 et
316 4024 519 4085 Asclepiodotum
536 4035 567 4069 ex
600 4018 708 4068 lentibus
727 4032 755 4067 ss
773 4018 859 4067 dextra
879 4019 1000 4079 laevaque
1022 4016 1110 4067 leuiter

72 4087 307 4150 praeddinmrocat.
340 4088 372 4136 In
385 4084 568 4136 sotamendis
600 4083 717 4132 convexis
725 4081 814 4145 iugia'’
829 4082 911 4131 carr.

73 4157 151 4213 crepst
167 4151 291 4200 Diodorus
308 4166 325 4199 a
342 4150 424 4210 Livio,
440 4150 508 4212 quod
523 4162 569 4211 pro
634 4157 648 4208 7
665 4146 802 4196 Prssffls's's
817 4146 904 4207 raptis]
926 4144 958 4193 In
976 4144 1042 4205 vulg.
1053 4145 1108 4193 edd.

72 4215 207 4265 nrbePslls
216 4214 328 4264 nominat
338 4214 459 4263 Phacum.
600 4213 666 4274 repis
683 4208 780 4273 legitur,
795 4208 862 4271 quod
879 4206 1006 4257 Gronorio
1022 4208 1110 4255 merito

103 4281 231 4339 Μινωὶς
247 4280 349 4339 Mais]
368 4276 484 4339 Intellige
497 4275 568 4339 insig-
601 4274 734 4337 displicuit.
774 4273 891 4343 Ceterum
918 4268 983 4332 repis
1009 4270 1110 4341 antiqpo

74 4358 125 4392 nem
144 4342 212 4391 illam
234 4348 351 4402 turmam,
372 4340 477 4416 Lysippi
498 4354 570 4402 opus,
601 4352 670 4387 more
685 4337 815 4400 passoque
827 4338 946 4394 scriptum
962 4332 1036 4380 misse
1051 4330 1111 4385 abbr

74 4421 141 4470 quam
164 4406 190 4455 in
215 4406 360 4455 memoriam
383 4404 570 4454 lenissimomm
602 4406 679 4464 patet.

113 4488 180 4535 voa.
197 4489 243 4533 ιν.
262 4515 265 4519 -
914 4474 937 4519 1
