2934 4800
361 226 457 293 LIB.
481 226 588 293 XLV.
619 226 731 295 CAP.
764 236 816 297 24.
1058 234 1118 301 197

78 360 227 463 ‘legatos
248 362 366 429 eodem
389 377 452 429 tem
496 386 530 429 re
550 376 583 430 et
597 362 638 430 ad
652 388 717 443 vos,
733 381 768 431 et
781 364 955 432 adPeraea
974 365 1017 433 de
1038 374 1202 457 paceii-⁰·
1218 376 1275 439 5⁸5·

77 449 245 513 ‘misrmusr
270 450 362 537 quod
383 452 447 515 inse
462 452 495 515 'x
515 451 681 517 consilium
703 452 849 531 firriosus,
870 467 907 519 ut
927 466 1038 541 postea
1057 440 1156 520 au·A
1172 440 1202 490 ⁰·
1221 439 1275 502 ¹⁶⁷·

77 534 231 613 ‘divimus,
244 550 356 602 orator
368 536 587 603 stultioeimum
602 538 694 604 iecit:
711 562 809 627 quem
823 540 868 605 sic
882 539 1025 606 locutum
1039 564 1117 607 cou-

76 626 156 698 ‘stat,
182 634 342 709 tauquam
365 622 404 688 C.
417 623 573 711 Popillius
597 624 627 689 le
668 637 719 691 tus
749 626 924 705 Romanus,
950 650 1048 715 quem
1074 628 1116 693 ad

76 710 335 775 ‘summovendos
357 732 378 774 a
399 709 483 775 bello
506 646 705 777 Autioeiiim
727 725 761 777 et
781 712 1000 779 Ptolemaeum
1024 736 1116 815 repes

77 794 219 873 ‘mismtiq
244 796 442 883 loqueretur.
490 794 554 861 Sed
580 812 685 863 tamen
711 820 758 877 ea,
785 798 849 863 sive
872 800 1021 887 superbia
1048 822 1114 865 save

77 880 217 947 ‘stultitia
238 882 435 969 appellanda
456 895 514 961 est,
534 883 655 961 eadem,
674 907 756 972 quae
779 885 866 972 apud
886 908 950 964 voa,
973 899 1007 951 et
1029 886 1116 974 apud

78 966 200 1033 ‘Persea
212 968 286 1033 fuit.
329 969 411 1034 Tam
427 968 611 1047 civitatium,
626 993 723 1057 quam
738 971 933 1059 singulorum
949 972 1115 1037 hominum

78 1057 186 1117 ‘mores
199 1067 295 1119 suut:
321 1068 433 1155 gentes
443 1078 572 1143 quoque
587 1055 666 1121 aliae
682 1056 862 1135 iracundae,
874 1057 954 1123 aliae
968 1058 1114 1137 audaces,

78 1140 239 1224 ‘quaedam
255 1140 410 1207 timidae:
434 1143 468 1206 in
483 1142 602 1220 vinum,
618 1144 652 1207 in
667 1142 827 1208 Venerem
872 1146 1012 1210 roniores
1034 1144 1114 1210 aliae

78 1230 169 1289 ‘nmts
212 1227 466 1293 Atheniensium
487 1228 640 1316 populum
660 1228 745 1295 fama
758 1242 807 1295 est
820 1166 955 1295 celerem
970 1244 1005 1296 et
1020 1254 1116 1318 supra

79 1311 164 1376 ‘vires
191 1312 352 1379 audacem
382 1336 450 1379 esse
479 1314 521 1378 ad
549 1314 750 1380 conandum:
788 1315 1115 1382 Lacedaemoniorum

79 1401 315 1478 ‘cunctatorem
328 1412 362 1465 et
374 1400 428 1465 vix
438 1400 472 1465 in
484 1423 532 1478 ea,
542 1401 658 1488 quibus
668 1401 750 1480 fidit,
764 1401 1006 1489 ingredientem.
1037 1401 1115 1468 Non

79 1486 276 1571 ‘negaverim
297 1500 334 1551 et
354 1498 452 1551 totam
468 1487 564 1551 Asiae
584 1487 748 1574 regionem
769 1488 914 1553 inaniora
933 1510 1044 1577 parere
1065 1488 1116 1554 in-

79 1576 87 1602 ‘
92 1572 185 1655 genia,
200 1586 235 1637 et
248 1586 433 1638 nostrorum
449 1573 651 1639 tumidiorem
669 1595 848 1639 sermonem
863 1597 941 1652 esse,
956 1574 1045 1661 quod
1058 1598 1116 1641 ex-

79 1656 196 1722 ‘cellere
210 1660 299 1725 inter
316 1658 467 1724 finitimas
480 1660 623 1723 civitates
632 1659 816 1737 videamur3
835 1674 869 1725 et
881 1660 916 1725 id
930 1661 1034 1749 ipsum
1048 1684 1116 1727 non

79 1748 149 1806 ‘tam
170 1745 292 1810 viribus
317 1746 442 1823 nostris,
465 1768 560 1834 quum
585 1746 696 1810 vestris
718 1746 895 1812 honoribus
917 1770 954 1812 ac
979 1747 1114 1815 iudiciis.

80 1828 167 1893 ‘Satis
184 1832 322 1917 quidem
344 1845 378 1897 et
400 1844 476 1897 tunc
498 1832 534 1895 in
554 1833 733 1919 praesentia
753 1833 904 1921 castigata
924 1832 978 1899 illa
999 1834 1115 1923 legatio

81 1920 161 1993 ‘erat
176 1939 249 1981 cum
266 1931 335 1983 tam
352 1918 433 1983 tristi
446 1940 596 2005 responso
610 1932 715 1983 vestro
729 1918 865 1985 dimissa
913 1919 948 1986 Si
968 1936 1037 1985 tum
1058 1944 1115 2009 pa-

81 2006 155 2065 ‘mm
168 2002 367 2090 ignominiae
382 2026 517 2091 pensum
532 2017 590 2082 est,
605 2004 684 2069 haec
699 2018 784 2070 certo
799 2018 865 2070 tam
878 2006 1064 2072 miserabilis
1077 2030 1115 2073 ac

81 2088 218 2175 ‘supplex
240 2089 362 2180 legatio
384 2092 480 2156 etiam
502 2089 724 2168 insolentioris,
744 2114 841 2178 quam
862 2091 918 2157 illa
937 2092 1009 2171 fuit,
1030 2092 1115 2245 legg:

81 2172 179 2239 ‘tionis
198 2178 274 2242 satis
296 2198 448 2264 magnum
470 2176 630 2265 piaculum
653 2190 743 2243 esset
791 2178 989 2266 Superbiam,
1003 2203 1059 2245 ver

82 2265 157 2325 ‘rum
169 2264 368 2349 praesertim,
379 2264 524 2329 iracundi
535 2264 680 2341 oderunt,
691 2264 865 2352 prudentes
879 2266 1032 2343 irrident;
1053 2267 1116 2331 uti·

83 2351 151 2432 ‘que
171 2350 197 2414 si
217 2350 379 2416 inferioris
400 2350 548 2416 adversus
570 2351 764 2438 superiorem
778 2364 843 2417 est:
866 2352 994 2441 capitali
1011 2376 1116 2440 poena

67 2438 180 2500 1‘uemo
194 2459 339 2588 unqqam
354 2437 483 2526 diguam
499 2437 659 2503 iudicavit.
705 2437 746 2502 Id
760 2439 923 2504 enimvero
936 2438 1115 2525 periculum

83 2525 163 2599 ‘erat
187 2547 228 2589 ne
293 2545 423 2590 omanos
453 2523 574 2588 Rhodii
603 2538 854 2589 contemnerent
901 2525 1009 2589 Etiam
1038 2525 1115 2589 deos

83 2605 182 2694 ‘aliqui
197 2611 305 2676 verbis
322 2611 526 2676 ferocioribus
544 2611 720 2697 increpant,
739 2633 800 2674 nec
815 2611 856 2675 ob
872 2609 905 2675 id
920 2631 1114 2698 quemquam

84 2691 216 2762 ‘fulmine
238 2698 341 2762 ictum
363 2697 519 2762 audimus.
568 2695 658 2771 Quid
672 2696 770 2784 igitur
784 2709 922 2783 superat,
937 2696 1026 2783 quod
1039 2719 1115 2786 pur·
1214 2746 1222 2762 .

84 2784 204 2862 ‘geruum
220 2784 247 2849 si
261 2805 325 2848 nec
341 2783 460 2848 iactum
482 2782 596 2847 hostile
618 2781 719 2848 ullum
741 2796 885 2848 nostrum
898 2795 956 2860 est,
972 2796 1006 2848 et
1020 2785 1116 2850 verba

69 2868 256 2960 2‘tumidiora
270 2870 369 2956 legati
383 2869 555 2934 offensione
571 2870 694 2934 aurium
709 2891 777 2934 nou
791 2869 966 2956 perniciem
979 2870 1116 2936 civitatis

68 2957 294 3036 3‘memerunt?
338 2954 521 3021 Voluntatis
542 2969 666 3021 nostrae
688 2955 801 3020 tacitae
816 2955 904 3022 velut
918 2957 1007 3022 litem
1022 2957 1116 3022 aesti-

85 3041 166 3104 ‘mari
175 3045 288 3108 vestris
301 3042 386 3106 inter
399 3065 455 3106 vos
468 3043 666 3107 sermonibus
680 3041 786 3119 audio,
800 3042 912 3108 Patres
925 3044 1113 3131 conscriptis

86 3123 195 3192 ‘faucae
210 3152 271 3194 uos
286 3130 363 3216 regi,
376 3141 410 3193 et
423 3128 512 3192 illum
527 3128 653 3193 vincere
668 3127 832 3206 maluisse3
856 3129 930 3195 ideo
944 3129 1029 3195 bello
1039 3153 1116 3280 per·

87 3215 264 3298 ‘sequendos
288 3237 356 3280 esse
380 3214 524 3280 creduut.
570 3214 639 3280 Alii
657 3227 808 3293 vestrum,
827 3215 962 3282 voluisse
982 3217 1039 3304 qui
1062 3239 1115 3280 ern

88 3301 148 3362 ‘uos
160 3300 227 3381 hoc,
240 3325 309 3367 non
324 3314 430 3366 tamen
445 3302 487 3365 ob
502 3301 537 3366 id
552 3300 635 3366 bello
648 3303 885 3388 persequendos
899 3325 983 3367 esse:
1007 3325 1114 3391 neque

88 3386 234 3468 moribus,
259 3411 367 3475 neque
397 3387 520 3475 legibus
545 3386 641 3452 ullius
665 3388 800 3452 civitatis
828 3389 875 3452 ita
898 3404 1115 3476 comparatum

72 3473 167 3550 ⁴‘esse,
181 3487 226 3553 ut,
242 3475 342 3561 siqui
357 3473 453 3538 vellet
467 3473 632 3538 inimicum
647 3474 761 3560 perire,
777 3475 803 3538 si
818 3473 900 3538 nihil
913 3473 1034 3550 fecerit,
1050 3497 1115 3560 quo
1165 3555 1169 3562 .

38 3609 43 3622 .
89 3553 130 3620 ‘id
147 3560 207 3639 liat,
228 3562 342 3648 capitis
364 3561 540 3626 damnetur.
587 3557 660 3656 His,
678 3561 734 3648 qui
756 3583 815 3624 nos
835 3581 949 3646 poena,
967 3581 1034 3622 non
1056 3559 1117 3624 cri·

116 3801 167 3846 rid
192 3805 314 3852 enimuero
341 3803 480 3864 peractum
506 3802 573 3862 erut]
641 3801 699 3860 4Sl
732 3801 760 3847 ui
776 3799 862 3872 vellat]
881 3798 910 3845 Si
924 3800 979 3861 quia
994 3798 1066 3861 vulgo
1083 3799 1117 3846 le-

90 3855 243 3915 lluacironice
255 3866 399 3914 dictasunt.
416 3866 511 3914 Rrsorr.
608 3865 680 3926 gitur,
746 3868 785 3909 tra
805 3862 879 3909 lectro
900 3861 948 3910 hoc
971 3863 1026 3910 loco
1048 3878 1116 3925 prae·

116 3927 275 3979 rt'otuntatta
290 3937 388 3979 nostrae
403 3929 506 3990 toruae]
529 3931 576 3979 Oc·
609 3928 711 3976 serenda
746 3925 786 3983 rit,
817 3925 1034 3976 Drakenborchiur
1072 3942 1116 3989 pro

90 3987 157 4037 mitae
171 3994 301 4042 voluntatis
316 4001 432 4053 nostrae;
453 4009 511 4042 uam
527 4007 577 4040 nou
610 3997 676 4040 certo
695 3989 816 4038 affirmare
832 4004 858 4038 se
875 4006 924 4039 non
941 3993 1031 4040 audere
1049 3990 1118 4050 dicit,

92 4053 165 4109 apertis
180 4059 255 4106 verbis
272 4057 365 4107 Rhodii
385 4059 576 4116 declaraverunt,
609 4055 667 4104 licet
685 4055 827 4102 Burmauuo
844 4056 876 4102 ad
891 4055 997 4103 Phaedr.
1013 4054 1028 4102 i.
1044 4069 1081 4115 13.
1091 4054 1116 4105 6.

93 4111 296 4170 Prueosetarere,
315 4123 438 4170 Pertrzorr.
608 4118 763 4176 assentimur,
791 4120 911 4167 “ueteres
938 4123 1017 4166 certor
1043 4118 1117 4168 iuuisse

118 4191 129 4237 3
147 4184 211 4234 Velut
228 4189 294 4236 litem
313 4187 451 4246 aestimari]
476 4185 576 4247 Expen-
609 4181 745 4244 elegantiae
761 4197 828 4241 suae,
838 4187 864 4230 et
880 4181 922 4230 ubi
938 4184 990 4244 qui,
1003 4182 1046 4231 ubi
1062 4186 1118 4247 quir

94 4238 140 4290 dere
155 4261 221 4308 quam
240 4251 360 4299 mulctam
381 4265 516 4311 poenamve
537 4264 576 4296 vo·
610 4252 753 4310 praestaret,
761 4261 806 4294 usu
817 4247 892 4294 fuisse
903 4246 1064 4307 doctos,licet
1074 4261 1119 4296 nor

94 4302 576 4378 lunmmumereatur.ctmpr.xxxviit
610 4327 684 4372 saepe
705 4310 730 4358 in
752 4309 792 4357 his
810 4311 983 4360 fluctuemru.”
1004 4311 1035 4362 ct'.
1052 4325 1118 4371 supr.

96 4379 125 4429 55.
611 4373 679 4424 xxix.
691 4388 729 4425 αι.
746 4375 990 4438 riquiPlcminium.
