2934 4800
396 254 493 323 LIB.
516 256 623 325 XLV.
658 257 770 326 CAP.
793 263 845 326 41.
1085 261 1150 324 219

79 388 290 477 deribusque
315 390 393 469 auri,
418 394 551 481 argenti,
571 396 748 482 generatim
771 396 902 483 abipso
924 394 1059 481 scriptis,
1081 394 1193 460 sul-11.
1204 404 1235 456 0·
1250 406 1307 467 58⁵·

79 478 183 540 citur.
233 476 384 542 Alterum
414 492 537 545 tautum
566 493 622 547 aut
654 482 688 545 in
720 482 842 547 bellum
873 480 1055 571 proximum
1091 468 1189 547 ab*
1204 468 1235 522 ⁰·
1251 468 1307 534 ¹⁶²·

81 574 271 649 sumptum,
294 576 350 629 sut
371 565 406 630 in
427 565 512 653 fuga
531 588 631 667 quum
655 567 882 633 Samothracen
902 580 1035 655 peteret,
1055 566 1147 633 disai-

80 660 202 736 patum
232 650 383 715 tradunt:
416 674 519 752 eoque
545 653 580 717 rd
606 654 780 719 mirabilius
805 669 883 732 erat,
931 654 996 719 uod
1021 666 1147 720 tantum

81 734 250 885 pecuniae
274 736 359 801 intra
380 738 533 825 tringinta
552 760 653 804 anuos
675 753 748 829 post
770 740 889 806 bellum
907 676 1051 829 lhilippi
1070 763 1145 807 cum

123 843 176 885 om
227 821 263 900 's‚
285 823 400 923 partim
423 846 464 889 ex
486 824 590 890 fructu
614 826 825 906 metallorum,
847 826 963 915 partim
984 850 1026 892 ex
1048 828 1147 893 vecti·

84 907 219 995 galibus
239 908 319 984 aliis,
336 924 554 975 coacervatum
567 912 678 977 fuerat
725 911 839 999 Itaque
859 912 1032 978 admodum
1052 914 1146 1001 inops

149 994 251 1059 unias
266 994 445 1096 Philippus,
461 996 595 1063 Perseus
615 1011 725 1064 contra
743 998 918 1085 praedives,
933 998 1050 1065 bellare
1069 1022 1145 1065 cum

61 1096 77 1147 5
145 1081 253 1145 manis
267 1096 383 1169 coepit.
417 1082 491 1170 Ipse
506 1096 665 1171 postremo
682 1084 812 1151 Paullus
826 1086 861 1149 in
875 1106 970 1150 curru
984 1108 1143 1173 maguam,
1154 1090 1294 1144 Pannonia

87 1189 193 1253 quum
210 1166 368 1317 dipnitate
384 1167 444 1233 alia
462 1171 610 1257 corporis,
626 1182 696 1235 tum
712 1184 840 1236 senecta
854 1172 864 1235 i
947 1170 1233 1239 maiestatemm

87 1274 167 1339 prae
187 1274 224 1317 se
277 1276 370 1319 rens:
393 1268 465 1342 post
487 1278 614 1320 currum
635 1257 719 1323 inter
739 1256 817 1322 alios
836 1256 973 1322 ilustres
985 1258 1070 1323 viros
1086 1258 1145 1323 filii

87 1338 167 1417 duo,
182 1339 237 1415 Q„
252 1338 417 1406 Maximus
438 1356 470 1407 et
491 1340 529 1406 P.
545 1340 670 1429 Scipior
694 1342 812 1409 deiude
871 1344 954 1409 uites
971 1344 1144 1422 turmatim,

89 1438 123 1491 et
146 1425 300 1491 cohortes
320 1426 469 1527 peditum
495 1428 560 1493 suia
586 1450 668 1514 quae
692 1452 732 1495 ue
759 1428 865 1495 ordini
887 1450 932 1494 us.
977 1428 1086 1495 Pediti
1110 1430 1145 1495 in

62 1511 236 1598 osiugulos
262 1512 330 1577 datr
354 1512 478 1578 denarii
502 1515 641 1592 centeni,
664 1452 786 1602 duplex
811 1514 1002 1593 centurioni,
1027 1514 1144 1603 triplex

63 1598 204 1699 requiri.
252 1597 394 1663 Tantum
410 1599 510 1687 pediti
525 1598 673 1667 daturum
687 1601 784 1667 fuisse
798 1600 943 1680 credunt,
957 1614 992 1667 et
1027 1615 1146 1667 rorata

88 1684 170 1761 abis,
185 1684 214 1748 si
234 1698 292 1749 aut
309 1707 374 1749 uon
392 1685 538 1774 refragati
558 1686 670 1753 honori
690 1688 760 1753 eius
773 1686 916 1767 fuissent,
931 1699 987 1752 aut
1046 1688 1144 1776 aigne

88 1770 151 1835 hac
164 1771 237 1857 ipsa
251 1792 377 1837 summa
390 1774 595 1860 pronuntiata
605 1774 838 1839 acclamassent

134 1856 204 1923 Sed
218 1880 287 1921 nou
303 1857 437 1923 Perseus
454 1871 578 1924 tantum
597 1882 655 1947 per
672 1860 742 1927 illos
756 1861 826 1926 dies
839 1860 1067 1927 documentum
1082 1860 1144 1927 hu·

88 1965 264 2009 manorum
278 1966 409 2009 casuum
423 1944 493 2023 fuit,
505 1945 540 2009 in
554 1947 674 2011 catenis
688 1961 763 2013 aute
777 1970 905 2013 curmm
915 1949 1043 2013 victoris
1052 1948 1145 2014 ducis

88 2052 148 2117 per
161 2030 280 2095 urbem
297 2030 437 2096 hostium
451 2031 586 2109 ducms3
609 2032 666 2097 sed
684 2033 781 2098 etiam
795 2034 896 2135 vietor
908 2032 1050 2113 Paullus,
1066 2055 1144 2101 auro

66 2116 470 2291 mutu
489 2116 740 2283 tulus
755 2119 1288 2295 ..1111

88 2288 228 2354 heredes
257 2291 432 2356 retinuerat
461 2290 558 2369 domi,
585 2291 697 2371 minor,
723 2292 822 2358 ferme
847 2292 1018 2359 duodecim
1043 2264 1252 2359 anuosmml'

88 2390 196 2528 titt
217 2376 596 2530 ‘iiiiii-lim‘liiiioante
609 2378 1144 2534 rmiilhi'limissiitlifmii

167 2561 309 2615 testatos
321 2511 417 2615 curiu
432 2551 505 2616 vehi
524 2487 608 2618 adds
618 2565 716 2640 patre,
733 2489 794 2618 albi
813 2553 898 2639 ipsos
915 2550 1035 2617 similes
1051 2489 1143 2640 plae-

88 2571 290 2701 dgiinanm
318 2637 504 2726 triumphos,
534 2651 725 2725 oportuerat.
771 2638 889 2703 Paucis
916 2650 990 2724 post
1017 2637 1141 2716 diebus,

90 2720 165 2788 data
184 2745 205 2788 a
223 2721 273 2787 M.
287 2723 432 2789 Antonio
453 2723 581 2790 tribuno
601 2723 704 2811 plebis
725 2725 890 2802 concione,
905 2745 1007 2814 quum
1021 2724 1062 2790 de
1076 2725 1142 2790 suis

90 2809 184 2874 rebus
197 2811 298 2910 gestis
312 2831 399 2875 more
417 2824 593 2876 cetemrum
611 2811 837 2899 imperatorum
852 2810 1058 2891 disseruisset,
1073 2833 1142 2877 me·

91 2895 254 2961 morabslis
282 2896 351 2961 eius
379 2897 480 2962 oratio
515 2909 549 2962 et
580 2897 678 2984 digna
707 2897 856 2962 Romano
890 2896 1036 2986 principe
1068 2897 1138 2964 fnit

93 2981 313 3069 ‘Quanquam
342 2994 375 3048 et
423 3005 496 3048 uam
521 2982 656 3048 feliciter
682 2983 912 3072 rempublicam
941 2983 1140 3049 administra·
1195 2985 1249 3048 41.

68 3069 225 3147 9‘verim,
241 3081 275 3133 et
291 3068 378 3155 quod
399 3006 465 3134 duo
486 3069 620 3134 fulmina
640 3068 772 3135 domum
794 3093 899 3135 meam
916 3093 975 3158 per
993 3070 1052 3136 hos
1070 3071 1140 3136 dies
1148 3067 1235 3142 ⁰lii⁵⁰
1246 3067 1295 3117 ΔΘ·

93 3155 319 3242 ‘perculerint
344 3177 409 3220 non
432 3155 576 3242 ignorare
601 3179 665 3234 vos,
693 3155 847 3235 Quirites,
871 3157 1014 3235 arbitror,
1038 3179 1140 3243 quum
1148 3131 1299 3258 ffiffl*

93 3239 296 3328 ‘spectaculo
311 3241 399 3306 vobis
418 3263 506 3307 nunc
523 3241 702 3330 triumphus
720 3263 819 3321 meus,
834 3265 921 3308 nunc
934 3243 1048 3308 funera
1061 3240 1141 3307 libe-

92 3335 221 3394 ‘rorum
240 3349 385 3392 meorum
398 3327 537 3406 merium
561 3341 667 3393 tamen
685 3329 804 3416 paucis,
821 3352 948 3416 quaeso,
964 3328 1075 3394 sinatis
1089 3351 1141 3394 me

92 3421 185 3479 ‘eum
209 3413 341 3500 publica
361 3413 512 3478 felicitate
536 3436 717 3502 comparare
740 3437 789 3493 eo,
813 3438 878 3502 quo
898 3414 1012 3491 debeo,
1034 3415 1142 3479 auimo

92 3501 270 3652 ‘privatam
289 3521 391 3565 meam
405 3500 574 3565 fortunam.
620 3499 785 3566 Profectus
802 3522 843 3564 ea
858 3499 961 3577 Italia,
977 3499 1107 3599 classem
1122 3521 1143 3564 a

92 3595 101 3626 ⁴
139 3585 287 3653 rundisio
308 3585 372 3652 sole
392 3599 463 3653 orto
482 3586 561 3654 solvi
572 3610 582 3664 3
605 3608 691 3654 nona
712 3586 778 3653 diei
799 3586 878 3651 hora
898 3607 972 3650 cum
994 3585 1142 3650 ommbus

121 3809 208 3869 5Ipss
215 3811 337 3880 patrm
347 3805 468 3868 Paullus]
484 3805 603 3856 Ordinem
635 3805 701 3856 idem
720 3807 786 3869 quod
802 3806 945 3856 tantum
963 3804 1089 3880 significat.
1109 3807 1142 3857 cs.

92 3871 235 3918 narrationis
250 3885 267 3918 a
283 3867 386 3920 librariis
400 3873 540 3933 cormpium
551 3885 603 3919 ears
635 3885 700 3932 supr.
713 3871 762 3920 viii.
774 3871 798 3918 8.
814 3869 846 3919 ct
862 3869 1003 3932 supanis
1017 3883 1056 3933 51.
1070 3877 1142 3930 tam

92 3932 366 3993 meditcmriedunet
381 3939 459 3982 totam
474 3933 602 3996 periodum
631 3936 866 3996 propensiora..

92 3998 101 4044 ι’
154 3997 601 4060 pedrurio...ordiaibur‚praeos·
665 3997 1142 4061 SDatisinadoptionmJFabionsm-

93 4013 147 4110 ge
166 4061 274 4123 priorem
294 4077 414 4110 mamam
430 4063 507 4112 anuis
523 4095 531 4111 .
546 4097 554 4112 .
569 4095 601 4112 ..
634 4076 666 4123 pe
677 4065 702 4110 et
713 4061 829 4123 sopiunt
861 4061 954 4111 Verum
966 4061 1101 4123 Eutropius
1108 4061 1142 4112 ir.

92 4127 176 4238 wopis,
186 4125 278 4174 debere
289 4123 422 4174 exiaimst
634 4139 656 4188 3.
673 4125 719 4173 bos
734 4125 796 4173 duos
811 4125 877 4174 filios
891 4141 943 4174 uua
956 4138 1013 4172 cum
1030 4130 1100 4186 patre
1114 4125 1142 4176 in

152 4191 218 4238 Dari
227 4189 339 4249 mlum]
358 4203 391 4238 sc.
402 4187 513 4238 Denarii.
633 4203 705 4238 curm
716 4188 861 4252 triumphali
872 4195 954 4238 rectos
964 4203 1016 4237 ene
1027 4189 1109 4238 tradit.

123 4265 136 4314 7
155 4255 276 4313 Tuom]
294 4255 525 4312 annuamus,
536 4255 602 4314 quod
665 4267 681 4318 9
696 4254 808 4316 Elquud
816 4254 994 4315 musalms]
1014 4253 1142 4312 Quaaduo

93 4317 205 4366 Muretus
227 4315 343 4376 coniecit,
364 4316 472 4379 reposuit
494 4317 601 4368 Bekker.
634 4331 666 4366 ex
692 4316 864 4368 emendatione
888 4317 1008 4369 Gronovii
1034 4315 1143 4381 reposuit

93 4381 208 4432 Ceterum
228 4383 335 4435 musa
358 4387 454 4432 tamum
475 4380 523 4432 hoo
547 4381 602 4432 loco
635 4381 744 4436 Bekker.
