2934 4800
382 219 475 286 LIB.
500 220 609 287 XLII.
641 220 752 287 CAP.
776 224 828 289 57.
1091 225 1134 291 87

126 359 250 436 Quum
276 359 327 424 hic
350 372 449 424 status
471 360 507 424 in
529 358 662 424 Boeotia
685 373 776 438 esset,
799 358 942 438 Perseus,
987 382 1064 425 uum
1089 360 1215 430 aduc.
1230 379 1285 441 εει.

69 444 273 533 Sycurium,
289 447 369 511 sicut
388 463 462 512 ante
478 446 669 534 dictumest,
685 447 797 512 stativa
816 446 956 523 haberet,
964 383 1169 510 ‹luimentoss
1186 444 1215 493 ⁰·
1232 455 1285 506 ¹7¹·

68 533 237 620 undique
251 534 334 598 circa
347 557 387 598 ex
403 534 484 620 agris
498 547 659 610 convecto,
672 533 712 596 ad
723 532 910 597 vastandum
924 555 1034 620 agmm
1044 532 1129 597 Phe·

69 641 236 684 raeorum
252 620 352 695 misit3
376 635 461 685 ratus
476 619 516 683 ad
530 620 681 684 iuvandas
695 619 851 684 sociorum
865 621 959 684 urbes
973 618 1096 706 longius
1110 643 1130 684 a

72 706 200 770 castris
214 707 384 770 abstractos
398 705 593 793 deprehendi
610 705 772 771 Romanos
785 729 884 793 posse.
925 705 1015 781 Quos
1029 728 1129 792 quum

41 815 125 858 4eo
143 792 286 856 tumultu
306 791 388 856 nihil
408 806 509 856 motos
530 793 809 870 animadvertisset,
824 792 973 880 praedam
988 792 1127 878 quidem,

73 893 312 965 praeterquam
323 878 520 964 hominum(
545 901 636 943 ecora
647 893 752 944 autem
767 881 904 945 maxime
915 880 1018 943 omnis
1031 901 1128 966 gene-

73 966 129 1028 ris
152 965 259 1050 fuere)
281 965 386 1030 divisit
408 963 448 1029 ad
470 901 662 1052 epulandum
685 962 844 1032 militibus.
892 966 957 1032 Sub
971 965 1058 1030 idem
1072 965 1129 1030 de·
1182 965 1235 1030 57.

74 1051 167 1115 iude
191 1063 314 1138 tempus
336 1051 501 1117 consilium
523 1065 556 1116 et
577 1051 686 1116 consul
706 1066 739 1116 et
760 1074 816 1116 rex
839 1051 1274 1130 habuerunt,unde1'0¹=0u⁸in

45 1137 210 1206 sbellum
225 1137 410 1203 ordirentur.
457 1138 555 1224 Regis
570 1150 734 1202 creverunt
753 1139 851 1202 animi
865 1139 1038 1203 vastatione
1052 1116 1263 1228 con-{ifgffoe

76 1247 179 1288 cessa
195 1223 254 1288 sibi
270 1225 309 1288 ab
323 1223 413 1288 hoste
427 1223 561 1288 Pheraei
575 1223 650 1309 agri.
695 1222 809 1310 Itaque
831 1223 972 1288 eundum
993 1225 1069 1288 inde
1088 1224 1130 1288 ad

77 1325 201 1387 castra,
217 1333 276 1375 nec
291 1309 432 1374 dandum
447 1309 529 1374 ultra
542 1309 678 1396 spatium
692 1311 873 1386 cunctandi,
888 1312 1044 1375 censebat
1085 1310 1130 1375 Et

82 1397 233 1460 Romani
254 1397 433 1474 censebant,
449 1396 683 1461 cunctationem
704 1419 792 1461 suam
814 1397 963 1466 infamem
981 1396 1066 1483 apud
1080 1419 1131 1460 so-

80 1483 157 1547 cios
173 1505 249 1560 esse,
265 1484 477 1570 maximopere
492 1483 623 1570 indigne
637 1483 784 1560 ferentes,
796 1505 862 1547 non
876 1482 969 1546 latam
981 1481 1130 1547 Pheraeis

83 1591 196 1656 opem.
240 1567 512 1648 ConsultantibuS,
528 1568 607 1656 quid
627 1582 766 1656 agerent,
782 1569 928 1655 (aderant
942 1583 1047 1633 autem
1064 1568 1131 1632 Eu·

85 1677 203 1720 menes
217 1669 248 1720 et
263 1655 391 1721 Attalus
414 1657 446 1720 in
468 1655 613 1742 consilio)
628 1655 770 1742 trepidus
791 1656 922 1720 nuntius
943 1656 1042 1732 affert,
1057 1656 1131 1720 hos-

85 1755 159 1806 tem
275 1766 294 1807 ο
314 1743 438 1829 agmine
460 1743 575 1807 adesse.
624 1741 768 1807 Consilio
781 1742 919 1820 dimisso,
935 1742 1059 1829 signum
1074 1764 1131 1806 ex·

85 1764 333 1929 templiaditur,
349 1843 385 1894 ut
405 1852 491 1893 arma
508 1829 641 1915 capiant
686 1827 819 1894 Interim
841 1828 953 1915 placet,
974 1852 1015 1893 ex
1036 1829 1130 1916 regiis

85 1914 219 1979 auxiliis
241 1930 369 1980 centum
392 1938 409 1980 e
434 1916 514 1980 uites
539 1929 572 1980 et
600 1937 707 2002 parem
733 1937 901 1980 numerum
924 1915 1130 1980 iaculatorum

84 2001 238 2088 peditum
261 2003 356 2066 exire.
406 1939 539 2066 Perseus
568 2001 646 2066 hora
669 2001 767 2066 ferme
793 2001 859 2064 diei
884 2015 1004 2088 quarta,
1030 2025 1131 2088 quum

86 2087 202 2175 paullo
217 2087 288 2174 plus
308 2088 395 2152 mille
417 2111 524 2175 passus
544 2089 665 2152 abesset
679 2111 698 2152 a
713 2088 820 2152 castris
835 2087 997 2164 Romanis,
1013 2089 1131 2152 consis-

87 2189 161 2239 tere
177 2175 265 2260 signa
278 2174 422 2260 peditum
438 2175 534 2239 iussit
580 2174 784 2260 Praegressus
801 2174 869 2261 ipse
883 2197 956 2240 cum
971 2174 1131 2261 equitibus

86 2285 128 2325 ac
143 2260 208 2325 levi
222 2276 387 2338 armatura,
398 2274 432 2325 ct
444 2258 507 2325 Cot
529 2283 544 2325 s
558 2283 630 2325 cum
645 2284 684 2326 eo
695 2261 855 2347 ducesque
871 2260 1003 2325 aliorum
1018 2261 1131 2325 auxili-

57 2364 185 2415 (rorum
207 2361 450 2435 praecesserunt.
536 2348 607 2412 inus
621 2347 813 2435 quingentos
833 2370 941 2435 passus
962 2347 1002 2412 ab
1023 2347 1131 2413 castris

86 2436 233 2513 aberant,
249 2457 348 2522 quum
369 2435 404 2499 in
426 2450 597 2523 conspectu
616 2436 703 2500 fuere
726 2435 864 2499 hostium
883 2436 1025 2521 equites:
1050 2434 1131 2498 duae

87 2521 161 2586 alae
184 2534 274 2585 erant
295 2544 409 2609 magna
430 2545 477 2586 ex·
491 2535 580 2610 parte
602 2520 777 2598 Gallorum,
800 2520 1021 2607 (Cassignatus
1042 2542 1133 2670 parae-

87 2606 177 2691 erat)
192 2622 225 2672 et
243 2607 320 2672 levis
341 2622 516 2693 annaturae
531 2621 659 2673 centum
674 2610 739 2673 fere
754 2620 787 2671 et
801 2606 1031 2693 quinquaginta
1083 2606 1132 2694 ysi

88 2708 149 2759 aut
166 2692 342 2759 Cretenses.
390 2693 541 2759 Constitit
560 2718 626 2771 rex,
643 2694 781 2759 incertus
795 2706 950 2779 quantum
965 2707 1047 2758 esset
1059 2691 1133 2757 hos-

88 2782 184 2847 tium.
229 2780 318 2846 Duas
339 2779 415 2845 inde
437 2802 478 2846 ex
500 2781 625 2867 agmine
648 2795 766 2845 turmas
780 2780 950 2857 Thracum,
966 2779 1045 2844 duas
1060 2778 1133 2845 Ma-

88 2867 262 2941 cedonum,
285 2890 359 2931 cum
380 2866 462 2931 binis
484 2866 685 2932 Cretensium
706 2867 887 2931 cohortibus
907 2879 941 2931 et
960 2866 1132 2944 Thracum,

88 2954 190 3018 misit
238 2953 410 3032 Proelium,
433 2975 532 3041 quum
556 2975 646 3040 pares
668 2975 801 3017 numero
827 2966 940 3030 essent,
965 2975 1069 3054 neque
1093 2954 1262 3029 aquaecre

89 3041 154 3105 hac
169 3052 225 3104 ant
238 3039 292 3105 illa
308 3054 396 3127 parte
414 3062 496 3105 nova
509 3038 627 3103 auxilia
640 3040 853 3117 subvenirent,
869 3041 990 3104 incerta
1003 3040 1134 3105 victoria
1141 3033 1269 3094 proelium.

89 3126 222 3191 finitum
237 3139 292 3190 est
338 3126 492 3191 Eumenis
505 3126 603 3191 ferme
619 3126 749 3213 triginta
762 3126 936 3203 interfecta
959 3126 1044 3190 inter
1076 3149 1134 3191 uos

94 3208 302 3299 Cassignatus
321 3213 389 3277 dux
405 3212 570 3277 Gallorum
592 3212 716 3277 cecidit
762 3212 806 3278 Et
820 3225 897 3279 tunc
911 3212 1042 3298 quidem
1054 3151 1134 3276 Per-

91 3322 168 3363 seus
190 3298 231 3363 ad
255 3300 422 3387 Sycurium
442 3298 547 3387 copias
566 3299 702 3365 reduxit
747 3298 878 3365 Postero
892 3298 944 3363 die
960 3298 1043 3362 circa
1058 3320 1135 3362 ean·

92 3386 171 3450 dem
185 3383 295 3449 horam
309 3386 343 3449 in
358 3384 497 3451 eundem
514 3385 618 3450 locum
633 3408 689 3451 rex
704 3387 810 3473 copias
825 3385 974 3461 admovit,
989 3384 1135 3470 plaustris

93 3494 170 3537 cum
192 3494 275 3557 aqua
295 3472 509 3557 sequentibus.
555 3470 642 3535 Nam
656 3472 825 3537 duodecim
840 3470 972 3535 millium
988 3491 1135 3556 passuum

93 3559 148 3623 via
168 3558 271 3622 omnis
292 3558 360 3623 sine
383 3580 474 3645 aqua,
490 3572 522 3622 et
536 3557 664 3646 plurimi
686 3557 822 3644 pulveris
837 3567 920 3620 erat:
944 3555 1134 3641 affectosque

69 3644 157 3722 rsiti,
180 3644 207 3709 si
228 3644 331 3732 primo
352 3644 387 3709 in
409 3657 580 3732 conspectu
594 3644 805 3721 dimicassent,
826 3653 1021 3730 pugnaturos
1040 3642 1135 3707 fuisse

129 3884 145 3927 4
163 3868 287 3917 Praedam
312 3866 421 3930 quidem]
463 3861 600 3913 Gronovius
665 3872 678 3923 7
695 3864 781 3910 Prr'mo
795 3863 824 3908 Ia
839 3861 980 3923 conpectu]
999 3860 1088 3911 Statim
1102 3869 1139 3912 at·

94 3933 203 3997 praedae
218 3932 281 3995 quod
291 3938 346 3980 erat
356 3929 486 3992 legendum
497 3928 602 3990 smpioa-
635 3940 682 3988 que
694 3926 769 3973 hortis
779 3931 922 3986 conspectus
932 3932 991 3975 erat.
1025 3927 1065 3974 Ad
1080 3942 1138 3990 pug-

96 4004 144 4045 t-ur.
635 4004 692 4037 nam
707 3988 747 4037 die
764 3989 874 4051 proxime
887 3990 1041 4051 praecedenti
1056 3991 1138 4039 affecti

130 4062 369 4123 silogismorum
379 4059 468 4117 ammi]
481 4058 542 4119 Regi
553 4070 603 4104 ora-
635 4052 675 4102 aiti
696 4054 824 4113 venissent,
842 4053 862 4101 si
883 4055 965 4101 statim
987 4061 1062 4115 atque
1082 4070 1138 4103 con·

95 4132 184 4175 verant
202 4126 279 4173 animi
292 4122 415 4174 Crevier-io
431 4121 507 4183 magis
523 4120 604 4183 place-
636 4123 766 4178 spexerant
784 4118 878 4166 hostem
897 4117 1058 4167 dimioauent
1092 4119 1138 4168 Oe

98 4195 142 4238 res,
636 4188 715 4229 terum
733 4196 783 4229 non
802 4181 910 4243 explicat
928 4180 1020 4241 Livius,
1035 4196 1078 4230 cur
1096 4186 1140 4230 ant

130 4250 359 4312 6Praoomernnt]
373 4250 532 4302 Manifestum
544 4262 605 4308 esse,
636 4245 702 4294 unde
718 4244 792 4306 sitim,
801 4245 929 4295 intervallo
945 4245 1141 4304 instaurarint.

99 4318 161 4365 hane
180 4332 265 4430 vocssm
282 4332 368 4366 vacare
385 4313 522 4367 crevierim
539 4318 621 4363 recte*
637 4310 718 4361 cm.

100 4379 201 4430 monuit.
246 4394 307 4431 aaa.
