2934 4800
378 198 474 265 LIB.
498 197 623 266 XLIV.
654 199 767 266 cAP.
789 207 844 266 42.
1073 203 1134 272 167

23 335 177 422 spatia
194 334 398 400 insinuantes
410 348 538 400 strenue
557 357 627 400 rem
646 349 750 424 agant
797 335 872 403 Hoc
886 336 973 404 edito
987 337 1131 426 imperio,
1143 356 1219 412 tac.
1234 359 1292 422 5⁸4·

23 435 74 486 et
152 445 177 486 r
190 434 300 488 totum
311 421 487 486 exercitum
497 421 692 501 circumlato,
703 423 771 509 ipse
782 423 913 489 alteram
924 447 942 488 e
954 423 1131 511 legionibus
1140 423 1171 473 A.
1188 424 1218 473 ⁰·
1236 422 1290 474 ¹⁶⁸·

26 444 308 595 infproelium
322 507 420 583 ducit.
466 507 621 574 Movebat
635 508 761 595 imperii
776 511 931 587 maiestas,
946 510 1047 598 gloria
1060 512 1129 589 viri,
1186 509 1239 572 41·

29 609 142 659 ante
175 595 293 660 omnia
316 607 411 671 aetas,
437 593 526 680 quod
550 595 652 660 maior
675 596 839 683 sexaginta
862 596 953 661 annis
978 597 1129 662 iuvenum

32 681 189 745 munh
213 681 250 744 in
270 696 361 768 parte
384 680 555 767 praecipua
580 680 694 746 laboris
718 682 916 770 periculique
939 684 1128 770 capessebat.

24 766 302 844 intervallum,
326 767 414 853 quod
436 767 522 831 inter
543 780 697 833 caetratos
720 783 753 833 et
775 767 948 868 phalanges
970 781 1047 847 erat,
1071 769 1131 834 im·

38 853 176 940 plevit
210 853 305 940 legio,
331 867 428 940 atque
457 853 558 917 aciem
587 853 726 919 hostium
756 855 933 941 interrupit.
979 857 1012 920 A
1042 869 1131 944 tergo

40 939 231 1005 caetratis
244 952 322 1016 erat,
336 939 475 1004 frontem
490 939 638 1004 advemus
652 940 803 1026 clipeatos
818 940 971 1006 babebat:
992 941 1132 1007 chalcas-

41 1027 169 1114 pides
185 1025 439 1114 appellabantur.
486 1024 666 1091 Secundam
681 1026 840 1113 legionem
856 1026 894 1090 L
906 1026 1043 1092 Albinus
1053 1051 1131 1093 con·

44 1113 194 1178 sularis
207 1113 326 1177 ducere
340 1112 490 1177 adversus
508 1110 722 1200 leocmpidem
741 1111 930 1200 phalangem
951 1114 1069 1179 iussus:
1093 1137 1132 1180 ea

48 1199 189 1263 media
210 1199 295 1263 acies
315 1198 456 1262 hostium
473 1197 543 1262 tuit
588 1197 627 1261 In
648 1197 798 1263 deatnrm
818 1221 927 1277 cornu,
944 1199 1029 1264 unde
1048 1201 1133 1266 circa

49 1286 216 1350 fluvium
241 1285 443 1349 commissum
466 1283 624 1370 proelium
646 1297 723 1361 crat,
742 1283 791 1348 ele
814 1283 928 1349 hantos
950 1284 1082 1362 inducit,
1098 1299 1132 1351 et

53 1371 140 1435 alas
154 1370 338 1435 sociorum:
362 1384 396 1435 et
415 1370 491 1434 hinc
511 1370 649 1456 primum
664 1370 740 1456 iuga
795 1369 970 1435 acedonum
990 1385 1038 1436 est
1052 1385 1129 1436 orta

25 1457 166 1536 9Nam
193 1457 278 1522 sicut
298 1455 450 1544 pleraque
473 1478 556 1520 nova
574 1468 756 1520 commenta
775 1454 957 1520 mortalium
975 1456 1011 1520 iu
1029 1457 1132 1522 verbis

30 1545 141 1608 1vim
170 1542 303 1619 habent,
327 1541 532 1630 experiendo,
554 1564 655 1628 quum
679 1541 741 1628 agi,
764 1562 839 1618 non,
863 1540 1132 1627 quemadmodum

58 1644 204 1718 agatur,
223 1629 362 1707 edisseri,
381 1641 516 1714 oportet,
534 1627 603 1692 sine
624 1627 691 1692 ullo
713 1627 831 1692 effectu
852 1641 1063 1705 evanescunt3
1087 1629 1133 1692 ita

61 1731 149 1781 tum
176 1715 342 1804 elephanti
366 1715 401 1779 in
426 1715 495 1780 acie
519 1736 638 1779 nomen
664 1727 788 1779 tantum
815 1714 883 1780 sine
909 1736 968 1780 usu
990 1713 1128 1780 fuerunt.

65 1801 337 1890 Elephantorum
348 1801 503 1888 impetum
514 1800 674 1865 subsecuti
684 1812 760 1864 sunt
774 1800 851 1865 socii
861 1800 999 1866 nominis
1010 1800 1129 1880 Latini,

65 1889 339 1990 pepuleruntque
367 1887 493 1952 laevum
522 1909 631 1952 cornu.
677 1883 718 1950 In
743 1885 849 1952 medio
878 1887 1018 1952 secunda
1045 1888 1266 1975 legiolugmtm

68 1975 224 2040 ammissa
237 1973 399 2060 dissipavit
412 1973 622 2061 phalangem:
646 1994 751 2058 neque
768 1970 832 2036 ulla
846 1971 1023 2038 evidentior
1036 1995 1131 2039 causa
1139 1960 1255 2010 Macedo

69 2061 233 2126 victoriae
247 2059 319 2137 suit,
334 2082 430 2146 quam
444 2059 531 2148 quod
550 2058 650 2123 multa
666 2058 783 2145 passim
782 2057 918 2208 (proelia
931 2070 1031 2136 erant,
1071 2039 1189 2125 osen*

72 2150 292 2212 fluctuantem
315 2146 483 2210 turbarunt
504 2145 618 2232 primo,
642 2143 762 2210 deinde
805 2145 976 2210 isiecerunt
998 2083 1131 2234 phellan-
1210 2219 1211 2222 Ἴ

73 2255 176 2321 gem:
201 2233 291 2298 cuius
311 2232 471 2296 confertae
491 2245 525 2296 et
543 2230 676 2294 intentis
695 2231 855 2296 horrentis
871 2231 968 2298 hastis
982 2231 1131 2298 intolera-

49 2319 164 2385 2biles
176 2319 259 2383 vires
272 2329 355 2382 sunt
403 2315 438 2382 Si
457 2317 592 2404 carptim
611 2316 827 2405 aggrediendo
844 2318 1057 2407 circumagere
1072 2320 1133 2384 im-

78 2404 235 2471 mobilem
263 2404 463 2492 longitudine
489 2417 523 2468 et
547 2404 701 2490 gravitate
726 2403 849 2469 hastam
873 2428 975 2493 cogas,
1002 2406 1134 2471 coufirsa

80 2507 172 2557 strue
200 2491 422 2578 implicantur:
455 2490 482 2554 si
508 2511 584 2555 vero
612 2504 669 2555 aut
696 2492 737 2555 ab
760 2490 869 2569 latere,
893 2505 949 2556 aut
977 2493 1017 2557 ab
1044 2505 1134 2579 tergo

82 2578 208 2665 aliquid
223 2576 378 2642 tumultus
392 2576 559 2662 increpuit,
574 2577 685 2640 ruinae
705 2575 802 2640 modo
819 2577 995 2641 turbantur.
1043 2576 1134 2642 Sicut

84 2680 158 2729 tum
180 2663 327 2729 adversus
348 2662 531 2728 catervatim
557 2662 756 2727 incurrentes
781 2660 954 2740 Romanos,
978 2676 1011 2727 et
1034 2663 1133 2728 inter·

84 2765 182 2839 rupta
194 2749 396 2815 multifariam
410 2748 489 2825 acie,
501 2747 627 2813 obviam
640 2748 686 2812 ire
700 2748 913 2848 cogebantur:
935 2760 968 2813 et
983 2748 1131 2827 Romani,

111 2859 277 2923 uacunque
292 2834 367 2900 data
379 2834 544 2899 intervalla
557 2846 672 2912 essem,
687 2834 893 2899 insinuabant
909 2834 1035 2900 ordines
1048 2858 1129 2901 suos.

86 2862 169 3000 itui,
183 2924 208 2987 si
221 2924 368 2987 universa
386 2920 454 2986 acie
474 2921 509 2984 in
523 2920 661 2984 frontem
681 2919 829 2985 advems
847 2920 1033 2986 instructam
1052 2922 1132 3009 pba-

87 3011 213 3095 langem
244 3008 484 3084 concurrissent,
515 3006 603 3093 quod
633 3005 785 3093 Pelignis,
815 3006 972 3094 principio
1004 3030 1131 3095 pugnae

65 3098 212 3167 sincaute
231 3094 405 3182 congressis
423 3092 573 3157 adversius
591 3106 754 3170 caetratos,
770 3092 886 3169 evenit,
901 3092 1080 3159 induissent
1097 3116 1131 3159 se

91 3182 195 3260 hastis,
208 3203 267 3246 uec
281 3180 455 3247 confertam
477 3179 578 3243 aciem
598 3178 826 3243 sustinuissent.
875 3180 1028 3244 Ceterum
1050 3180 1134 3244 sicut
1232 3224 1240 3241 .

128 3377 143 3424 8
158 3376 306 3437 Phalanom]
324 3373 432 3423 Gronov.
445 3374 595 3436 phalangam
661 3387 672 3421 r
689 3374 860 3437 Experimdo]
880 3374 958 3423 Haud
970 3378 1063 3422 temere
1076 3378 1134 3421 ants

95 3440 197 3489 mavult:
208 3438 259 3487 lieri
268 3444 352 3487 nmen
363 3444 454 3501 potest,
462 3442 490 3485 ut
500 3436 595 3485 ratione
626 3436 674 3485 hoc
685 3439 806 3511 proelium
817 3437 956 3499 elephantis
966 3438 1004 3485 usi
1015 3442 1072 3485 sunt
1084 3437 1135 3485 Ro-

96 3503 198 3569 partium
222 3502 351 3565 phalangis
380 3501 466 3552 Lirim
492 3515 596 3549 numero
626 3515 713 3559 mum3
738 3501 830 3563 quippe
849 3500 875 3547 in
895 3500 1063 3562 proeliorum
1083 3500 1134 3548 An-

98 3566 182 3631 plurali
205 3581 261 3614 ruris
287 3566 327 3625 ait,
347 3565 373 3613 id
394 3566 460 3627 quod
482 3564 594 3613 Dmken·
627 3563 710 3612 tiocho
726 3578 792 3626 supr.
808 3562 901 3612 xxxvii.
917 3577 955 3626 39.
969 3568 1024 3624 post
1040 3561 1135 3613 triarios

97 3630 191 3681 boschio
205 3628 306 3692 placuit,
315 3628 362 3677 nisi
374 3630 437 3678 duas
450 3628 593 3692 phalanges,
625 3626 651 3674 in
666 3627 773 3675 mbsidio
788 3626 862 3674 locati
876 3632 942 3683 runt,
959 3640 1025 3675 nunc
1037 3641 1093 3675 vero
1106 3626 1133 3675 in

98 3712 160 3759 quae
186 3710 241 3742 mox
269 3708 286 3741 a
313 3699 395 3742 nostro
426 3693 593 3756 appellantur,
625 3689 708 3739 hostes
726 3689 777 3739 acti
795 3705 886 3739 nomen
903 3694 1001 3739 tantum
1018 3689 1070 3739 aine
1087 3704 1133 3740 usu

100 3758 276 3821 Chdrarpidem
294 3756 410 3806 nimirum
420 3763 446 3807 et
460 3756 592 3818 Leucaspi·
626 3759 703 3803 erant.

102 3822 348 3874 demtuirsocenseas.
660 3818 1041 3879 almachium....tamaa]
1069 3817 1133 3868 Has·

132 3888 220 3951 9Nasa
238 3887 302 3934 ucat
320 3886 452 3948 pleraque]
481 3884 521 3933 Ut
541 3884 593 3945 ple·
625 3886 761 3943 tam,quae
778 3882 810 3929 ob
824 3880 1000 3943 longitudinem
1016 3887 1042 3931 et
1056 3882 1135 3944 gravi·

102 3966 171 4013 reque
188 3964 249 3997 nora
265 3948 367 3997 inventa
384 3947 525 3997 mortalium
544 3946 594 3994 rim
626 3950 703 3994 tatem
730 3944 804 3993 facile
829 3944 922 3995 moveri
948 3946 1041 4007 nequit
1076 3946 1134 3995 Hoc

104 4017 185 4064 habere
193 4013 310 4071 ridentur,
320 4010 438 4074 quamdiu
451 4010 528 4059 verbis
539 4016 593 4059 tan·
625 4008 682 4057 ideo
697 4014 820 4067 notamus,
830 4010 888 4071 quia
900 4008 1038 4058 Gronovius
1052 4008 1134 4071 legen-

105 4078 218 4128 tummodo
227 4078 366 4134 iactantur.;
380 4075 425 4123 sed
438 4074 481 4122 ubi
494 4076 528 4122 ad
542 4088 593 4121 rem
626 4074 685 4121 dum
701 4086 753 4120 ease
769 4078 851 4121 censet
865 4075 956 4131 hatur,
966 4077 995 4119 ut
1008 4070 1038 4119 rb
1054 4074 1133 4123 immo·

105 4150 194 4191 rentum
208 4148 251 4197 ast,
268 4154 345 4201 quum
363 4142 461 4201 oportet
477 4137 526 4200 agi,
544 4152 594 4185 uon
626 4138 697 4186 bilem
714 4136 832 4185 referatur
843 4138 876 4186 ad
891 4136 1046 4199 phalangem.
1080 4137 1134 4185 Nos

107 4204 192 4256 ausari
208 4206 285 4254 solum
302 4203 426 4265 quomodo
442 4201 473 4250 iis
488 4200 595 4250 inventis
627 4199 689 4249 nihil
700 4204 833 4251 mutamus.
850 4202 931 4250 Casu.

107 4278 200 4327 utamur,
209 4268 258 4317 sins
271 4269 325 4317 ullo
336 4266 425 4315 ellectu
437 4271 594 4314 ermescunt.
659 4276 673 4324 3
690 4264 831 4313 Iudaicam
849 4280 874 4313 se
893 4264 982 4325 hostie]
1007 4264 1040 4313 Se
1057 4264 1136 4325 perfo-

109 4337 180 4384 Caev.
627 4326 729 4376 diendos
738 4326 815 4377 hastis
825 4327 975 4377 obiecissent
994 4328 1080 4377 Duas.
