2934 4800
138 251 457 318 SYLLABUS
490 250 810 318 EDITIONUM
841 248 987 316 len.
1043 257 1109 318 443

88 389 228 452 ’aaran'
260 411 302 452 cc
323 389 384 453 toti
404 387 579 454 Ecclesiae
598 389 711 465 charo,
729 388 786 475 qui
796 386 872 473 suit
882 388 1109 475 pictate,fide‚

94 475 249 538 literis
272 475 422 560 insignia,
438 476 478 538 dc
491 474 620 560 patria,
630 474 838 560 pareatibus,
855 475 982 552 amicir,
996 484 1029 538 ct
1045 497 1110 538 ont·

96 561 233 625 nibus
250 559 330 625 harre
344 561 487 637 meritur,
503 559 764 644 Iccobuasrctcr
774 581 950 647 germanus
957 560 1109 646 pientiae.

100 648 198 710 vix.
221 669 306 710 aaa.
323 645 406 710 LII.
427 668 524 710 mm.
549 646 604 710 VI.
621 647 691 712 dice
711 647 764 710 11.
783 646 865 710 obiit
883 668 968 710 arao
986 646 1110 710 lubilei

104 734 177 796 M.
186 733 444 797 CCCC.LXX
450 733 484 796 V.
495 733 587 818 prid.
604 732 690 797 Noa.
707 733 804 797 Febr.
832 728 955 796 Contra
968 732 1110 797 locanes

108 818 302 882 Andreas
321 831 452 882 vocatur
473 816 560 903 apud
580 816 794 904 Pomponium
818 815 1053 882 infortunatum
1074 817 1111 882 in

109 904 200 968 vita
219 903 363 980 Lucani,
402 926 475 968 uam
498 925 539 968 ex
558 903 683 968 Lucani
703 903 845 968 editione
866 903 1014 968 Romana
1033 903 1111 969 anni

115 990 392 1055 MCCCCLXI
431 1037 438 1052 .
452 989 486 1054 in
497 1013 554 1054 sua
564 1012 598 1054 re
642 990 694 1055 tiit
706 989 835 1056 Clarias.
848 988 1109 1078 Oudendorpius.

120 1074 304 1140 Similiter
323 1075 409 1163 apud
429 1075 535 1162 Raph.
552 1074 605 1140 Vo
617 1089 709 1141 aterr.
728 1075 783 1142 lib.
804 1077 901 1142 XXI.
925 1075 1109 1142 Comment.

120 1161 273 1227 Urban.
287 1161 341 1228 fol.
355 1167 428 1228 246.
441 1185 542 1238 verso,
554 1176 588 1227 et
601 1163 688 1263 apud
700 1162 787 1229 Petr.
801 1161 967 1250 Cyrneum
981 1163 1035 1228 lib.
1049 1161 1108 1227 IV.

121 1247 175 1312 de
199 1248 293 1314 Reb.
313 1247 433 1314 Corsic.
451 1249 564 1336 (quem
584 1247 687 1314 edidit
708 1249 865 1313 Murator.
882 1263 958 1313 tom.
976 1249 1110 1314 XXIV.

126 1334 223 1399 Rer.
245 1333 319 1400 Ital.
338 1334 468 1422 Script.)
485 1357 517 1421 p.
533 1339 607 1400 490.
654 1334 716 1400 Hie
737 1335 933 1423 synchronis,
948 1348 1004 1400 aut
1026 1347 1111 1399 certe

127 1435 252 1520 aetate
275 1422 449 1572 Rmxi’mis's
462 1421 665 1570 scriptoribus
686 1421 892 1572 cmffitissit
913 1421 940 1486 L
957 1420 1020 1571 FrA
1027 1420 1112 1571 (ἔνδιο-

131 1529 263 1572 novrus
290 1529 323 1570 m
378 1531 430 1572 rae
444 1523 485 1574 at.
541 1531 626 1573 rvran
682 1523 715 1574 et
781 1522 825 1573 art
858 1530 905 1572 ue
931 1531 966 1572 m
1024 1529 1068 1570 nn
1101 1555 1109 1573 .

133 1593 245 1681 Typo
287 1607 389 1659 .tom.
406 1593 433 1659 l.
450 1616 481 1680 p.
497 1599 552 1658 43.
575 1608 608 1660 et
628 1531 704 1660 iim.
722 1593 782 1661 IV.
798 1617 830 1682 p.
850 1599 922 1660 112.
976 1592 1113 1682 insuper

134 1694 234 1745 tomo
271 1678 315 1744 II.
332 1681 631 1745 commentariorum
651 1683 678 1746 L
701 1682 771 1746 rani
792 1681 827 1744 iu
849 1680 907 1746 SS.
925 1680 1039 1756 Biblia,
1056 1679 1113 1766 qui

137 1767 184 1832 ab
210 1767 283 1866 ipso
306 1766 463 1866 Aloriepsi
484 1790 568 1867 anuo
593 1769 661 1832 Mc
693 1768 903 1867 CCLXXII.
924 1766 1004 1832 editi
1027 1780 1111 1844 sunt,

139 1865 469 2006 imbibi-⁰¹32
482 1852 1114 2025 ihil.Ptlssl‘hll‘ltt.tt

147 2027 359 2092 Sanctissimi
378 2027 427 2091 D.
439 2025 485 2090 N.
534 2048 620 2112 apoc
635 2027 888 2090 Bibliothecarii
903 2026 950 2089 ad
961 2026 997 2088 X
996 2035 1111 2123 patum.

149 2111 247 2176 llll.
267 2112 361 2176 Pont.
379 2112 561 2176 Mammam
577 2112 745 2196 Epistola.
793 2109 961 2185 Quaenam
975 2132 1114 2174 virorum

151 2196 319 2261 doctorum
343 2198 510 2274 sententia,
535 2196 623 2272 haec,
647 2219 688 2260 an
712 2194 776 2274 illa,
798 2196 902 2260 verior
923 2197 973 2274 sit,
998 2197 1115 2260 certius

153 2283 307 2348 affirmare
328 2296 487 2370 poterunt,
508 2283 623 2369 quibus
644 2283 809 2347 memorati
833 2281 997 2371 Epitaphii
1017 2283 1116 2369 inspi-

156 2368 265 2436 ciundi
283 2370 375 2457 copia
391 2371 461 2437 erit.
507 2369 592 2435 Mihi
612 2369 812 2435 verisimilius
830 2369 966 2448 videtur,
981 2369 1016 2434 in
1037 2368 1116 2456 Epi·-

157 2457 265 2544 taphio
300 2480 359 2544 per
393 2456 617 2544 compendium
655 2458 807 2542 scriptum
839 2456 935 2520 luisse
967 2457 1019 2521 lc.
1050 2456 1115 2521 Aa.

159 2546 326 2630 Episcopo
348 2545 518 2619 Alericasi,
569 2542 816 2607 uemadmodum
842 2564 960 2606 nomeu
987 2541 1056 2605 eius
1082 2541 1118 2605 iu

161 2629 264 2694 multis
286 2629 436 2716 epistolis,
460 2566 648 2715 qmslibris
670 2652 690 2693 a
712 2651 746 2693 se
772 2628 866 2693 editis
891 2629 958 2716 ipse
982 2625 1116 2706 addidit,

162 2730 287 2781 exarato
300 2716 478 2793 moccurrit‚
492 2728 528 2780 ut
541 2716 625 2780 inter
637 2715 713 2781 alias
724 2716 757 2778 in
769 2715 828 2791 his,
841 2738 920 2801 quas
932 2713 1035 2791 Livio,
1048 2727 1117 2779 tum
1189 2773 1192 2777 1

165 2816 246 2867 tomo
271 2801 297 2867 Ι.
323 2801 634 2867 Commentariorum
660 2802 772 2867 Lirani
798 2802 832 2865 in
860 2801 917 2867 SS.
944 2799 1059 2879 Biblia,
1085 2814 1118 2866 et

167 2888 229 2953 aliis
247 2888 425 2988 praemisit:
450 2888 538 2951 illum
555 2911 639 2965 vero,
656 2890 711 2975 qui
728 2888 936 3038 Epitaphium
956 2910 997 2953 ex
1011 2887 1118 2989 lapide

168 2974 331 3061 descripsit,
351 2975 415 3039 sive
442 2973 608 3061 Ughellus‚
629 2975 695 3039 sive
719 2976 792 3061 quia
814 2976 895 3039 aius
917 2974 1021 3052 luerit,
1042 2975 1118 3040 mde

169 3084 206 3148 pe
260 3083 323 3124 ram
339 3062 456 3126 Ioanni
473 3063 613 3126 Antonio
630 3062 662 3125 E
688 3064 799 3147 iscopo
816 3063 977 3127 Aleriensi
996 3062 1117 3127 secisse.

71 3154 178 3219 1470.
229 3145 337 3213 enetiie
356 3168 413 3232 per
427 3144 637 3210 Vindelinum
657 3084 851 3232 Cpirensem,
868 3147 933 3210 eive
954 3146 995 3211 de
1017 3146 1119 3233 Spita,

126 3238 166 3303 in
178 3232 266 3299 forma
280 3232 398 3297 maiori.

212 3318 247 3383 ln
266 3319 325 3385 hac
346 3318 487 3384 editione
511 3318 619 3385 denuo
638 3340 789 3405 apparere
808 3317 973 3404 epistolam
991 3315 1121 3383 Ioannis

177 3406 310 3471 Andreae
327 3405 477 3493 Episcopi
494 3404 677 3482 Aleriensis,
694 3428 776 3490 quae
791 3404 854 3468 iam
868 3404 902 3468 in
917 3403 1121 3491 praecedenti

178 3492 308 3557 Romana
322 3491 397 3557 deta
410 3504 487 3570 erat,
500 3492 625 3556 monuit
637 3491 766 3557 Clariae.
780 3490 941 3556 Maittaire
958 3490 991 3553 in
1002 3488 1119 3555 Annal.

179 3578 365 3667 Typograph
390 3592 465 3643 tom.
491 3580 515 3643 l.
539 3601 570 3665 p.
595 3582 646 3643 69.
670 3591 703 3643 et
724 3590 799 3643 tom.
819 3578 880 3643 IV.
918 3581 1018 3643 .289.
1066 3575 1122 3641 Ad

180 3664 260 3730 finem
275 3664 368 3729 huius
383 3664 532 3729 editionis
546 3664 713 3730 ascribitur
723 3687 826 3729 annus
838 3665 875 3729 M
912 3664 999 3729 CCC
1007 3663 1120 3728 LXX.

181 3764 210 3815 et
228 3750 430 3815 subiiciuntur
455 3772 510 3815 sex
540 3764 575 3815 et
603 3750 814 3837 quadraginta
841 3771 958 3827 versus,
985 3770 1122 3836 quorum

182 3836 307 3901 laudatus
330 3835 493 3901 Maittaire
513 3836 611 3923 priori
631 3837 701 3903 loco
721 3859 788 3914 sex,
808 3836 974 3923 posteriori
993 3834 1122 3900 eosdem

183 3945 228 3989 sex
245 3936 272 3988 et
291 3923 421 4009 insuper
439 3921 552 3987 decem
572 3922 649 3987 alios
667 3922 823 3988 exhibuit.
869 3920 934 3985 Eos
951 3944 1062 3985 omnes
1081 3942 1123 3985 ex

184 4032 240 4075 raro
258 4008 347 4075 obvia
370 4008 511 4074 editione
535 4009 604 4087 hac,
625 4030 707 4095 quae
730 4009 772 4073 Li
810 4008 858 4073 iae
878 4008 912 4071 in
931 4006 1124 4072 bibliotheca

188 4096 330 4161 Senatorio
345 4108 457 4173 exstat,
471 4094 550 4159 mihi
565 4095 732 4182 descripsit
792 4093 950 4159 aderimus
967 4092 1122 4171 Sachsitrs,

187 4205 249 4269 quos
260 4182 360 4333 libepe
374 4182 487 4248 lubens
501 4204 574 4247 cum
593 4182 709 4247 lectore
725 4181 976 4247 communicabo.
1023 4178 1125 4245 Erant

190 4283 272 4335 cutem
287 4283 403 4335 laese.
