2934 4800
244 211 358 280 ΤΙΤΙ
388 210 524 280 LIVll
554 210 905 280 FRAGMENTA.
1035 220 1098 281 285

47 346 203 446 hibentur
220 345 316 412 illata.
362 346 550 449 Lupercalia
573 361 834 449 autempropter
855 347 935 436 quid
955 349 1100 417 instituta

47 444 120 509 Μ’
145 433 321 583 (ΨΜ
347 432 1027 588 Ἣέἒέἓῗᾚῗᾶᾛωέᾞῗω.

47 524 407 672 icutlilllsntltlluinleu'ctllla
425 543 661 684 commemoorllt,
676 567 742 671 sed·
752 543 1098 694 proplerlrterilitstem

47 690 230 769 mulierum,
245 714 328 779 quae
343 705 420 757 tune
434 692 602 771 acciderat,
617 690 850 759 exsolvendam.
888 695 948 760 Ea
966 695 1098 761 Gelora‘a'

50 778 168 863 Papae
185 780 220 843 Ε
250 780 258 793 “
277 786 300 843 t.
322 780 478 844 odoenus
493 779 754 845 Andromachum
772 780 806 845 ia
819 780 962 845 Boroaa'i
975 780 1096 847 Anaol.

49 864 162 927 eccles.
179 888 201 928 α
240 887 271 928 o.
284 866 359 929 496.
375 888 458 929 num.
475 868 526 929 35.

93 946 283 1013 Secundum
310 948 474 1014 Liviuml
516 948 559 1015 ati
581 950 667 1038 pacis
692 948 916 1015 caduceatores
938 948 1097 1016 dicuntur.

51 1033 138 1099 Sero.
155 1038 205 1100 orl
224 1036 342 1123 Virgil.
355 1036 438 1101 Aen.
455 972 518 1103 lelg.
534 1040 608 1101 241.

90 1117 203 1186 Livius
222 1134 391 1208 argentum
414 1144 508 1209 greve
532 1122 620 1199 dicit,
641 1120 674 1185 id
698 1133 757 1199 est,
772 1142 899 1187 masam.
945 1123 1037 1189 Sero.
1053 1124 1100 1188 od

59 1204 172 1292 Virgil.
186 1208 271 1273 Aen.
295 1207 349 1273 VI.
365 1212 440 1273 862.
490 1208 542 1293 Cf.
558 1208 680 1273 Isidor.
698 1207 796 1273 XVI.
815 1210 865 1274 17.

91 1289 130 1355 ln
144 1291 208 1358 hoc
222 1314 347 1359 summo
358 1292 588 1381 (promontorio
600 1292 749 1379 Circaeo)
758 1290 914 1381 oppidum
927 1292 998 1371 lixit,
1008 1292 1098 1395 quod

55 1390 85 1439 et
104 1378 275 1444 Circaeum
297 1378 418 1445 dietum
445 1392 479 1445 et
502 1378 634 1445 Circaei.
680 1376 768 1443 Nam
791 1391 962 1466 utrumque
986 1378 1098 1445 larius

56 1459 135 1527 dicit.
181 1466 275 1531 Sero.
291 1468 339 1531 od
357 1466 473 1553 Vergil.
486 1466 568 1533 Aen.
592 1464 668 1531 VII.
688 1469 740 1529 10.

97 1796 134 1864 Τ.
150 1798 261 1865 Livius
281 1813 346 1865 tam
366 1800 496 1889 iniquus
511 1799 648 1867 Salustio
661 1800 731 1880 tuit,
748 1814 785 1867 ut
803 1799 886 1866 hanc
904 1800 1005 1888 ipsam
1024 1823 1096 1867 sen·

61 1886 202 1951 untionis
227 1884 316 1951 ‘Res
335 1886 494 1952 secundae
514 1888 593 1953 mire
612 1899 688 1953 sunt
701 1886 786 1953 vitiis
800 1886 966 1966 obtentui:
979 1900 1012 1953 et
1026 1900 1097 1953 tan·

63 1990 148 2053 quam
167 1970 349 2037 translatam
371 1986 405 2038 et
429 1986 580 2061 tanquam
604 1986 784 2060 corruptam
802 1972 881 2037 dum
901 1973 1097 2053 transfertur,

63 2056 202 2124 obiiceret
228 2057 373 2125 Salustio.
419 2058 492 2125 Neo
517 2058 580 2125 hoc
605 2082 712 2125 amore
736 2058 937 2147 Thucydidis
953 2058 1039 2137 facit,
1059 2072 1097 2125 nt

63 2138 141 2207 illum
172 2144 336 2232 praeferat.
386 2144 525 2226 laudet,
556 2168 653 2247 quem
682 2168 750 2211 non
779 2144 880 2223 timet,
909 2158 942 2211 et
974 2144 1097 2210 facilius

63 2240 143 2311 putat
165 2253 256 2319 pomo
282 2254 302 2297 a
325 2254 359 2297 se
384 2229 557 2298 Salustium
580 2232 675 2311 arnoi,
701 2232 727 2297 si
756 2245 829 2297 ante
859 2254 879 2297 a
903 2230 1096 2321 Thucydide

64 2312 202 2381 sinuatur.
248 2318 374 2383 Seneca
392 2319 543 2385 Contrua.
561 2318 692 2385 XXIV.

101 2398 138 2468 T.
150 2403 259 2470 Livius
284 2404 325 2469 de
352 2405 536 2484 oratoribus,
560 2405 616 2492 qui
639 2405 736 2470 verba
757 2404 889 2492 antiqua
911 2417 945 2469 et
969 2403 1098 2470 sordida

66 2503 280 2568 consectantur,
297 2503 330 2556 et
348 2490 498 2556 orationis
517 2491 738 2557 obscuritatem
756 2491 954 2556 severitatem
993 2503 1096 2567 utant,

68 2571 166 2654 aiebat,
190 2575 373 2642 Miltiadem
401 2576 560 2644 rhetorem
586 2576 749 2664 eleganter
772 2574 911 2639 dixisse:
942 2511 1027 2640 ’Ilm
1050 2576 1098 2662 rol

67 2661 199 2740 πλησίον
211 2661 395 2747 μαίνονται.
440 2665 565 2730 Seneca
584 2663 733 2730 controv.
752 2660 864 2728 XXV.

103 2744 138 2812 In
155 2748 214 2816 hoc
235 2748 353 2816 malum
372 2771 392 2816 e
409 2749 599 2838 quibusdam
618 2749 715 2814 etiam
734 2746 913 2812 laboraturt
936 2767 1042 2832 neque
1061 2745 1096 2810 id

70 2849 170 2900 uorum
188 2836 300 2901 vitium
324 2848 381 2915 est,
401 2859 500 2923 quum
525 2835 586 2902 iam
611 2835 696 2924 apud
720 2833 760 2899 T.
774 2832 903 2898 Livium
926 2831 1097 2909 inveniam,

70 2913 148 2985 fuisse
197 2935 410 3010 raeceptonem
438 2921 587 3009 aliquem,
610 2920 667 3009 qui
692 2918 864 3008 discipulos
890 2919 1098 2998 ‘obscurare’

90 3025 138 3071 uae
164 2945 317 3085 (licerent,
347 3008 480 3085 iuberet,
513 3007 638 3072 Graeco
666 3007 764 3072 verbo
794 3018 897 3085 utens,
927 3004 1093 3072 σκότισον.

73 3023 153 3158 llnde
167 3094 220 3159 illa
234 3093 356 3159 seilicet
369 3115 442 3182 egre
482 3093 512 3158 ‘a
527 3093 683 3159 laudatio:
702 3092 827 3157 ‘Tanto
841 3091 969 3157 melior:
985 3115 1026 3157 ne
1035 3115 1097 3180 ego

74 3179 204 3262 ‘quidem
219 3179 385 3246 intellexi?
430 3115 568 3253 glutit.
585 3179 666 3245 Inal.
683 3179 777 3244 Orat.
796 3177 939 3252 rme.
960 3183 1007 3245 18.

108 3262 173 3331 Fuit
190 3267 288 3354 igitur
306 3266 443 3332 brevitas
462 3264 517 3330 illa
536 3265 700 3342 tutissima,
739 3285 798 3328 uae
819 3263 904 3351 apud
919 3263 1047 3328 Livium
1061 3263 1096 3328 in

75 3349 186 3434 epistola
203 3352 243 3417 ad
263 3353 366 3418 fllium
388 3353 513 3440 scripto,
540 3350 713 3452 ‘legendos
762 3349 980 3414 emosthenem
999 3362 1097 3436 atque

76 3436 283 3504 ‘Ciceronemz
319 3451 386 3503 tum
416 3439 470 3515 ita,
496 3451 533 3502 ut
558 3461 603 3525 qu
652 3460 693 3502 ue
719 3448 802 3501 esset
827 3433 1039 3499 Demostheni
1064 3447 1098 3499 et

76 3520 222 3670 ‘filemoni
239 3524 439 3591 simillimus.’
485 3525 621 3597 Quintil.
657 3533 717 3590 art.
733 3521 827 3587 orat.
846 3522 890 3586 X.
910 3524 937 3584 l.
954 3524 1006 3585 39.
1024 3521 1098 3586 coll.
