2934 4800
353 241 418 300 444
508 229 786 298 SYLLABUS
818 228 1275 296 PRAECIPUARUM

443 369 617 436 ‘Proderat
633 368 721 434 haud
736 368 883 445 multum,
899 367 989 444 Livi,
1004 368 1063 432 abs
1077 381 1114 432 te
1128 369 1257 455 scripta
1267 369 1362 432 ὼ

487 455 641 533 Maxima,
657 455 683 519 si
699 455 824 520 Romse
839 455 922 519 facta
935 455 1004 542 pan'
1017 454 1177 542 eloquio:

445 544 538 620 Quae
553 565 609 607 scu
624 541 766 618 desidiis,
781 542 844 606 alio
857 563 915 606 seu
928 541 1064 606 crimine
1079 541 1214 628 quovis,

489 629 562 694 Sive
578 641 611 693 et
626 629 821 715 temporibus
835 641 952 692 cuncta
965 628 1031 692 fere
1047 627 1268 692 occiderant:

446 717 602 802 Quaeque
618 715 838 801 superfuerant
852 737 958 814 opera,
973 714 1054 778 haec
1069 727 1139 778 tem
1155 737 1236 778 rara
1248 713 1353 789 videri

489 801 536 867 Ut
592 801 658 865 nei
718 822 789 865 rum
804 823 896 887 copia
909 799 999 864 nulla
1012 800 1104 865 soret.

444 889 488 955 Et
502 825 653 989 Vlllepb
685 885 781 988 [No.
787 887 918 952 debebis
933 901 968 952 tn
983 910 1130 987 quoque,
1145 885 1266 951 formis

447 972 1272 1212 primur„
1283 1059 1343 1124 „ff

518 1147 579 1213 ello
594 1161 793 1234 oppugnatas
805 1147 929 1210 fortiter
942 1161 1070 1233 enpurt.

447 1235 519 1300 Hac
533 1236 653 1300 etenim
667 1233 781 1298 studiis
794 1256 859 1297 non
874 1247 998 1297 tantum
1014 1232 1279 1298 Romulidumve

490 1321 640 1386 Historiis
654 1343 760 1406 opera,
774 1342 871 1406 quam
886 1319 954 1396 tibi,
969 1319 1144 1383 conualuit.

448 1408 514 1484 Qui
538 1429 578 1495 pe
593 1421 649 1472 tuo
664 1406 723 1470 hac
738 1406 773 1469 in
787 1429 821 1470 re
836 1428 909 1470 cum
925 1405 1049 1471 Romae
1064 1404 1202 1469 nomine
1216 1405 1335 1480 iuncto,

491 1431 691 1559 Alterutrum
706 1515 834 1556 servans
847 1505 951 1557 servat
964 1505 1139 1577 utrumque
1155 1490 1267 1556 simul.

446 1580 475 1646 E
512 1603 531 1644 o
546 1594 602 1645 tua
616 1593 651 1643 ut
664 1578 802 1666 perdens
816 1601 912 1666 opera
925 1591 974 1643 est
987 1577 1110 1642 invisus
1123 1577 1307 1652 habendus,

526 1689 615 1732 orum
630 1679 769 1730 servator
782 1665 827 1730 sic
841 1665 899 1729 tibi
913 1664 1069 1729 amandus
1082 1665 1157 1728 erit.

445 1752 567 1840 Magna
580 1751 700 1838 loquar,
715 1750 772 1816 sed
787 1774 862 1816 vera
875 1767 991 1816 tamen
1038 1749 1201 1815 Conferre
1216 1764 1340 1837 ponor

489 1839 545 1902 Ad
559 1839 674 1902 famam
689 1851 780 1902 natos
793 1838 998 1925 progenuisse
1012 1838 1139 1924 probos

445 1923 477 1989 N
480 1947 522 1990 on
537 1946 635 2011 parvo
649 1925 768 1988 maiora
781 1937 889 1988 tamen
903 1936 1114 1988 monuments
1126 1923 1278 2010 putanda

491 2010 574 2076 Sunt
588 2033 693 2098 opera,
709 2009 867 2075 excellens
881 2033 963 2097 quae
978 2010 1062 2098 parit
1075 2011 1086 2072 i
1152 2010 1258 2074 nium.

447 2097 519 2163 Nec
533 2119 608 2162 vero
624 2111 749 2162 tantum
762 2097 842 2161 fluxi
856 2098 933 2183 quia
945 2032 1152 2183 mrponslli

490 2183 643 2248 Existunt
656 2183 770 2260 foetus,
784 2183 932 2270 perpetui
945 2183 1024 2248 haec
1038 2183 1159 2246 animi:

446 2270 570 2335 Verum
584 2269 681 2335 etiem
696 2270 764 2334 nati
778 2269 856 2356 quia
868 2292 935 2334 non
950 2292 969 2333 a
982 2269 1126 2357 patribus
1141 2291 1269 2346 omnes,

492 2355 575 2422 Sunt
590 2357 704 2443 quibus
719 2356 826 2422 affecti
840 2355 976 2434 dotibus,
992 2356 1168 2443 accipiunt.

449 2443 483 2511 Si
492 2466 563 2597 guo
576 2456 682 2509 autem
697 2444 801 2531 gravis
815 2458 911 2530 atque
924 2457 1036 2509 ornata
1047 2443 1162 2519 oratio,
1177 2442 1309 2529 qualem

521 2531 662 2595 eruimus
676 2552 744 2594 esse
760 2543 857 2607 uiam,
868 2553 938 2595 com
999 2530 1043 2595 'ta
1054 2529 1224 2595 extiterit:

449 2616 535 2683 Huic
550 2616 631 2681 nihil
646 2629 694 2681 est
707 2638 844 2704 prorsus,
860 2639 905 2703 qu
962 2640 1028 2681 uon
1042 2638 1117 2681 suus
1131 2616 1253 2681 afferat
1265 2631 1371 2681 uictu:

492 2703 565 2768 Sive
580 2703 649 2767 eius
662 2702 805 2781 formam,
821 2704 886 2767 sive
900 2702 964 2768 alia
976 2702 1118 2790 aspicies.

448 2789 520 2877 Ipse
536 2790 618 2855 hanc
633 2788 765 2877 effingit,
781 2788 861 2876 polit
874 2789 967 2867 hanc,
982 2803 1077 2876 atque
1093 2788 1206 2853 induit
1220 2790 1300 2877 ipse,

491 2875 575 2963 Ipse,
590 2875 696 2939 anima
710 2889 883 2962 tamquam,
898 2876 1041 2941 sensibus
1055 2875 1206 2940 instituit.

449 2963 503 3027 An
518 2975 609 3027 natos
623 2962 721 3048 igitur
733 2962 871 3027 servanti
885 2976 1001 3027 cuncta
1014 2975 1143 3049 putares

491 3047 540 3113 Te
556 3048 683 3125 debere,
698 3047 780 3113 nihil
794 3048 873 3113 haec
887 3070 985 3136 opera
998 3047 1137 3113 eximia?

448 3134 554 3212 Adde,
592 3132 658 3199 uod
673 3147 706 3199 et
720 3134 910 3222 perpulchra
923 3134 1046 3199 effinxit
1059 3145 1093 3199 et
1106 3134 1245 3221 optima,
1259 3134 1362 3200 eunctis

491 3158 645 3307 Hocine)
659 3222 755 3285 etiam
770 3235 807 3286 ut
820 3220 974 3307 placeant,
991 3221 1069 3286 haec
1083 3238 1298 3287 monuments
1308 3237 1356 3287 tua

448 3307 480 3372 A
517 3330 557 3371 ue
573 3320 621 3371 tot
636 3307 805 3394 impressit,
820 3322 924 3372 totum
939 3307 989 3371 his
1004 3308 1066 3371 iam
1080 3307 1182 3395 possit
1196 3307 1233 3371 in
1249 3310 1343 3373 orben

525 3393 649 3471 iffundt
664 3407 762 3481 atquc
777 3415 890 3459 aevum
905 3416 1024 3459 nomen
1038 3392 1072 3458 in
1086 3414 1185 3457 omne
1201 3408 1302 3460 tuum.

449 3479 514 3546 Sed
530 3494 585 3545 tua
598 3502 680 3567 quae
695 3480 846 3567 probitas,
861 3480 974 3567 dignes
987 3502 1054 3545 non
1068 3479 1213 3567 ambiget
1227 3480 1307 3546 ullus

493 3566 582 3643 Quin
598 3566 715 3632 habeas
728 3580 834 3654 grates
847 3566 859 3630 i
932 3581 988 3633 tuo
1002 3566 1124 3643 artifici,

447 3652 487 3719 Id
498 3666 651 3742 superest,
663 3652 794 3741 quando
808 3678 830 3719 u
877 3676 897 3719 a
909 3667 960 3719 est
970 3666 1035 3719 tam
1046 3652 1145 3740 digna
1154 3653 1323 3741 suppellex,
1332 3656 1376 3722 le:

493 3738 649 3828 Quaeque
665 3753 764 3805 totae
779 3741 876 3805 tantis
890 3742 1000 3806 usibus
1012 3761 1080 3805 esse
1095 3752 1203 3825 queat.

449 3826 485 3891 Si
499 3848 539 3891 ne
564 3850 604 3891 ue
619 3826 682 3891 iam
698 3848 815 3915 magno
829 3840 960 3915 sumptu
973 3847 1127 3913 magnove
1141 3824 1262 3905 labore,

491 3849 564 3978 sed
571 3912 631 3977 sibi
646 3934 743 4014 quem
758 3913 892 3979 minimo
906 3913 1041 4001 quisque
1056 3934 1167 4000 parare
1180 3911 1283 3978 valet:

447 3998 604 4065 Historias
619 3999 773 4086 quisquis,
788 4000 935 4087 quisquis
948 4022 1006 4065 sua
1018 3997 1187 4064 commoda
1199 4014 1295 4079 curat,

489 4084 646 4173 impressa
659 4086 738 4149 haec
751 4084 867 4151 frustra
879 4108 946 4151 uon
959 4086 1043 4150 sinat
1055 4106 1124 4150 esse
1138 4108 1245 4171 opera

444 4168 567 4233 Verum
582 4170 627 4234 sic
643 4171 762 4235 etenim
776 4192 835 4235 aua
848 4194 1010 4260 quemque
1025 4170 1182 4236 industria
1195 4171 1319 4238 multum
1421 4211 1423 4260 J

488 4251 618 4329 Iurcrit,
633 4255 703 4339 ipss
716 4269 817 4342 paret,
831 4257 955 4323 lectitet
969 4258 1038 4345 ipsa
1050 4256 1128 4323 diu)
1421 4263 1423 4279 '
