2934 4800
343 216 383 280 ts
447 253 453 263 -
725 209 837 275 ΤΙΤΙ
866 207 1002 274 LIVIl

213 397 220 411 .
256 364 446 426 .581.neam,
469 361 503 410 et
526 343 717 421 Haliartum,
741 345 905 410 adieruntt
937 345 1053 431 quibus
1077 362 1263 430 expressum
1291 341 1406 412 invitis

209 465 216 480 ·
256 467 262 480 ·
280 441 333 491 ¹⁷¹·
342 433 590 508 existimabatur,
606 445 651 509 ut,
667 431 778 497 relicta
790 433 878 520 regia
891 433 1051 508 societate,
1068 429 1224 494 Romanis
1239 427 1406 515 adiunge·

343 536 462 584 rentur.
508 518 655 583 Thebani
676 518 757 582 nihil
778 519 855 583 moti
870 533 961 583 sunt:
985 539 1168 605 quanquam
1183 514 1354 591 nonnihil,
1370 529 1404 578 et

343 606 500 671 dammtis
520 605 724 693 principibus,
744 619 778 670 et
798 605 950 670 restitutis
972 604 1142 682 exsulibus,
1162 602 1405 667 succensebant

345 693 507 764 Romania
555 691 714 757 Coronaei
734 705 768 757 et
789 691 947 768 Haliartii,
963 691 1068 756 favore
1086 690 1225 777 quodam
1247 689 1354 752 insito
1369 688 1403 752 in

344 802 443 866 reges,
460 779 579 866 legatos
599 779 633 842 in
649 777 874 844 Macedoniam
890 779 1054 856 miserunt,
1069 775 1264 865 praesidium
1279 790 1403 862 peten-

345 881 401 944 tes,
420 889 484 953 quo
506 888 539 930 se
562 865 710 931 adversus
732 867 940 968 impotentem
963 865 1142 952 superbiam
1162 862 1402 927 Thebanorum

344 953 427 1018 tueri
438 953 566 1040 possint.
615 951 679 1017 cui
690 951 841 1039 legationi
851 975 1036 1039 responsum
1048 951 1088 1016 ab
1099 973 1173 1037 rege
1184 962 1250 1014 cst:
1276 948 1402 1013 ‘Prae-

345 1038 483 1103 ‘sidium
504 1061 537 1103 se
559 1053 690 1126 propter
710 1039 850 1103 indutias
871 1061 944 1103 cum
970 1037 1124 1103 Romanis
1144 1036 1243 1101 iactas
1265 1036 1401 1101 mittere

346 1133 431 1190 ‘non
453 1147 561 1213 posse:
586 1139 691 1190 tamen
714 1125 856 1203 suadere,
878 1126 923 1189 ita
945 1126 985 1190 ab
1007 1124 1235 1190 Tbebanorum
1257 1123 1400 1197 iniuriis,

346 1220 428 1301 ‘qua
452 1226 589 1300 possent,
613 1227 650 1277 ut
670 1235 704 1277 se
726 1212 934 1289 vindicarent,
957 1235 998 1276 ne
1026 1210 1181 1276 Romanis
1202 1209 1402 1297 praeberent

346 1308 490 1364 ‘causam
504 1299 539 1363 in
552 1321 586 1364 se
601 1299 783 1372 saeviendi'

234 1397 286 1463 47.
388 1385 530 1451 Marcius
549 1399 583 1451 et
598 1384 718 1450 Atilius
739 1385 876 1451 Romam
891 1407 992 1472 quum
1011 1385 1181 1461 venissent,
1197 1383 1398 1484 legationem

187 1483 297 1558 Muretus
345 1473 378 1537 in
392 1473 553 1560 Capitolio
567 1473 612 1537 ita
621 1472 855 1550 renuntiarunt,
865 1487 901 1537 ut
913 1471 1000 1537 nulla
1013 1495 1048 1538 re
1060 1472 1160 1559 magis
1170 1470 1398 1559 glomerentur,

186 1547 332 1623 ¹³⁸⁸²¹⁰i¹⁸¹¹¹
345 1582 440 1646 quam
466 1560 602 1646 decepto
626 1582 684 1648 per
704 1560 845 1625 indutias
869 1574 903 1624 et
927 1581 1016 1646 spem
1039 1559 1125 1647 pacis
1145 1579 1229 1646 rege.
1276 1556 1399 1622 ‘Adeo

186 1617 317 1661 enuntiat.
346 1647 450 1711 ‘enim
465 1646 665 1733 apparatibus
679 1646 756 1711 belli
768 1647 864 1711 fuime
879 1648 1079 1723 instructum,
1091 1646 1167 1732 ipsis
1181 1644 1271 1709 nulla
1283 1659 1399 1732 parata

346 1740 410 1809 ‘re,
427 1745 463 1797 ut
474 1733 581 1797 omnia
591 1746 771 1820 opportuna
782 1732 851 1798 loca
888 1732 1089 1820 raeoccupari
1102 1746 1176 1797 ante
1191 1732 1283 1797 abeo
1297 1745 1399 1818 potu-

346 1827 356 1858 ‘
367 1818 460 1896 erint,
483 1839 579 1918 quam
604 1819 762 1884 exercitus
783 1819 817 1883 in
841 1757 1009 1885 (iiaeciam
1030 1819 1233 1884 traiicerctur.
1260 1835 1264 1846 ’
1282 1817 1397 1905 Spatia

346 1913 473 1970 ‘autem
489 1904 684 1969 indutiarum
699 1919 835 1992 sumpto,
851 1921 1021 1971 venturum
1035 1905 1125 1971 illum
1140 1905 1240 1970 nihilo
1253 1906 1398 1992 pmtio·

346 2000 450 2070 ‘rem3
489 1990 652 2057 Romanos
680 1992 828 2058 omnibus
857 1992 1073 2059 instructiores
1101 1993 1195 2057 rebus
1223 2005 1397 2079 coepturos

347 2078 495 2144 ‘bellum
542 2077 736 2144 Boeotorum
769 2103 874 2167 uoque
889 2103 922 2145 se
937 2078 1107 2144 concilium
1119 2092 1185 2144 arte
1201 2078 1395 2154 distraxisse,

347 2174 406 2230 ‘ne
421 2166 572 2252 coniungi
587 2165 721 2252 amplius
736 2102 802 2232 tillo
816 2188 972 2231 consensu
992 2165 1224 2231 Macedonibus
1243 2167 1396 2252 possent'

347 2251 448 2330 Haec,
464 2266 500 2318 ut
514 2274 638 2317 summa
651 2253 774 2317 ratione
788 2267 867 2330 acta,
883 2275 998 2340 magua
1011 2275 1083 2340 pars
1097 2267 1223 2318 senatm
1238 2253 1396 2338 approba·

188 2351 292 2401 Sonitu
302 2340 417 2405 ita-bat:
441 2351 563 2406 veteres
578 2353 612 2405 et
626 2339 722 2404 moris
742 2340 866 2428 antiqui
884 2362 1038 2405 memores
1052 2340 1221 2427 negabant,
1238 2347 1292 2403 ‘se
1307 2339 1344 2402 in
1359 2361 1396 2403 aa

189 2418 312 2479 mmm·
347 2427 523 2515 ‘legatione
540 2426 700 2491 Romanas
720 2448 889 2515 agnoscere
909 2440 1000 2491 artes
1047 2426 1125 2491 Non
1141 2450 1199 2515 per
1215 2425 1350 2490 insidias
1365 2441 1397 2490 et

347 2522 523 2580 ‘nocturna
541 2512 748 2601 proelianec
768 2514 945 2579 simulatam
960 2513 1067 2600 sugam
1088 2514 1341 2601 improvisosque
1356 2513 1396 2576 ad

347 2609 357 2639 ‘
368 2602 531 2667 incautum
548 2600 671 2666 hostem
692 2600 822 2679 reditus,
843 2623 903 2665 nec
926 2615 960 2665 ut
983 2617 1053 2665 astu
1074 2600 1182 2688 magis,
1202 2622 1301 2687 quam
1322 2622 1397 2663 vera

347 2688 494 2765 ‘virtute,
523 2685 743 2775 gloriarentur,
772 2687 856 2752 bella
884 2688 1018 2751 maiores
1046 2689 1185 2774 gessisse.
1246 2684 1414 2754 Indiccnet

348 2782 358 2813 ‘
367 2774 464 2862 prius,
480 2796 575 2860 quam
595 2796 715 2861 gerere,
731 2773 840 2839 solitos
854 2773 953 2850 bella3
977 2773 1165 2839 denuntiare
1185 2773 1283 2838 etiam
1299 2774 1397 2837 inter·

348 2861 446 2926 ‘dum
465 2882 616 2947 pugnam,
637 2872 671 2924 et
690 2860 794 2925 locum
812 2861 914 2937 finire,
935 2859 970 2924 in
991 2884 1056 2948 quo
1079 2859 1258 2925 dimicaturi
1279 2875 1395 2925 essent.
1454 2923 1455 2936 ,

348 2946 489 3010 ‘Eadem
512 2946 575 3011 fide
599 2945 774 3011 indicatum
796 2946 921 3035 Pyrrho
941 2949 1008 3035 regi
1029 2948 1200 3025 medicum,
1221 2947 1307 3012 vitae
1328 2948 1397 3012 eius
1454 2951 1456 3032 ξ

348 3031 588 3097 ‘insidiantemr
613 3031 724 3097 eadem
741 3032 868 3099 Faliscis
879 3035 1020 3099 vinctum
1036 3034 1184 3099 traditum
1199 3033 1415 3121 proditorem6
1454 3057 1455 3110 f

347 3118 546 3184 ‘liberorum
593 3118 689 3206 Legis
711 3119 790 3184 haec
811 3120 976 3186 Romanae
997 3144 1075 3199 esse,
1098 3144 1164 3187 non
1186 3122 1396 3185 versutiarum

348 3206 574 3283 ‘Punicarum
590 3227 695 3293 neque
711 3206 891 3273 calliditatis
908 3206 1067 3272 Graecae:
1092 3208 1178 3295 apud
1193 3230 1274 3294 quos
1287 3206 1396 3272 fallere

349 3292 503 3370 ‘hostem
519 3314 616 3379 quam
630 3293 662 3355 vi
676 3315 833 3380 superare,
849 3291 1015 3379 gloriosius
1027 3295 1132 3359 fuerit
1178 3292 1349 3358 Interdum
1364 3296 1396 3357 in

349 3388 359 3418 ‘
389 3402 514 3445 raesens
530 3392 655 3466 tempus
674 3378 747 3465 plus
760 3380 872 3466 profici
886 3380 970 3458 dolo,
986 3403 1083 3468 quam
1098 3382 1231 3447 virtute:
1256 3380 1316 3445 sed
1331 3382 1397 3445 eius

349 3402 497 3532 ‘demum
509 3466 651 3531 animum
667 3466 701 3529 in
713 3479 901 3554 perpetuum
913 3469 1008 3546 vinci,
1021 3468 1073 3534 cui
1084 3467 1238 3533 consessio
1248 3490 1397 3555 expressa

349 3554 420 3632 ‘sit,
436 3576 469 3619 se
484 3576 590 3654 neque
605 3564 681 3630 arte,
694 3576 800 3641 neque
815 3576 899 3631 casu,
909 3556 966 3620 sed
980 3554 1104 3620 collatis
1113 3554 1257 3620 eominus
1268 3556 1396 3631 viribus,

350 3649 360 3680 ‘
368 3640 451 3705 iusto
465 3664 502 3705 ac
516 3663 571 3728 pro
585 3640 670 3706 bello
685 3662 752 3705 csse
767 3643 971 3728 superatum!
1015 3640 1105 3707 Haec
1120 3642 1269 3718 seniores,
1282 3642 1397 3729 quibus

350 3748 432 3802 nova
452 3725 530 3791 haec
545 3728 650 3792 minus
667 3726 813 3815 placebat
829 3728 992 3815 sapientia
1038 3728 1127 3794 Vicit
1143 3742 1251 3793 tamen
1269 3750 1310 3793 ea
1326 3750 1397 3816 pars

349 3826 487 3891 senatus,
504 3814 557 3877 cui
575 3814 680 3900 potior
695 3813 792 3893 utilis,
807 3836 905 3902 quam
924 3814 1060 3893 honesti,
1076 3838 1154 3880 cura
1167 3828 1244 3892 erat,
1260 3828 1298 3879 ut
1311 3838 1398 3880 com·
1454 3893 1455 3898 γ

383 3995 397 4042 5
414 3980 526 4030 Indiam
536 4016 543 4029 .
553 4016 559 4028 .
569 4016 575 4029 .
587 3983 666 4030 solitos
677 3984 753 4039 balim·
764 3984 857 4031 &aare
921 3981 936 4031 6
948 3986 1099 4033 Proditorem
1106 3986 1245 4034 liberorum.
1259 3985 1335 4046 Legit
1342 3985 1396 4032 boet

350 4045 508 4105 timentium]
539 4044 639 4093 Bellum
656 4046 808 4094 indicebatur
822 4062 858 4095 se-
889 4047 1085 4109 Itomaaoeesse]
1099 4049 1396 4111 Elegantiorlraecemen·
1454 4075 1455 4100 ι

351 4113 423 4157 natur
438 4108 537 4157 decreto
551 4124 582 4165 ac
597 4109 682 4171 populi
698 4110 781 4159 iussu:
804 4117 857 4159 tum
890 4111 958 4159 datio
970 4118 1006 4160 est
1019 4128 1063 4175 pro
1075 4114 1173 4175 vulgata
1188 4113 1304 4168 lectione,
1317 4115 1396 4175 prodi·

351 4172 540 4221 denuntiabatur
549 4174 587 4221 vel
601 4173 648 4235 ipsi
659 4173 859 4235 utiqueregiaut
891 4178 1187 4237 toremliberommrsoia.
1211 4179 1396 4225 HuscRomuar

351 4235 453 4297 populo,
467 4236 507 4283 cni
524 4235 643 4285 indictum
659 4238 746 4295 suerat,
758 4238 797 4286 vel
812 4239 858 4285 aal-
891 4254 949 4293 esar,
960 4254 1023 4299 qnae
1034 4256 1110 4301 quum
1123 4241 1255 4289 narrationi
1270 4240 1350 4302 ipsius
1361 4242 1396 4289 tt·

350 4306 401 4347 tem
417 4298 449 4347 ad
468 4300 606 4361 proximum
622 4300 647 4348 in
665 4300 754 4348 finibus
771 4302 858 4363 praesi-
892 4301 925 4348 vii
936 4318 1001 4364 supr.
1009 4316 1078 4365 aar.
1090 4305 1246 4368 discreparet,
1255 4305 1397 4367 interpreter

352 4363 427 4413 dium.
445 4364 475 4412 cl.
487 4378 552 4425 supr.
565 4364 614 4415 xxi.
627 4366 649 4413 8.
667 4364 749 4411 Cnav.
891 4366 997 4415 multum
1010 4368 1086 4417 torsit.
