2934 4800
278 239 665 308 FRAGMENTUM
697 241 793 309 LIB.
826 243 921 310 XCI.
1061 251 1126 314 alt

79 376 158 463 quid
172 399 246 442 eum
259 377 418 444 facturum
433 399 501 443 esse
518 399 586 442 non
601 379 791 458 ominemm,
806 379 834 443 si
848 391 963 468 coepta
976 381 1131 451 diuninse

80 485 115 528 sc
134 485 235 564 paene
255 464 319 529 iam
339 463 474 530 mirilico
486 463 678 530 dexteritate
752 488 793 531 ue
810 464 950 533 sollertia
1045 469 1054 486 ‘

80 548 209 615 connlm
222 549 262 652 sd
276 573 298 616 o
390 571 423 614 m
437 551 562 652 exitum
576 551 706 617 taudem
754 552 762 567 ‘
787 552 895 620 nando

83 634 1128 813 fflhffloailsstfflifflffitllffi

84 829 119 871 ac
147 807 348 910 Clementem
377 807 471 911 XIV:
496 831 610 910 aureae
636 811 748 878 aetatis
772 813 980 892 conditorem,
1004 815 1127 882 salvum

85 907 174 980 atque
188 895 371 997 mcolumen
388 893 590 962 Christianae
608 919 645 962 ac
661 897 819 999 hterariae
832 899 1026 987 reipublicae
1040 901 1126 969 bono

86 1001 174 1065 quam
188 981 364 1132 Quaene
385 996 559 1049 coruerret.
606 982 760 1072 Seqmtur
777 985 1030 1053 doctissimorum
1049 1009 1126 1054 ceu·

85 1088 183 1132 sorum
266 1090 361 1134 crum.

125 1238 298 1306 ‘Mandata
320 1241 517 1308 Smotisdmi
539 1241 673 1308 Domini
696 1242 809 1310 Nomi
831 1244 1009 1311 Clementis
1027 1245 1123 1313 xlv.

88 1324 231 1392 ‘feliciter
257 1329 430 1416 regnantia
460 1352 507 1407 es,
538 1351 602 1417 qua
632 1351 692 1418 par
720 1345 779 1409 est,
808 1331 991 1397 obedientia
1025 1346 1123 1422 atque

87 1411 256 1480 ‘alacritate
291 1429 514 1502 exsequentes,
542 1438 675 1504 parnrm
711 1416 923 1484 bibliothecae
947 1416 1123 1486 Vaticanus

87 1499 239 1565 ‘codicem
262 1502 539 1568 membranaceum
560 1501 753 1582 Palatinum,
772 1525 861 1568 num
880 1509 933 1569 24.
953 1517 1045 1570 extra
1064 1529 1124 1572 no·

87 1591 208 1664 ‘tatunn
222 1609 377 1738 perqqem
391 1587 563 1677 diligenter
576 1602 610 1654 et
623 1602 769 1655 accurate
783 1591 915 1655 scrutati
931 1611 1050 1670 murus,
1065 1593 1122 1658 ubi

267 1697 290 1737 u

87 1670 229 1794 :Tobiae
251 1671 268 1738 l
325 1673 409 1777 thae3
431 1673 502 1776 lobi
523 1675 786 1790 atquewEustheris
807 1675 880 1741 libri
900 1678 977 1778 satis
996 1691 1123 1780 vetusto

106 1757 931 1914 nm
984 1787 1122 1940 us

88 1933 1121 2125 uhtuttuutreruenern

89 2108 322 2203 “‘auuqmtate
342 2120 377 2171 et
396 2117 516 2172 certam
543 2106 816 2196 Hieronymiauae
840 2111 992 2175 versiones
1013 2125 1122 2175 notam

89 2195 166 2254 “‘m
182 2193 412 2279 subscriptione
435 2195 698 2296 repraesentare.”
743 2195 855 2270 Quum
877 2195 1018 2297 ergoad
1039 2198 1124 2262 eim.

89 2280 99 2310 ‘
107 2277 186 2342 modi
199 2301 336 2344 examen
350 2301 487 2368 aggresar
500 2301 649 2360 essemus,
665 2280 945 2347 animadvertimus
958 2282 1051 2348 mitio
1069 2282 1123 2347 hic
1252 2278 1256 2287 ’

89 2368 194 2449 ‘atque
217 2364 283 2431 illic
302 2364 338 2431 in
360 2365 453 2433 variis
477 2367 596 2433 codicis
616 2366 741 2469 paginis
762 2367 973 2456 antiquiorem
996 2369 1123 2435 subesse

89 2451 294 2539 ‘scripturam,
323 2454 438 2540 partim
468 2476 510 2519 ex
538 2452 703 2532 industria,
732 2455 847 2541 partim
876 2454 945 2542 ipsa
972 2456 1124 2543 temporis

89 2542 254 2604 ‘vetustate
282 2561 384 2627 paene
414 2540 621 2617 obliteratam,
647 2563 714 2606 non
743 2540 789 2605 its
817 2553 935 2617 tamen,
961 2553 998 2604 ut
1022 2563 1124 2627 quum

89 2623 295 2691 ‘interlineas
308 2647 469 2692 sacrorum
484 2627 661 2705 verborum,
677 2641 747 2692 tum
767 2626 802 2690 in
821 2624 1016 2713 marginibus
1034 2626 1125 2714 pagi·

91 2717 210 2776 ‘aarum
237 2733 296 2812 se·
344 2713 475 2778 sitorum
499 2712 602 2814 oculis
624 2736 689 2778 uon
714 2712 826 2777 offerat
853 2710 1031 2799 legendam,
1057 2735 1125 2778 non

108 2818 318 2970 battle
340 2810 886 2973 tt‘ltttttffhttttb.
904 2886 1125 2974 pompeam

92 2969 312 3055 ‘pulchenimo
326 2972 500 3060 primorum
515 2994 605 3037 serae
623 2972 824 3039 Christianae
837 2972 1034 3038 saeculorum
1049 2973 1125 3038 cha·

92 3062 230 3135 ‘ructare
247 3078 285 3122 ac
297 3058 408 3159 procul
422 3056 522 3124 dubio
536 3070 610 3123 ante
630 3058 790 3125 saecnlum
806 3059 955 3148 quintum
970 3073 1122 3125 exaratos.

92 3140 219 3265 :fmbss
228 3143 274 3269 „id
296 3144 394 3231 ipsius
415 3144 587 3232 scripturae
608 3144 772 3247 sormq'f‘
783 3145 952 3247 Romaua”
976 3146 1126 3233 ‘nempe'

92 3322 101 3350 ι
131 3231 1125 3405 'tlt’nttlttlttlttllltttttttlttttt

93 3402 199 3469 ‘'teris
220 3403 285 3469 suis
300 3403 462 3469 Romanas
483 3403 712 3492 aliquantisper
732 3405 893 3469 vitiarunt.
939 3404 1124 3468 Uncialium

93 3487 262 3555 ‘literarum
284 3490 385 3555 forins
405 3491 438 3555 in
462 3490 571 3556 codice
594 3489 655 3556 boc
670 3489 817 3555 Palatino
838 3490 913 3555 satis
934 3488 1062 3577 elegans
1084 3489 1126 3554 ad

94 3575 639 3750 lttttffllttlumnltnttlti
651 3575 1126 3750 ttttl'tttllthttf‘tt

95 3746 281 3815 ‘Florentiae
301 3750 335 3814 in
355 3686 547 3815 bibliotheca
562 3749 778 3815 Laurentiano
798 3761 981 3827 assonetur,
1004 3747 1126 3849 quique

95 3836 185 3901 ‘circa
198 3836 346 3901 Valentis
365 3859 402 3901 ao
417 3834 590 3901 Theodosii
612 3850 755 3923 tempora
773 3836 908 3922 scriptus
929 3836 1128 3901 existimatur

97 3922 144 3987 ‘ab
172 3921 342 3987 Holstenio
370 3923 547 4009 ceterisque
578 3922 652 3987 viris
681 3922 822 3987 eruditis.
869 3920 968 3986 Hisce
1067 3922 1128 3986 ‘nis

97 4008 291 4092 ‘praecedere
321 4008 449 4073 titulum
478 4008 633 4095 legimus:
669 4006 769 4074 ΤΙΤΙ
795 4006 894 4073 LIVI
923 3944 1127 4074 LIBQCL

97 4094 332 4173 ‘Quamobrem
362 4096 476 4160 ceteris
505 4094 635 4173 omissis,
662 4094 758 4159 huius
786 4095 959 4183 scripturae
988 4095 1129 4159 examini

98 4182 207 4247 ‘studio
237 4194 270 4247 et
298 4204 375 4246 cura
403 4180 492 4246 omni
516 4182 708 4259 institimus3
741 4204 806 4268 qua
830 4180 962 4269 quidem
987 4182 1131 4269 repetitis

99 4267 375 4333 ‘observationibus
397 4267 490 4345 lecta,
514 4280 602 4332 certo
626 4266 897 4368 deprehendimus
918 4268 1130 4355 fragmentum

100 4360 173 4418 ‘csse
193 4354 352 4433 historiae,
369 4376 426 4419 seu
447 4354 694 4421 continuatioms
716 4352 866 4421 historiae
884 4355 925 4421 de
944 4354 1036 4419 Bello
1055 4352 1132 4417 His-
