2934 4800
350 215 394 277 90
733 205 845 272 ΤΙΤΙ
876 204 1011 271 LIVII

196 355 271 406 tac.
287 345 488 433 581.Delphis
517 345 558 409 ad
583 344 712 410 insidias
737 343 892 408 Eumenis
917 344 1000 444 regis
1025 365 1098 408 usus
1123 356 1200 420 erat,
1227 356 1400 431 postquam

193 421 226 469 Α
241 421 272 470 ⁰·
289 434 343 482 ¹⁷¹·
351 454 466 518 agmen
486 431 630 518 peditum
645 429 842 495 venientium
864 431 923 498 sub
945 431 1043 516 siguis
1056 430 1146 507 vidit,
1163 431 1205 494 ad
1222 453 1335 518 regem
1351 453 1417 494 rac-1

351 520 458 595 currit,
474 532 507 582 et
521 540 649 582 monere
665 518 789 594 institit,
808 526 817 556 ‘
826 539 866 581 ne
882 516 982 580 elatus
996 517 1146 581 felicitate
1169 539 1331 582 summam
1353 539 1402 579 rc-

352 613 443 668 ‘rum
456 620 575 668 temere
590 605 624 668 in
638 627 702 667 non
715 604 921 668 necessariam
933 603 1033 667 aleam
1045 602 1142 668 daret.
1182 603 1217 668 Si
1228 617 1401 667 conterius

352 691 455 756 ‘bene
469 713 504 755 re
518 704 606 777 gesta
620 691 759 777 quiesset
773 713 812 754 eo
827 690 889 767 die,
905 689 954 753 vel
993 690 1056 754 acis
1074 689 1224 754 honestae
1239 690 1400 754 conditio-

352 786 449 843 ‘uem
470 776 662 853 habiturum,
685 776 737 840 vel
756 775 908 863 plurimos
929 711 1004 841 belli
1026 777 1135 854 socios,
1157 777 1215 926 ¹qui
1237 775 1401 840 fortunam

353 873 591 952 ‘sequerentur²
607 863 634 927 si
648 861 765 927 bellare
782 862 909 926 mallet!
951 861 991 926 In
1005 863 1066 928 hoc
1081 864 1165 928 cons'
1180 864 1248 927 ium
1270 865 1402 948 pronior

312 967 317 978 ·
352 965 420 1015 erat
441 951 564 1015 animus
585 950 677 1035 regia
723 948 846 1035 Itaque,
862 948 1039 1014 collaudato
1057 948 1219 1025 Euandre,
1236 949 1332 1035 signa
1353 971 1401 1012 re-

244 1031 249 1042 ’
351 1036 435 1115 ferri,
451 1037 659 1124 peditumque
681 1057 796 1122 agmen
819 1035 921 1100 redire
944 1035 978 1098 iu
998 1049 1099 1101 castra
1120 1037 1218 1114 iubet,
1235 1035 1401 1122 equitibus

351 1125 494 1211 receptui
509 1145 632 1187 canere.

285 1261 295 1278 .
398 1209 553 1276 Cecidere
568 1232 607 1274 eo
621 1209 674 1273 die
689 1210 729 1274 ab
744 1209 898 1273 Romanis
912 1208 1043 1274 ducenti
1058 1210 1190 1297 equites,
1206 1208 1276 1274 duo
1292 1207 1399 1283 millis,

351 1297 437 1362 haud
458 1298 573 1374 minus,
589 1295 751 1383 peditum3
775 1297 859 1382 capti
881 1296 1024 1360 sexcenti
1044 1295 1143 1360 ferme
1165 1296 1303 1381 equites.
1352 1294 1401 1358 Ex

351 1384 446 1471 regiis
466 1396 573 1448 autern
587 1383 701 1469 viginti
716 1383 850 1469 equites,
866 1382 1076 1470 quadraginta
1089 1382 1213 1470 pedites
1228 1381 1399 1446 interfecti

351 1469 527 1557 Postquam
546 1469 669 1534 rediere
689 1470 724 1533 iu
747 1483 847 1533 castra
868 1470 1009 1546 victores,
1029 1491 1139 1534 omnes
1156 1469 1293 1554 quidem
1315 1467 1399 1544 laeti,

352 1572 425 1622 ante
441 1557 518 1621 alios
533 1557 694 1621 Thurcum
717 1555 856 1620 insoleus
878 1554 997 1620 laetitia
1010 1555 1187 1620 eminebat:
1211 1577 1291 1620 cum
1306 1569 1401 1620 cautu

352 1645 438 1707 enirn
453 1644 612 1729 superfixa
625 1642 730 1728 capita
744 1641 881 1706 hostiurn
902 1655 1063 1728 portantes
1077 1641 1251 1706 redieruut
1302 1641 1416 1728 Apud=

353 1729 516 1793 Romanos
530 1752 595 1794 nou
611 1728 767 1792 maestitia
780 1741 904 1792 tanturn
919 1751 959 1792 ex
975 1727 1056 1792 male
1071 1743 1159 1814 gesta
1172 1751 1217 1804 re,
1229 1728 1291 1792 sed
1306 1751 1401 1815 pavor

194 1829 330 1878 cnutum
352 1816 449 1880 etiam
470 1829 547 1891 erat,
563 1838 604 1878 ne
625 1813 787 1900 extemplo
809 1827 909 1878 castra
930 1814 1027 1878 hostis
1050 1813 1287 1902 aggrederetur.
1338 1814 1400 1878 Eu-

195 1893 307 2005 ffiffium
353 1923 462 1965 menes
481 1901 622 1977 suadere,
639 1915 675 1964 ut
690 1915 776 1965 trans
792 1900 935 1965 Peneum
951 1900 1131 1965 transferret
1145 1914 1247 1965 castra
1256 1925 1264 1976 ;
1293 1915 1333 1966 ut
1347 1925 1400 1988 pro

194 2022 315 2073 mm
352 1988 553 2052 munimento
575 2009 701 2052 amnem
723 1988 862 2064 haberet,
877 1988 955 2051 dum
977 1987 1115 2074 perculsi
1136 1987 1253 2054 milites
1276 1989 1400 2052 animos

353 2073 547 2160 colligerent
594 2073 715 2139 Consul
731 2075 850 2139 moveri
864 2073 984 2159 flagitio
999 2075 1119 2138 timoris
1132 2075 1272 2138 fatendi:
1301 2076 1401 2138 victus

354 2175 460 2225 tamen
481 2161 614 2238 ratione,
629 2160 755 2224 silentio
770 2160 872 2224 noctis
892 2160 1042 2225 traductis
1059 2161 1167 2248 copiis,
1183 2175 1289 2226 castra
1304 2160 1342 2224 iu
1358 2161 1402 2224 ul·

354 2248 468 2312 teriore
490 2247 560 2334 ripe
580 2248 764 2312 communit.
811 2247 894 2322 Rex,
914 2259 1039 2334 postero
1061 2247 1113 2312 die
1136 2247 1176 2310 ed
1198 2247 1401 2312 lacessendos
1450 2317 1451 2322 ἵ

352 2333 473 2422 proelio
495 2334 600 2399 hostes
620 2355 811 2421 progressus,
832 2347 999 2421 postquam
1022 2347 1106 2398 trans
1128 2355 1255 2398 amnem
1273 2334 1312 2397 in
1334 2349 1401 2398 tuto

351 2422 455 2509 posita
482 2436 583 2485 castra
610 2421 841 2498 animadvertit,
872 2421 1027 2485 fatebatur
1055 2421 1187 2507 quidem
1217 2436 1400 2507 peccatum,

352 2508 440 2595 quod
460 2508 563 2595 pridie
584 2530 649 2573 nou
668 2508 831 2572 institisset
848 2507 957 2583 victis;
980 2506 1037 2572 sed
1060 2506 1221 2595 aliquanto
1244 2508 1402 2572 maiorem

351 2596 478 2683 culpam
500 2618 578 2672 esse,
596 2595 684 2681 quod
701 2608 794 2659 nocte
816 2594 897 2658 foret
914 2607 1076 2658 cessatum.
1122 2592 1218 2668 Nam,
1234 2608 1271 2658 ut
1296 2596 1402 2659 nemi-

351 2704 427 2745 nem
448 2681 544 2745 alium
564 2703 692 2745 suorum
712 2693 862 2757 moveret,
878 2680 940 2744 levi
961 2695 1118 2745 armatura
1135 2680 1282 2757 immissa,
1302 2682 1402 2767 trepi-

352 2768 497 2831 dantium
508 2768 543 2830 in
554 2768 688 2832 transitu
701 2766 841 2831 fluminis
855 2767 994 2831 hostium
1006 2766 1106 2833 deleri
1121 2788 1235 2853 magna
1251 2789 1293 2831 ex
1310 2782 1400 2854 parte

353 2854 459 2939 copias
473 2853 622 2941 potuisse.
662 2853 816 2917 Romanis
830 2851 960 2940 quidem
975 2876 1121 2940 praesens
1135 2874 1232 2941 pavor
1246 2853 1401 2941 demptus

353 2953 430 3016 erat,
444 2940 479 3002 in
494 2954 564 3003 tuto
578 2952 681 3003 castra
693 2939 899 3005 habentibus:
922 2939 1074 3004 damnum
1089 2940 1173 3005 inter
1186 2952 1292 3004 cetera
1309 2964 1400 3028 prae·

322 3061 325 3070 =
352 3026 446 3112 cipue
467 3026 569 3091 famae
591 3026 745 3091 movebat.
792 3025 836 3090 Et
854 3027 889 3090 in
909 3026 1039 3090 consilio
1053 3025 1139 3114 apud
1153 3026 1320 3091 consulem
1345 3050 1401 3115 pro

354 3134 387 3175 se
402 3112 537 3199 quisque
551 3113 586 3175 in
601 3111 734 3177 Aetolos
754 3112 959 3178 conferebant
980 3134 1125 3178 causam:
1151 3114 1224 3178 ‘Ab
1244 3113 1283 3177 iis
1303 3113 1402 3201 fugae

355 3198 565 3285 ‘terrorisque
586 3198 777 3286 principium
801 3212 921 3263 ortum:
949 3213 1073 3264 secutos
1093 3222 1241 3287 pavorem
1264 3198 1403 3265 Aetolo·

355 3293 446 3348 ‘rum
466 3297 499 3349 et
515 3298 637 3349 ceteros
654 3286 754 3349 socios
771 3284 966 3350 Graecorum
987 3285 1195 3373 populorum?
1242 3284 1401 3375 Quinque

293 3382 297 3387 '
376 3371 511 3458 rincipes
532 3370 732 3449 Aetolorum,
752 3372 807 3457 qui
833 3372 927 3459 primi
947 3386 1035 3459 terga
1056 3385 1215 3438 vertentes
1235 3374 1401 3460 conspecti

378 3458 550 3534 ¹rebantur,
566 3457 703 3523 Romam
718 3458 812 3523 missi.
860 3457 1002 3523 Thessali
1045 3481 1080 3523 ro
1098 3459 1250 3525 concione
1266 3458 1401 3537 laudari,

354 3544 514 3633 ducesque
529 3567 639 3609 eorum
654 3544 750 3610 etiam
763 3544 889 3609 virtutis
903 3567 997 3609 causa
1011 3482 1128 3609 ‹lbnati

245 3640 296 3701 61.
398 3631 453 3697 Ad
473 3654 581 3717 regem
603 3630 703 3731 spolia
721 3653 883 3695 caesorum
903 3631 1041 3696 hostium
1059 3631 1282 3698 referebantur.
1331 3634 1402 3698 Do-

198 3725 302 3774 Peueua
353 3729 410 3781 nat
432 3740 472 3782 ex
502 3717 560 3796 his,
587 3716 656 3782 alris
681 3740 768 3782 arma
792 3718 937 3804 insignia,
964 3719 1032 3783 aliis
1058 3740 1176 3804 equos;
1207 3720 1400 3806 quibusdam

196 3804 254 3838 ‘¹¹⁰⁸
263 3791 345 3839 Μ’
354 3803 494 3889 captivos
508 3803 593 3869 dono
608 3804 712 3870 dabat.
761 3802 858 3868 Scuta
878 3819 968 3869 eraut
981 3828 1076 3892 supra
1097 3804 1187 3869 mille
1200 3805 1399 3893 quingents3

388 3971 513 4030 rdpmen
520 3969 641 4030 peditum]
668 3972 710 4020 Ita
720 3970 860 4019 Perizonius
889 3970 959 4019 aliud
976 3971 1019 4019 teli
1033 3972 1321 4022 nomenh.l.excidiase
1338 3974 1400 4023 Gro

355 4034 494 4081 emendavit
511 4048 556 4094 pro
572 4035 636 4096 vulg.
655 4051 742 4097 αμα»
760 4036 859 4097 impodi-
891 4035 1076 4085 noviovidetur.
1109 4036 1399 4087 Drakenborchiusm

354 4104 415 4153 turn,
431 4097 497 4158 quod
519 4097 588 4144 nullo
608 4098 682 4146 modo
701 4098 749 4146 dici
771 4099 859 4160 potuit,
889 4100 976 4160 pluis
998 4100 1036 4148 rel
1061 4102 1165 4162 sumplis
1187 4102 1295 4159 coniicit,
1312 4108 1399 4163 utpote

354 4174 430 4221 quum
446 4174 511 4221 supr.
527 4161 565 4220 58.
582 4160 690 4222 phalanx
707 4162 753 4211 illa
771 4162 859 4210 dicitur
892 4164 1399 4225 rocem‚quam,utminusnotam‚librarii

353 4222 682 4273 stetinecolocoinatnrcta
691 4239 741 4287 quo
757 4226 858 4285 solebat,
890 4224 1009 4275 incuriose
1024 4228 1154 4279 omiserint.
1187 4230 1331 4291 Romphm
1349 4238 1399 4278 eret

352 4286 387 4334 nd
397 4301 504 4347 pugnam
515 4294 607 4348 parata.
889 4304 965 4351 genus
975 4292 1018 4339 teli
1029 4292 1185 4343 Threcicum.
1207 4294 1239 4345 cf.
1251 4308 1318 4357 supr.
1330 4294 1399 4343 xxxi.

392 4352 565 4412 sSuperfir-o]
595 4353 689 4402 Vocem
712 4354 789 4405 tosus
814 4358 858 4403 aut
890 4367 929 4417 59.
947 4356 977 4410 Δ.
990 4355 1140 4418 Gellms.
