2934 4800
141 253 427 322 EDITIONIS
458 249 1036 320 DRAKENBORCHIANAE
1074 257 1137 322 497

71 395 120 458 ia
136 416 196 458 eos
209 389 395 477 estfactas]
412 392 446 456 in
461 391 719 490 eosdemsactus.
732 425 777 436 ·-
792 389 875 454 lbid.
892 387 1016 474 mean]
1034 411 1139 455 anum

70 513 132 524 --
143 479 227 563 Cep.
247 481 295 542 11.
312 477 423 561 etium]
443 475 633 541 et.--Ib1d.
651 475 761 540 Donis
780 474 885 560 regis]
901 474 1010 540 Donis
1024 476 1139 562 regiis.

71 564 228 648 -Csp
262 565 311 627 12.
347 561 527 646 manerem]
565 583 728 626 memores.
744 559 888 625 -lbid.
925 561 960 624 in
996 561 1124 646 praelio

64 650 228 735 proelio.
241 685 283 694 -
296 648 380 712 lbid.
401 645 475 732 reu]
493 669 579 733 pas.
591 681 635 694 -
647 647 727 730 Cep.
749 647 798 709 13.
821 667 917 732 qaam
937 646 1126 711 abercando

79 757 189 820 quam
204 744 239 799 ut
253 735 450 799 altercando.
463 769 507 778 —
519 733 604 797 lbid.
619 733 679 798 sed
697 755 772 796 moe
791 733 890 796 etiam
911 731 987 796 belli
1004 753 1125 797 causae

78 821 150 884 sed
162 842 238 883 moa
254 821 330 884 belli
344 821 441 884 etiam
457 839 604 882 caussae.
616 853 661 864 -—
671 817 756 882 lbid.
773 840 795 881 a
810 817 938 899 senatu]
957 818 1001 882 ab
1014 826 1140 882 senatu.

79 941 133 950 ——
145 904 228 989 Cap.
244 907 291 968 lt
306 927 348 968 ce
360 903 499 988 qubus*
511 913 700 968 armaturae
709 903 791 967 lenis
819 925 862 968 ese
874 903 989 988 quibus
999 913 1142 967 assumis·

80 1013 151 1054 rae
166 991 256 1054 levis.
266 990 404 1054 -lbid.
418 989 574 1072 dimissis]
591 989 727 1053 dimissi.
737 1023 782 1036 —-
809 990 875 1052 bid.
892 985 1140 1074 opperiebatur]

81 1073 490 1161 cpperiebantar.—-Cnp.
506 1076 553 1138 15.
555 1074 727 1160 fecerant]
732 1075 944 1159 fecerunt—
952 1073 1037 1138 lbid.
1049 1074 1143 1139 insti-

82 1159 1127 1262 tait]institnit—Ibidmtrobique]ubique.—-lbi‹l.sparserant

82 1256 295 1333 sparserant.
308 1283 352 1292 --
364 1246 445 1330 Cap.
465 1247 515 1311 16.
537 1246 663 1311 initium
682 1247 728 1310 ibi
749 1246 908 1332 quoddam
927 1243 1127 1328 matasfecit

83 1333 222 1396 initium
233 1333 393 1417 quoddam
404 1333 450 1396 ibi
465 1332 672 1416 motussecit.
684 1367 728 1378 -
737 1331 822 1395 lbid.
836 1351 895 1394 nec
906 1328 961 1414 iis]
978 1352 1037 1393 nec
1048 1330 1141 1414 ipsis.

83 1455 135 1462 —-
152 1417 235 1501 Cep.
256 1419 303 1482 17.
322 1417 494 1502 profectus
508 1414 705 1499 Leucadem]
721 1416 905 1502 profectas,
926 1413 1143 1479 Leucade.—

86 1503 181 1566 lbid.
203 1505 323 1567 vadoso
335 1501 446 1587 freto]
468 1511 500 1566 et
519 1505 639 1574 cadosa
648 1503 756 1587 freto.
768 1502 909 1566 -lbid.
929 1502 993 1564 bae
1002 1497 1140 1584 fauces]

73 1588 371 1673 sorices-lbid.
395 1589 495 1652 Diem
519 1611 560 1652 ac
583 1585 719 1671 noctem]
744 1589 799 1651 die
821 1609 862 1650 ac
885 1584 1142 1650 nocte—lbid.

95 1675 180 1738 'lam
197 1673 295 1758 pars]
312 1673 554 1760 pars-Cap.
582 1673 628 1736 18.
655 1672 845 1736 continentis
866 1669 1045 1758 regionem]
1068 1693 1144 1735 con·

89 1761 246 1824 liuentem
270 1757 591 1844 regionem—lbid.
618 1761 665 1822 ad
687 1756 878 1840 Alabanda]
902 1757 1087 1820 Alabanda.
1100 1791 1144 1802 -—

91 1845 181 1908 lbid.
197 1843 268 1927 Ita]
285 1854 393 1930 atque.
405 1879 450 1890 ·-
462 1842 547 1908 lbid.
569 1844 655 1908 tenui
678 1842 757 1926 tum]
777 1843 875 1907 tenui.
887 1878 931 1888 —
944 1842 1026 1906 lbid.
1042 1841 1143 1906 Incli·

89 1939 172 1994 nato
195 1931 310 1994 dando
330 1931 422 1992 laeuo
443 1951 553 2006 cornu,
573 1929 606 1992 in
627 1932 778 1994 deutrum
800 1950 906 1992 omnes
926 1926 1065 2010 connisi]
1088 1928 1144 1990 In·

92 2016 200 2079 elimat
218 2017 293 2078 dein
309 2016 457 2078 electrum
475 2035 564 2077 omne
582 2037 689 2080 cornu.
701 2051 745 2060 -
760 2014 844 2078 lbid.
861 2013 975 2096 velati]
995 2013 1088 2076 velut.
1100 2045 1144 2058 -

93 2101 183 2164 lbid.
209 2097 392 2182 constabat]
422 2099 776 2164 consistebat-lbid.
800 2095 1004 2183 nequierunt]
1034 2097 1144 2182 nequi-

92 2195 218 2250 verunt.
230 2221 272 2231 -
285 2185 370 2249 lbid.
384 2185 618 2269 circumagere]
640 2186 878 2250 circumiacere.
887 2219 932 2228 -
943 2183 1028 2248 lbid.
1043 2183 1144 2269 effun-

94 2270 228 2355 damur]
253 2270 509 2357 effusi—lbid.
532 2281 722 2357 receperunt
747 2292 817 2334 sese
841 2271 875 2334 iu
901 2267 1027 2353 castra]
1058 2289 1146 2333 rece·

88 2367 269 2458 perantes
290 2357 336 2421 ad
356 2365 478 2458 castra.
490 2354 630 2421 -Ibid.
654 2378 712 2422 nec
733 2355 851 2443 recipi]
875 2353 1143 2442 recipi-lbid.

90 2442 665 2613 tttt‘lltttlllmltttllj
687 2442 1147 2611 {lilliblbllbllbsl'

96 2616 183 2679 lbid.
215 2637 258 2679 en
287 2614 467 2679 Ptolemaei
503 2612 638 2693 ditione]
670 2610 1013 2675 Ptolemaei-lbid.
1046 2609 1146 2672 unito

97 2702 316 2850 quieziogppa
331 2698 564 2847 ipffisdaegioip
577 2698 703 2848 belgit]
713 2697 827 2798 ‘nibilo
842 2697 1017 2845 qutiegores
1024 2704 1146 2863 pegia

290 2822 349 2849 .-
402 2805 411 2846 ι
439 2830 445 2846 .
495 2806 505 2845 s
610 2832 617 2859 ‚
808 2806 829 2845 u
939 2802 1034 2845 anae
1095 2802 1107 2843 s
1133 2816 1147 2829 ·

95 2808 234 2955 Zbcqie
248 2808 280 2934 e]
296 2805 933 2954 Cariae.—(]i1]]z{0.rbecgbibdbneias]
949 2868 988 2930 N
1027 2866 1145 2929 belisia.

96 2956 239 3021 —Ibid.
256 2955 498 3019 Atheniensium
520 2978 589 3019 eum
612 2956 746 3040 regibus
762 2952 951 3037 Persarum]
1006 2953 1148 3016 tlsenien·

97 3044 244 3107 sium.—-
255 3041 339 3105 lbid.
351 3050 532 3125 superaret.
564 3042 602 3104 Si
616 3042 730 3125 eoflne
744 3062 806 3104 non
820 3040 998 3104 contineret
1012 3039 1148 3103 classem

98 3130 278 3213 copiasque
291 3125 382 3210 sues]
404 3127 434 3190 si
449 3148 486 3189 eo
506 3148 569 3190 non
588 3128 763 3191 contineret
778 3126 893 3210 copias
905 3145 994 3188 suas.
1005 3159 1049 3169 -
1060 3122 1146 3187 lbid.

94 3214 329 3297 pertimescere
366 3213 534 3275 adventum
569 3210 674 3296 regis]
716 3211 886 3273 adventum
915 3210 1149 3293 pertimescere

98 3300 200 3385 regis.
211 3298 348 3361 —lbie
365 3298 450 3361 nibil
462 3306 519 3359 out
532 3298 576 3360 iis
591 3306 648 3360 aut
662 3294 776 3378 sociis]
797 3294 882 3358 nibil
896 3294 949 3357 bis
967 3302 1026 3356 aut
1039 3293 1146 3356 sociis.

98 3384 241 3447 -lbie
267 3382 405 3463 Rhodii]
434 3381 736 3446 Rhodiis—lbid.
764 3382 939 3444 omiserunt
965 3376 1145 3461 consilium]

100 3470 197 3542 omni,
219 3478 291 3532 erat
313 3468 489 3533 consilium.
502 3468 637 3551 -Cap.
660 3468 712 3529 21.
738 3468 780 3530 ab
806 3464 938 3547 Tbebis]
968 3463 1150 3528 Thebis.-

101 3555 186 3618 lbid.
218 3554 316 3619 comis
343 3556 440 3617 acori
467 3574 508 3617 ac
538 3554 661 3629 liberis,
691 3573 770 3639 quos
799 3552 989 3636 superstites
1019 3547 1147 3632 babuit]

101 3662 237 3703 uxorem
266 3661 308 3703 ac
335 3640 456 3703 liberos
482 3648 621 3722 quatuor
649 3638 842 3723 superstites
868 3633 1147 3701 haban-lbid.

102 3727 157 3789 tic
180 3724 296 3807 status]
321 3726 351 3787 is
373 3733 485 3787 status.
499 3724 638 3789 -lbid.
660 3722 826 3806 Culcham]
854 3716 1149 3785 Celsum-lbid.

106 3809 244 3893 Coloba]
278 3808 538 3874 Colca-lbid.
569 3808 772 3891 Carmonem]
807 3808 996 3872 Cerdonem.
1009 3803 1148 3869 -Ibid.

102 3898 136 3959 in
165 3898 329 3960 maritima
357 3918 418 3959 ora
446 3895 645 3971 Malacinos,
676 3895 931 3978 Sexetanosque,
956 3890 1151 3955 Baeturiam

104 4004 235 4056 amnem
252 3990 284 4045 et
299 4003 383 4066 quac
399 3982 535 4044 noudum
550 3982 674 4045 animos
690 3978 895 4061 nudaverint]
912 3987 944 4041 et
957 3975 1152 4040 maatimau

104 4090 194 4131 oram
223 4088 354 4137 omnem,
381 4087 465 4151 quae
494 4068 630 4130 nondum
658 4064 783 4129 animos
811 4060 1149 4128 nudauerat-lbid.

105 4151 362 4234 carmamectara]
390 4161 676 4216 consurrecturom.
689 4149 823 4235 -Csp.
845 4152 898 4213 22.
924 4148 959 4211 C.
976 4142 1151 4231 Afranius]

109 4239 145 4301 C.
165 4238 336 4301 Uesuuius.
348 4274 390 4287 -
405 4236 487 4299 lbid.
508 4236 611 4307 Quum
630 4235 669 4306 Q.
686 4232 868 4317 Minucius]
895 4234 1061 4381 Quumpue
1083 4231 1152 4294 Mi·

9 4412 10 4415 Ἴ
104 4325 226 4388 nucius.
239 4322 380 4387 -lbid.
411 4331 442 4385 et
476 4322 512 4386 C.
538 4321 720 4404 Cornelias]
756 4319 988 4385 Cornelian-
1017 4318 1084 4381 bid.
1114 4316 1151 4378 0.
