2934 4800
351 216 448 283 LIB.
472 216 597 283 XLIV.
630 216 742 283 cAP.
766 222 818 284 26.
1052 222 1111 285 lta

26 373 137 439 igere
163 351 271 429 aliud,
287 373 394 439 neque
415 353 563 439 cogitare.
610 352 775 419 Romanos
792 375 930 441 quoque,
947 354 1023 442 quia
1045 367 1108 420 tra·
1120 371 1152 422 U.
1164 371 1194 422 c.
1210 373 1267 435 5⁸·

26 451 182 503 rerettrr
197 437 321 503 diutius
341 460 398 525 spe
419 439 560 525 ipaomm
579 438 710 517 beilum,
724 453 759 506 et
778 441 863 527 ipsos
882 439 988 518 duces,
1004 455 1038 505 et
1057 435 1147 506 aa&
1163 436 1193 487 0·
1212 393 1264 489 ¹⁶3·

26 538 171 602 natum,
184 545 256 588 non
270 523 439 589 abhorrere
450 524 623 590 afinieudo
637 538 702 591 tam
717 525 919 592 incommodo
933 548 969 591 ac
984 526 1105 592 difficili

26 609 136 675 sollo.
191 609 268 675 Hac
282 611 448 697 utriusque
534 611 541 625 '
572 611 735 676 voluntate
749 611 921 699 explorata,
933 612 1022 699 quod
1035 613 1105 678 fieri

26 696 145 760 etiam
169 717 234 762 sua
255 710 370 783 sponte
482 720 502 761 o
524 696 694 774 validioris,
718 710 806 763 metu
830 698 1011 763 infirmioris
1036 721 1104 764 crs-

26 781 145 846 tlebat
175 804 283 869 potae,
313 782 348 846 in
373 805 413 848 eo
440 805 530 847 suam
558 804 688 869 operam
712 783 876 849 venditare
905 783 1104 850 concilianda

26 868 151 954 gratia
164 869 272 968 magis
285 869 395 956 cupiit
430 867 527 946 Nam,
539 868 635 933 modo
649 892 690 933 ne
704 869 827 934 iuvaret
839 868 925 934 bello
941 869 1104 936 Romanos

26 967 132 1018 terra
151 975 312 1040 mamque,
327 954 423 1019 modo
442 954 530 1041 pacis
591 949 720 1020 traridae
740 978 812 1020 cum
830 955 984 1020 Romanis
1002 955 1104 1043 pacis-

27 1040 186 1104 cebatur
209 1040 411 1104 mercedem:
439 1063 481 1106 ne
507 976 591 1106 boii
616 1041 826 1119 interesset*
841 1041 927 1106 mille
953 1055 986 1107 et
1009 1043 1103 1129 quin-

27 1138 149 1212 genta
162 1125 295 1190 talenta.
339 1124 380 1191 In
394 1139 531 1213 utroque
546 1150 612 1192 nou
626 1127 722 1192 fidem
739 1127 834 1193 modo
848 1149 891 1204 se,
907 1127 964 1192 sed
978 1127 1103 1193 obsides

29 1211 792 1397 ᾙοῗοέᾱζῗρὲἕῗῶἑῖΐέξωὼῖἳρ
815 1213 1024 1376 ittfftt
1036 1235 1104 1364 ‘ii

33 1383 176 1448 srdrbus
190 1383 385 1470 accipiendis
398 1385 466 1448 sine
482 1384 633 1451 dilatione
648 1407 707 1471 age
749 1397 771 1462 t,
787 1397 1052 1484 conveneratque,
1068 1397 1104 1448 ut

38 1470 178 1557 accepti
195 1466 328 1534 Cretam
342 1471 552 1536 mitterentur.
599 1471 667 1536 Ubi
681 1471 723 1536 ad
740 1470 894 1559 pecuniae
910 1483 1104 1535 mentionem

38 1569 187 1620 ventum
213 1569 291 1632 erat,
315 1556 361 1621 ibi
386 1556 579 1622 haesitabat:
610 1571 645 1621 et
669 1555 782 1644 utique
807 1555 938 1621 alteram
963 1556 999 1621 in
1024 1555 1104 1620 tanti

40 1642 195 1707 nominis
217 1642 346 1729 regibus
367 1657 492 1730 turpem
516 1665 554 1708 ac
576 1643 747 1721 sordidam,
770 1654 804 1708 et
825 1642 925 1720 danti,
948 1654 982 1707 et
1004 1641 1104 1729 magis

43 1728 237 1827 accipienti,
263 1728 445 1829 mercedem
470 1752 546 1794 esse.
593 1728 737 1794 Malebat
762 1729 796 1794 in
822 1751 911 1829 spem
938 1727 1102 1794 Romanae

43 1836 455 1978 ffiiiss‘m‘ffli‘sim
486 1816 670 1968 iiiiii}
683 1815 1104 1999 tttffittttttitiff

49 1985 107 2051 Ea
119 1986 227 2051 insula
241 2010 341 2074 quum
358 1988 369 2051 i
408 1987 458 2052 ‘us
471 1988 602 2053 ditionis
615 2001 707 2066 esset,
721 1987 829 2052 videre
845 1985 1007 2054 Eumenes
1024 1985 1105 2049 nriul

26 2073 221 2151 sinterease,
245 2097 288 2137 an
311 2072 371 2139 Pel
445 2074 582 2162 pecuma
606 2087 706 2138 esset:
735 2073 768 2138 id
794 2095 896 2160 agere,
921 2085 957 2136 ut
983 2083 1105 2160 partem

53 2158 200 2246 aliquam
254 2172 429 2225 raesentem
461 2160 567 2225 ferret
612 2159 672 2237 Ita,
702 2160 915 2248 nequicquam
952 2157 1037 2223 inter
1071 2179 1104 2222 se

55 2267 97 2310 ca
120 2245 189 2324 tati,
228 2247 236 2261 '
262 2245 424 2333 ilpraeter
438 2246 601 2311 infamiam
614 2269 751 2312 morere.

140 2353 178 2396 ec
198 2331 278 2397 haec
299 2345 423 2398 tantum
438 2331 556 2398 Perseo
577 2355 635 2421 per
655 2332 815 2397 avaritiam
831 2344 880 2396 est
893 2331 1023 2396 dimissa
1043 2351 1103 2407 res,
1162 2337 1212 2398 26.

34 2440 162 2506 rquum
186 2420 355 2506 pecuniam
376 2432 478 2484 tutam
501 2432 534 2483 et
556 2442 667 2506 paoem
689 2419 807 2484 habere
832 2441 891 2506 per
914 2417 1103 2492 Eumenem,
1115 2423 1197 2497 Persei
1207 2414 1264 2472 sesss

1113 2486 1176 2537 ritis.

59 2528 145 2593 quse
159 2504 312 2592 reiparte
330 2507 423 2593 regni
444 2505 631 2570 redimenda
650 2517 742 2582 esset,
759 2528 795 2569 ac
816 2516 962 2590 receptus
983 2514 1106 2589 protra-

59 2591 139 2656 here
158 2592 322 2657 inimicum
343 2592 490 2657 mercede
505 2604 665 2670 onustum,
680 2605 714 2657 et
735 2590 842 2655 hostes
863 2587 976 2652 merito
991 2587 1021 2651 ei
1038 2586 1104 2650 Ro-

38 2700 173 2749 amauos
196 2692 303 2765 posset
325 2677 446 2743 facere:
473 2678 530 2743 scd
555 2678 619 2743 iam
644 2689 718 2743 anta
748 2674 860 2741 Gentii
888 2674 970 2759 mgis
995 2686 1106 2773 parata

64 2763 203 2842 societas,
217 2776 251 2829 ct
264 2777 334 2830 tum
350 2763 527 2853 Gallorum,
542 2764 712 2829 effirsorum
732 2785 791 2853 per
805 2760 977 2850 Illyricum,
992 2782 1106 2846 ingens

66 2871 180 2935 agmen
199 2850 337 2915 oblatum
359 2851 490 2915 avaritia
508 2849 672 2916 dimissum
694 2864 751 2916 est.
797 2846 979 2913 Veniebant
993 2845 1245 2937 decemoctorum

42 2935 167 3005 amillio
178 2936 330 3023 equitum,
345 2959 404 3023 par
417 2958 570 3001 numerus
590 2936 746 3024 peditum,
761 2949 794 3001 et
808 2934 948 3022 ipsorum
970 2924 1207 3037 ἰιιυςθῃ-ωὓὲῑῑ
1217 2941 1252 2973 ¹⁶*

69 3022 149 3086 tium
167 3044 292 3087 cursum
312 3022 414 3109 equis,
428 3036 463 3088 et
476 3022 512 3086 in
525 3022 627 3087 vicem
648 3023 865 3111 prolapsorum
888 3019 1032 3107 equitum
1052 3004 1172 3083 vet-⁰¹²¹a

102 3208 571 3271 3Nshilos'srtsrmt'nilkstqat'a·
602 3206 685 3255 Casu.
984 3265 990 3277 υ
1045 3264 1051 3276 Ι

70 3272 247 3333 moretm
279 3274 313 3321 In
427 3274 438 3333 ]
464 3269 571 3319 Hicali·
633 3267 809 3329 6AnPellas]
829 3268 921 3317 Nouus
931 3267 1020 3315 melius
1029 3266 1108 3315 udas-

74 3334 132 3397 quid
149 3334 225 3382 deesse
241 3333 295 3409 ipss
312 3350 382 3384 rosc
434 3340 467 3383 at
501 3333 570 3389 Quid
602 3334 858 3381 tur?r'bisnPc11ae.
875 3332 957 3381 cm.

75 3398 194 3456 exciderit,
201 3398 316 3446 discimus
325 3414 356 3446 ex
365 3398 481 3461 Appiano
492 3397 518 3446 in
529 3412 570 3445 ex·
636 3408 650 3458 7
666 3398 749 3455 Quam
760 3397 892 3469 proauiam
907 3394 998 3453 taam]
1018 3392 1108 3440 Emon-

76 3460 209 3524 emptitiis
228 3461 302 3510 Bello
321 3462 489 3511 Macedonico.
528 3459 570 3509 Sic
602 3462 644 3509 dat
660 3460 816 3509 Gronovius:
836 3472 912 3519 qrtum
927 3457 1036 3519 pesum
1054 3462 1108 3502 tarr

77 3525 330 3575 enimhsbetGrascus
335 3525 443 3587 scriptor.
460 3521 571 3572 Τάλω
602 3526 655 3573 talc
665 3532 710 3572 arat
719 3536 805 3585 passm
815 3520 904 3568 habere
912 3535 958 3581 per
966 3520 1110 3577 numm,

78 3590 98 3638 δ’
113 3587 162 3653 ᾔτει
187 3587 299 3653 litteris)
315 3590 359 3647 τῆς
374 3586 418 3649 μὲν
433 3586 571 3645 διαλύσεως,
602 3603 665 3651 quos
675 3589 715 3635 sal
723 3591 799 3649 parts
809 3584 879 3645 repsi
890 3582 1029 3631 redimenda
1039 3588 1110 3641 suat,

79 3652 146 3715 χίλια
206 3650 356 3711 ψαύσω,
370 3654 414 3710 τῆς
428 3649 455 3699 ii
469 3650 571 3711 ἡσυχίας
602 3657 647 3698 aar
657 3650 770 3711 desepw
778 3646 1059 3723 protraperct'pimicrspr
1069 3680 1076 3692 .
1086 3680 1109 3694 ..

80 3717 152 3779 χίλια.
181 3718 253 3767 Hunc
273 3732 370 3765 sanarm
389 3717 475 3779 procul
496 3714 570 3763 dubio
599 3719 687 3776 pom.
710 3713 860 3762 Protratsrs
871 3710 980 3771 intellige
991 3710 1109 3758 andrum.

81 3788 218 3844 expresserat
231 3780 330 3831 mum:
347 3780 421 3829 verbs
436 3779 471 3827 sic
482 3779 569 3826 forms·
603 3776 645 3825 Sic
651 3776 762 3824 infula.
770 3788 792 3836 5.
808 3774 935 3824 “Suberat
941 3778 966 3823 et
972 3771 1015 3822 itte
1021 3778 1110 3833 metus,

83 3860 142 3895 mua
169 3846 205 3895 Ns
219 3846 279 3895 tello
293 3846 427 3903 interm,
442 3844 524 3899 atille,¹
542 3847 571 3889 at
602 3855 636 3888 ne
654 3840 786 3888 damnatus
810 3842 935 3888 auctorem
958 3852 985 3885 se
1009 3836 1110 3886 nefandi

82 3909 387 4023 massata
400 3915 424 3957 ⁶¹
438 3908 572 3970 mm
604 3902 1104 4028 “iissii'iihiiiiiff‘ii‘nns

209 3986 265 4021 aar.
1104 3997 1110 4010 .

117 4038 173 4096 41⁸
183 4036 293 4101 utroquo]
310 4038 344 4086 Ia
356 4042 496 4097 atramque.
506 4030 573 4094 quod
605 4032 678 4080 estam
689 4030 755 4093 apud
766 4030 871 4081 Crevier.
883 3980 992 4091 leginiua
1014 4028 1110 4075 Parata

88 4098 209 4150 Gronorim
218 4100 314 4159 maluit,
325 4099 433 4162 reposuit
445 4097 552 4145 Bskker.
606 4100 689 4143 autem
717 4096 800 4143 Gaafst
826 4096 926 4143 societas
953 4090 1112 4151 intelligenda

119 4166 176 4227 ssst
188 4167 267 4229 atique
283 4164 398 4222 aunam]
417 4161 453 4209 Fa
468 4176 500 4209 ex
515 4160 573 4208 dua·
607 4156 720 4231 estquis
728 4157 833 4206 Gentius
844 4157 936 4218 lagatos
945 4154 1113 4202 Romanorum

90 4230 132 4277 bus
145 4228 188 4276 illis
200 4230 277 4288 rebus,
294 4224 482 4286 uniusquidem
500 4228 575 4283 carte,
606 4222 633 4270 in
652 4222 750 4268 nucula
766 4220 918 4269 coniecerat:
939 4219 982 4266 sed
999 4217 1058 4265 haec
1076 4231 1113 4263 so-

92 4307 170 4354 nsmpe
182 4307 208 4340 ne
220 4292 286 4339 ballo
300 4290 427 4338 interesset
443 4288 576 4345 Eumenes,
608 4284 685 4338 cistas
694 4283 797 4331 orantia
807 4282 906 4330 dimissa
916 4286 961 4329 ost.

93 4356 210 4405 menatem
224 4361 322 4417 turpem
335 4368 366 4401 ac
379 4352 503 4403 sordidam
516 4366 575 4401 esse.
640 4363 657 4413 9
673 4348 832 4409 lamentian
843 4360 943 4467 aaran}
953 4340 1033 4406 equis]
1053 4338 1114 4387 Cur·
