2934 4800
477 158 802 229 KREYSSIGII.
1101 174 1166 237 299

55 344 212 388 eornm
232 322 324 389 Frob.
342 327 372 387 2.
389 334 423 389 et
438 322 476 390 B.
488 362 532 373 -
544 322 648 412 †Ibid.
669 338 708 404 et,
728 337 765 391 nt
785 348 846 391 non
868 348 927 412 pro
950 337 986 391 nt
1006 350 1067 393 non
1086 328 1163 396 Ald.

56 464 147 475 —-
162 424 271 491 'Ibid.
301 448 378 503 enm,
409 428 530 491 tandem
558 429 688 493 allatum
717 440 762 493 eet
789 450 848 517 pro
877 452 970 517 quum
1002 430 1068 497 sive
1097 456 1167 499 enm

64 530 233 593 emonem
255 530 384 593 allatum
406 539 451 593 eet
471 527 564 595 Frob.
583 534 610 595 l.
633 542 666 595 et
687 527 724 595 B.
737 567 782 579 -
795 528 875 619 Cap.
896 536 950 598 49.
973 544 1169 622 enoeptmqne

64 638 166 718 p‘ro
194 643 333 717 παρίω
356 629 448 697 Frob.
475 636 506 697 2.
531 644 564 697 et
589 630 626 697 B.
640 629 799 719 -†Ibid.
828 636 930 698 animo
951 638 1016 699 eino
1037 638 1083 700 ad
1104 660 1167 701 mo-

72 736 243 799 liendum
264 756 323 821 pro
343 737 444 797 animo
464 738 528 799 eino
549 736 729 800 molimdnm
750 722 817 801 eive
839 734 946 823 potius
967 740 1013 802 ad
1030 742 1166 805 animum

73 840 172 901 eim
200 838 379 901 molimdnm
403 835 496 902 Frob.
519 837 687 903 1.—Lib.
714 836 881 903 XXXIV.
905 838 1010 926 †Oop.
1033 846 1065 907 4.
1088 846 1168 907 n'out

61 942 178 1023 fera
209 940 302 1003 beotia
330 961 389 1026 pro
418 943 497 1003 n’ont
515 941 609 1024 serae
637 941 747 1004 testim
776 939 869 1006 Frob.
900 946 930 1005 2.
943 944 1101 1032 -'Cap.
1132 948 1163 1011 5.

78 1042 270 1126 desetodnm
291 1064 350 1128 pro
371 1042 540 1127 deflendam
558 1041 691 1107 Ascens.
715 1054 750 1107 et
772 1041 811 1107 B.
823 1041 983 1109 -'Ibid.
1001 1070 1024 1109 o
1041 1048 1165 1113 Sabinis

81 1167 166 1232 pro
198 1146 237 1209 ab
269 1146 392 1210 Sation
423 1145 556 1210 Ascens.
587 1158 622 1210 et
650 1144 921 1235 Mog.-†Cap.
953 1150 983 1215 7.
1016 1172 1074 1214 mn
1105 1173 1165 1238 pro

84 1271 200 1313 unum
224 1246 317 1313 Frob.
343 1252 372 1312 2.
390 1284 434 1295 -·
449 1246 575 1334 *†Ibid.
601 1250 706 1313 melino
725 1251 859 1335 pretinm
882 1271 942 1336 pro
964 1274 1074 1315 manne
1090 1276 1165 1338 pre-

88 1355 188 1416 tinem
217 1350 348 1415 Aooeus.
365 1387 410 1397 -
424 1348 506 1415 Ibid.
538 1352 769 1415 excellentiorem
801 1362 943 1417 ornatum
979 1376 1038 1441 pro
1070 1358 1164 1420 encel-

89 1456 247 1519 lentiores
275 1462 400 1517 omotns
430 1452 522 1519 Frob.
553 1458 584 1518 2.
615 1466 649 1518 et
679 1452 717 1518 B.
733 1453 898 1542 -†Cap.
930 1461 960 1521 8.
991 1457 1163 1523 Brutorum

91 1578 167 1643 pro
190 1558 378 1620 &einnonem
399 1553 491 1621 Frob.
509 1560 538 1620 2.
555 1568 587 1621 et
608 1554 646 1620 B.
660 1554 842 1643 -Ἶῦαμ
862 1562 912 1621 10.
935 1560 1037 1624 morbo
1048 1562 1165 1645 finnt

93 1682 168 1747 pro
188 1660 305 1743 fin'etet
334 1660 435 1723 morbo
464 1656 557 1723 Frob.
586 1663 615 1723 2.
631 1696 676 1705 -
692 1656 774 1745 Cap.
804 1664 853 1723 ll.
869 1661 965 1743 filins
993 1684 1051 1749 pro
1068 1664 1164 1745 filino
1243 1692 1250 1703 ·

97 1766 173 1827 eins
199 1760 292 1826 Frob.
320 1765 350 1825 2.
366 1797 410 1808 -
425 1758 528 1849 *Cap
559 1766 608 1827 15.
639 1762 793 1849 effinoqw
819 1783 879 1850 pro
906 1763 1003 1849 effen
1027 1763 1104 1829 Alo
1120 1804 1164 1815 -
1229 1808 1233 1816 -

99 1865 192 1933 lbid.
225 1867 440 1951 interequitans
475 1886 534 1951 pro
569 1869 648 1929 inter
680 1870 793 1951 equites
822 1864 914 1931 Frob.
946 1871 975 1931 2.
1006 1880 1041 1932 et
1069 1866 1107 1931 B.
1120 1904 1164 1917 -·-

101 1966 216 2057 †Ibid.
243 1970 321 2052 enne
350 1970 459 2031 eastris
484 1971 566 2031 nenti
593 1989 652 2054 pro
681 1971 743 2054 ipsi
766 1972 876 2033 ononis
904 1972 987 2032 extiti
1011 1968 1104 2034 Frob.
1131 1970 1161 2034 2.

102 2108 151 2117 -
164 2070 247 2157 Cap.
282 2073 331 2135 19.
364 2092 458 2133 noxae
486 2092 545 2157 pro
574 2073 681 2133 noxiae
710 2067 801 2156 Mog.
814 2106 858 2116 -
873 2068 978 2156 †Ibid.
1009 2072 1078 2135 dein
1104 2094 1163 2159 pro

104 2175 215 2239 deiende
235 2172 301 2239 sive
323 2172 429 2259 potius
450 2174 519 2236 deni
540 2171 632 2238 Frob.
656 2177 686 2235 2.
700 2210 743 2219 -
756 2173 835 2259 Cap.
852 2177 904 2237 20.
925 2176 1004 2238 eiout
1012 2176 1162 2261 sutorum

104 2288 198 2341 natue
223 2286 291 2340 erat
313 2296 372 2362 pro
391 2277 541 2359 fittnrnm
567 2286 602 2339 nt
626 2285 715 2339 ratus
740 2285 809 2339 erat
832 2274 925 2341 Frob.
950 2281 981 2341 2.
1009 2289 1042 2342 et
1068 2276 1163 2343 B.—

106 2379 216 2469 †Cap.
242 2384 293 2444 22.
319 2388 462 2444 convento
488 2401 546 2466 pro
573 2388 748 2444 conventum
775 2376 867 2445 frob.
894 2379 1095 2468 2.-†Ibid.
1121 2384 1165 2446 ad

106 2486 188 2548 diem
220 2494 332 2547 certam
365 2484 469 2560 edicto,
499 2484 552 2546 nbi
578 2503 637 2568 pro
668 2484 712 2546 ad
742 2483 820 2546 diem
852 2493 966 2564 certon
994 2485 1091 2560 edicit,
1122 2487 1166 2548 ad

107 2611 203 2676 quam
226 2589 279 2650 nbi
303 2585 394 2652 Frob.
420 2582 622 2672 2.-†Cap.
646 2589 697 2650 23.
723 2586 866 2648 manendi
886 2606 946 2672 pro
968 2589 1042 2672 qnia
1065 2586 1164 2649 reone·

108 2692 203 2755 nendi
237 2688 329 2754 Frob.
369 2692 398 2752 2.
414 2724 458 2734 —
473 2687 552 2774 Cap.
591 2691 643 2752 25.
682 2688 772 2752 multi
801 2691 944 2773 proxima
983 2698 1067 2752 nocte
1104 2694 1163 2775 p'ro

103 2799 250 2881 pron-ima
272 2803 355 2858 nocte
378 2795 511 2858 Ascens.
527 2827 572 2840 -
586 2789 692 2878 †Cap.
714 2794 766 2855 26.
792 2801 991 2856 converterant
1011 2813 1070 2879 pro
1093 2815 1164 2858 con·

109 2907 256 2962 ommni
283 2895 374 2961 Frob.
391 2933 435 2946 -
448 2892 554 2982 †Ibid.
585 2897 643 2958 atii
670 2895 709 2958 ab
739 2896 811 2959 aliie
835 2897 922 2983 pnln
948 2917 1007 2983 pro
1035 2898 1094 2961 alii
1124 2899 1163 2961 ab

109 2999 322 3086 aliio'enpnlei
346 2996 439 3063 Frob.
466 3002 495 3062 2.
511 2994 674 3084 -†Cap.
700 3001 753 3062 28.
778 3021 857 3084 qnae
879 3003 980 3064 minus
1004 3002 1104 3082 infido
1124 3003 1163 3064 ne

110 3105 230 3191 trepido
243 3105 361 3188 suntet
382 3123 439 3189 pro
463 3123 540 3188 qnae
562 3104 662 3165 minus
686 3102 805 3184 trepido
819 3103 936 3184 fin'soot
957 3100 1050 3167 Frob.
1076 3107 1106 3167 2.
1119 3139 1163 3152 -

111 3204 193 3294 Cap.
210 3211 262 3271 29.
279 3215 434 3271 eontracta
453 3225 511 3291 pro
529 3207 678 3268 concitato
696 3201 789 3268 Frob.
806 3207 838 3270 2.
854 3216 888 3269 et
902 3203 940 3268 B.
954 3241 998 3250 -
1010 3202 1090 3292 Cap.
1107 3209 1159 3269 31.

110 3313 232 3396 nequivi
258 3330 317 3395 pro
345 3330 456 3394 nequeo
483 3305 577 3373 Frob.
608 3305 819 3393 2.-†Ibid.
850 3317 881 3371 et
910 3310 1015 3392 accepi
1045 3307 1173 3394 pro'et'

110 3415 214 3498 aooepi
248 3414 350 3476 urbem
379 3409 470 3476 Frob.
502 3414 532 3474 2.
548 3447 592 3458 -
606 3408 689 3474 Ibid.
728 3432 762 3474 eo
796 3433 843 3474 me
879 3410 987 3474 libant
1020 3431 1079 3496 pro
1116 3433 1162 3474 me

112 3517 223 3596 Eberat
246 3512 339 3580 Frob.
368 3518 397 3577 2.
425 3523 459 3578 et
483 3510 522 3577 B.
538 3551 582 3562 —
597 3509 700 3600 *Cap
729 3516 780 3577 32.
808 3513 888 3577 nihil
913 3535 975 3576 etse
999 3534 1058 3599 pro
1083 3513 1163 3576 nihil

111 3615 298 3682 n't'Aeeen's.
314 3653 358 3663 —
372 3614 455 3680 Ibid.
466 3617 543 3680 'vera
565 3635 623 3702 pro
645 3617 737 3680 vona
756 3614 890 3680 Ascene.
911 3627 946 3678 et
965 3613 1003 3679 B.
1019 3651 1063 3662 —
1076 3613 1160 3681 Ibid.

111 3722 156 3785 At
183 3722 262 3784 em‘m
290 3741 349 3806 pro
377 3720 502 3784 Etenim
532 3718 665 3783 Ascens.
696 3730 730 3784 et
760 3716 799 3784 B.
815 3754 860 3768 —··
873 3717 956 3783 Ibid.
994 3719 1164 3805 Unumque

113 3847 132 3886 a
152 3833 180 3887 te
193 3824 320 3908 foetum
343 3833 388 3886 eet
408 3843 466 3909 pro
494 3821 683 3888 Utenm'non
703 3845 724 3885 a
744 3832 772 3884 te
780 3822 908 3905 factum
926 3826 997 3885 eet?
1020 3819 1113 3885 Frob.
1130 3825 1160 3884 2.

113 3939 144 3990 et
170 3924 210 3990 B.
226 3962 271 3972 —
287 3923 367 4012 Cap.
399 3928 451 3989 35.
483 3947 561 4011 qnae
589 3927 652 4009 ipse
681 3926 858 3988 restitnneet
885 3945 944 4010 pro
973 3945 1107 4010 qomqne
1135 3933 1165 3986 et

112 4033 173 4114 ipse
196 4031 375 4093 restituisset
399 4025 491 4093 Frob.
518 4031 550 4092 2.
565 4064 609 4074 -
624 4025 727 4092 *Ibid.
742 4027 853 4109 filium
878 4049 967 4092 sunm
989 4031 1022 4090 in
1045 4029 1084 4090 iio
1104 4046 1163 4113 pro

103 4133 208 4214 fitium
226 4132 265 4195 'in
287 4134 335 4195 hie
357 4153 445 4195 sunm
466 4130 597 4194 Ascens.
621 4141 655 4194 et
678 4126 767 4216 Mog.
783 4165 827 4176 -
844 4126 924 4216 Cap.
950 4133 1002 4194 39.
1027 4153 1049 4193 α
1072 4140 1163 4216 capto

109 4261 201 4324 prope
232 4239 303 4300 orbe
332 4257 390 4322 pro
416 4257 511 4320 prope
540 4243 630 4318 copta
660 4235 732 4297 nrbe
758 4231 850 4296 Frob.
878 4237 908 4298 2.
921 4230 1080 4321 -†Cop.
1107 4238 1159 4298 40.
