2934 4800
358 192 422 261 nc
703 138 1039 256 'Pandanam

362 350 509 429 Quintio,
531 350 611 415 ibid.
634 360 767 417 senatus
790 352 889 417 datus
908 376 970 438 pro
989 362 1125 418 senatus
1145 360 1199 416 est
1219 351 1362 433 dalmtun

360 456 415 519 25.
428 435 493 539 pius
512 453 580 519 sive
593 455 693 540 prius
706 477 768 540 pro
778 456 869 541 pius,
887 476 960 542 cap.
976 458 1029 521 26.
1046 454 1234 520 decurisset
1246 476 1298 538 pro
1309 454 1364 515 dcc

362 556 511 632 curisset,
531 578 605 641 cap.
621 557 675 621 27.
694 558 732 622 C.
749 556 973 642 Sempronium
995 578 1057 643 pro
1076 556 1306 642 Sempronius,
1320 554 1365 617 ibid

362 656 402 720 I..
418 656 595 723 Stertinius
619 679 681 743 pro
707 659 749 723 L.
765 658 947 736 Steranius,
974 660 1053 725 ibid.
1080 658 1264 723 Restitsdis
1285 657 1318 719 iis
1335 678 1367 737 pn

362 758 547 838 Restitutis,
572 762 692 825 omisso
717 762 773 838 iis,
798 760 877 826 ibid.
904 770 1019 827 metum
1034 760 1199 847 fecerunt
1223 780 1281 844 pro
1299 766 1368 821 neta

361 872 528 946 cepewnt,
543 884 615 947 cap.
631 864 684 928 28.
700 864 854 949 opinione
870 885 931 950 pro
949 864 1145 949 opinionon,
1167 862 1250 927 ibid.
1263 859 1369 945 prossg't

362 983 424 1047 pro
442 961 607 1049 perfugit,
634 963 715 1029 ibid.
742 964 910 1029 Pistratus
934 987 995 1050 pro
1021 964 1244 1040 Pisistratus,
1270 960 1369 1025 ibidn

362 1065 437 1151 ipso
451 1066 566 1131 tinore
579 1088 646 1132 rens
660 1066 707 1130 ad
718 1066 871 1132 iudicium
883 1068 1055 1155 protraxit
1072 1088 1137 1151 pro
1156 1088 1198 1131 co
1216 1066 1285 1151 ipso
1300 1064 1370 1125 tisoa

363 1166 411 1230 ad
426 1165 580 1232 indicium
593 1167 779 1253 protraxit,
799 1168 879 1233 ibid.
901 1178 938 1232 ut
956 1190 1081 1233 sernum
1102 1166 1271 1233 conscium
1288 1163 1370 1228 ntea

362 1292 425 1355 pro
451 1292 578 1337 sununs
599 1270 761 1335 conscium
784 1270 925 1348 tolleret,
954 1269 1034 1335 ibid.
1062 1270 1145 1355 quia
1171 1290 1236 1353 pro
1260 1268 1296 1339 is,
1317 1266 1370 1348 quin

362 1372 443 1437 ibid.
471 1374 597 1459 quidem
622 1393 683 1457 pro
708 1373 852 1457 qnidam,
878 1394 949 1456 cup.
977 1373 1030 1437 29.
1061 1372 1231 1436 conscisse
1258 1390 1309 1454 pro
1329 1388 1369 1429 on

362 1475 472 1551 stisse,
493 1474 573 1540 ibid.
597 1476 814 1561 quaerendum
837 1496 898 1559 pro
920 1474 1123 1560 querendum,
1147 1473 1233 1538 ibid.
1253 1470 1307 1535 toti
1322 1468 1370 1530 ain

363 1575 548 1663 interempti
561 1586 656 1641 erant
670 1597 732 1662 pro
749 1585 798 1641 tot
815 1577 897 1641 atim
917 1576 1091 1661 intercepti
1105 1584 1216 1652 erant,
1232 1572 1303 1638 ibid.
1315 1568 1368 1655 qai

363 1679 398 1741 ni
423 1680 650 1763 inpetrassent
675 1700 736 1764 pro
760 1678 869 1763 quiam
892 1678 1131 1762 impetrassent,
1156 1698 1232 1760 cap.
1253 1673 1301 1737 30.
1318 1670 1371 1733 Bu·

360 1780 466 1864 gyllis
492 1801 553 1862 pro
574 1780 749 1865 Bargylis,
774 1778 853 1843 ibid.
878 1774 1031 1843 libertati
1055 1778 1121 1843 sive
1150 1778 1320 1841 libertates
1334 1792 1368 1855 pn

363 1880 525 1958 libertate,
558 1880 638 1944 ibid.
669 1881 752 1966 quid
781 1902 842 1964 pro
874 1880 942 1966 qni,
972 1878 1055 1945 ibid.
1084 1880 1315 1965 transugasqne
1334 1892 1370 1955 pm

362 1982 630 2068 transfugasque,
645 2003 717 2068 cap.
732 1983 787 2047 31.
804 1982 941 2047 consilia
959 2003 1021 2067 pro
1041 1982 1195 2058 muenia,
1210 1978 1284 2045 ibid.
1298 1974 1366 2061 agit

230 2162 234 2170 Ι
364 2084 482 2148 bantur
503 2105 564 2169 pro
585 2085 826 2163 tractabantur,
848 2084 927 2151 ibid.
950 2086 1122 2149 caritatem
1145 2108 1189 2149 ac
1212 2080 1368 2167 anginam

363 2205 425 2269 pro
454 2186 637 2262 caritatem,
666 2176 884 2273 magistateni,
910 2185 990 2251 ibid.
1020 2186 1175 2271 accipere
1206 2205 1263 2270 pro
1287 2176 1366 2259 uetiti.

362 2308 437 2372 cup.
451 2288 506 2352 32.
527 2288 562 2352 in
581 2288 720 2353 mediam
740 2310 852 2354 aream
871 2310 932 2373 pro
954 2288 988 2352 in
1010 2289 1147 2353 mediam
1170 2306 1303 2361 arenam,
1318 2276 1367 2343 ihil·

363 2390 604 2457 Macedonibus
638 2413 722 2476 quae
758 2413 819 2477 pro
848 2389 1165 2478 Macedonibusque,
1204 2409 1290 2478 quoe,
1317 2376 1364 2446 ibii-

363 2493 519 2559 Ptbiotas
536 2515 599 2579 pro
616 2492 804 2570 Pbtbiotas,
825 2492 905 2558 ibid.
928 2493 1031 2558 somni
1053 2515 1168 2558 oanarn
1192 2489 1317 2580 specicn
1330 2501 1366 2566 pm

364 2595 479 2659 sosnnii
492 2617 608 2660 oanarn
621 2594 774 2679 spccicrn,
789 2594 869 2659 ibid.
886 2590 982 2659 tanti
995 2595 1063 2660 sive
1077 2602 1205 2659 tantum
1220 2614 1274 2678 pro
1286 2593 1364 2654 tunm,

362 2695 443 2762 ibid.
459 2696 673 2783 uoluptatium
692 2716 753 2780 pro
772 2696 983 2782 voluptatum,
998 2717 1071 2782 cap.
1086 2697 1140 2762 33.
1158 2693 1318 2762 iacentinn
1329 2703 1365 2770 pm

363 2797 560 2876 iacientium,
581 2797 661 2862 ibid.
681 2797 804 2883 procul
825 2797 1014 2882 epericulo
1037 2819 1098 2884 pro
1117 2798 1240 2884 procul
1252 2787 1364 2883 pen'edn
1400 2856 1401 2878 ,

362 2899 444 2964 ibid.
461 2899 574 2985 gloria
596 2908 628 2963 et
637 2900 777 2985 fructus
791 2921 852 2984 pro
875 2901 1008 2986 gloriae
1031 2909 1064 2966 et
1078 2900 1231 2986 fructus,
1251 2885 1366 3001 ibidttl
1398 2907 1401 2974 ξ

363 3002 470 3067 naria
494 3001 631 3066 traiciat
656 3023 717 3087 pro
741 3002 847 3066 mona
871 3002 1019 3079 traiciat,
1043 3002 1123 3067 ibid.
1149 3002 1282 3068 libertos
1301 3007 1363 3060 W

367 3104 517 3170 Graciae
530 3113 629 3190 atquc
642 3103 748 3170 Asiae
761 3105 858 3170 orbes
872 3126 933 3191 pro
948 3104 1107 3171 liberatas
1121 3126 1231 3170 ornnes
1248 3092 1364 3168 Graen'ot

363 3217 463 3293 atque
483 3205 588 3272 Asiae
609 3207 772 3284 ciuitates,
796 3228 868 3292 cap.
892 3207 946 3272 34.
970 3207 1014 3272 iis
1037 3228 1097 3292 pro
1121 3206 1185 3283 bis,
1209 3203 1282 3272 ibid.
1301 3193 1363 3262 PM

364 3309 459 3374 tonet
473 3329 585 3396 regum
600 3330 661 3392 pro
676 3307 882 3374 Pbtolomaei
902 3331 1047 3396 regnum,
1067 3306 1148 3373 ibid.
1170 3301 1315 3373 Perrlebi
1329 3313 1362 3380 pst
1398 3289 1402 3438 ἱ

365 3409 519 3487 Perbebi,
543 3411 623 3476 ibid.
650 3408 807 3475 Ptbiotae
826 3421 860 3476 et
886 3408 1064 3476 Ptbiaticis
1090 3431 1151 3495 pro
1177 3408 1331 3474 Pbtbiotot
1345 3403 1364 3504 ⁰².

365 3512 575 3590 Pbtbiaticis,
598 3512 679 3578 ibid.
696 3512 840 3597 suerunt
865 3512 1070 3599 profuerat,
1100 3533 1173 3596 cap.
1205 3513 1260 3577 35.
1281 3501 1361 3592 Eplti

364 3624 440 3680 ante
453 3637 515 3699 pro
529 3614 767 3700 Ephesianten,
782 3614 861 3679 ibid.
883 3614 930 3679 ad
949 3635 1028 3700 rege
1049 3636 1111 3700 pro
1132 3615 1179 3680 od
1195 3599 1362 3710 regentibii

364 3738 405 3781 ne
418 3717 498 3781 nisi
512 3717 600 3802 quid,
617 3715 731 3781 vocula
745 3716 779 3780 ni
794 3716 938 3795 inducta,
955 3737 1015 3800 pro
1035 3716 1070 3781 ni
1090 3717 1120 3781 si
1140 3716 1230 3802 quid,
1247 3707 1361 3781 voculas
1399 3758 1400 3766 .

365 3818 496 3903 punctis
520 3828 643 3896 notata,
668 3818 749 3883 ibid.
780 3811 927 3884 Graeiia
948 3819 1065 3883 estatis
1087 3817 1180 3897 dieb3
1209 3818 1276 3884 uine
1295 3805 1363 3878 diebu

364 3942 428 4005 pro
456 3919 603 3986 Graecia
628 3921 745 3986 ettotis
769 3921 867 4001 tbeb3,
891 3920 971 3986 ibid.
997 3921 1032 3985 in
1054 3919 1271 3986 altercatione
1288 3905 1361 4003 prob

364 4023 619 4098 altercationem,
634 4043 706 4105 cap.
718 4023 772 4086 36.
785 4022 836 4087 Μ.
846 4021 973 4088 Acilius
989 4021 1129 4086 Glabrio
1140 4044 1201 4108 pro
1212 4011 1362 4088 Mdciltt·
1399 4017 1401 4085 Ϊ

365 4122 444 4186 ibid.
460 4125 545 4189 inter
559 4124 697 4188 tumulos
710 4124 864 4209 quosdam
879 4145 939 4207 pro
953 4123 989 4188 in
1003 4125 1141 4190 tumulos
1154 4127 1307 4211 quosdam,
1315 4109 1360 4182 ibid·

366 4221 417 4286 M.
433 4222 593 4306 Ogulnius
621 4246 683 4307 pro
709 4225 760 4290 M.
777 4225 948 4312 Ogulinus,
975 4225 1053 4294 ibid.
1079 4229 1171 4295 lsostc
1194 4252 1255 4316 pro
1279 4231 1361 4296 tato.
1400 4212 1403 4296 i
