<?xml version="1.0" encoding="UTF-8"?>
<!DOCTYPE html PUBLIC "-//W3C//DTD XHTML 1.0 Transitional//EN"
    "http://www.w3.org/TR/xhtml1/DTD/xhtml1-transitional.dtd">
<html xmlns="http://www.w3.org/1999/xhtml" xml:lang="en" lang="en">
 <head>
  <title>
</title>
<meta http-equiv="Content-Type" content="text/html;charset=utf-8" />
  <meta name='ocr-system' content='tesseract 3.04.00' />
  <meta name='ocr-capabilities' content='ocr_page ocr_carea ocr_par ocr_line ocrx_word'/>
</head>
<body>
  <div class='ocr_page' id='page_1' title='image "./tliviipatavinih01kreygoog/tliviipatavinih01kreygoog_0290.png"; bbox 0 0 2934 4800; ppageno 0'>
   <div class='ocr_carea' id='block_1_1' title="bbox 383 69 1253 140">
    <p class='ocr_par' dir='ltr' id='par_1_1' title="bbox 383 69 1253 140">
     <span class='ocr_line' id='line_1_1' title="bbox 383 69 1253 140; baseline 0.005 -4"><span class='ocrx_word' id='word_1_1' title='bbox 383 77 449 138; x_wconf 79' lang='lat'><strong>280</strong></span> <span class='ocrx_word' id='word_1_2' title='bbox 578 69 692 138; x_wconf 87' lang='grc' dir='ltr'>ΤΙΤΙ</span> <span class='ocrx_word' id='word_1_3' title='bbox 721 69 858 138; x_wconf 91' lang='lat' dir='ltr'>LIVII</span> <span class='ocrx_word' id='word_1_4' title='bbox 890 71 1253 140; x_wconf 79' lang='lat' dir='ltr'><strong>FRAGMENTA.</strong></span> 
     </span>
    </p>
   </div>
   <div class='ocr_carea' id='block_1_2' title="bbox 470 205 1408 557">
    <p class='ocr_par' dir='ltr' id='par_1_2' title="bbox 470 205 1296 468">
     <span class='ocr_line' id='line_1_2' title="bbox 472 205 1296 310; baseline 0 -38"><span class='ocrx_word' id='word_1_5' title='bbox 472 205 657 286; x_wconf 81' lang='lat' dir='ltr'><strong>Exsectum,</strong></span> <span class='ocrx_word' id='word_1_6' title='bbox 671 223 728 274; x_wconf 86' lang='lat' dir='ltr'><strong>aut</strong></span> <span class='ocrx_word' id='word_1_7' title='bbox 742 220 820 310; x_wconf 86' lang='lat' dir='ltr'><strong>poto</strong></span> <span class='ocrx_word' id='word_1_8' title='bbox 834 231 983 298; x_wconf 86' lang='lat' dir='ltr'><strong>raporum</strong></span> <span class='ocrx_word' id='word_1_9' title='bbox 998 210 1121 275; x_wconf 90' lang='lat' dir='ltr'><strong>semine</strong></span> <span class='ocrx_word' id='word_1_10' title='bbox 1135 211 1296 297; x_wconf 83' lang='lat' dir='ltr'><strong>pulsum:</strong></span> 
     </span>
     <span class='ocr_line' id='line_1_3' title="bbox 471 290 1153 384; baseline 0.007 -27"><span class='ocrx_word' id='word_1_11' title='bbox 471 290 588 359; x_wconf 79' lang='lat' dir='ltr'><strong>Infecti</strong></span> <span class='ocrx_word' id='word_1_12' title='bbox 601 293 712 360; x_wconf 90' lang='lat' dir='ltr'><strong>dicens</strong></span> <span class='ocrx_word' id='word_1_13' title='bbox 725 318 781 362; x_wconf 81' lang='lat' dir='ltr'><strong>vir</strong></span> <span class='ocrx_word' id='word_1_14' title='bbox 796 309 919 384; x_wconf 78' lang='lat' dir='ltr'><strong>septem</strong></span> <span class='ocrx_word' id='word_1_15' title='bbox 934 318 1024 384; x_wconf 90' lang='lat' dir='ltr'><strong>posse</strong></span> <span class='ocrx_word' id='word_1_16' title='bbox 1039 295 1153 362; x_wconf 88' lang='lat' dir='ltr'><strong>diebus</strong></span> 
     </span>
     <span class='ocr_line' id='line_1_4' title="bbox 470 377 1229 468; baseline 0.004 -25"><span class='ocrx_word' id='word_1_17' title='bbox 470 377 582 445; x_wconf 86' lang='lat' dir='ltr'><strong>Vitam</strong></span> <span class='ocrx_word' id='word_1_18' title='bbox 596 379 750 468; x_wconf 82' lang='lat' dir='ltr'><strong>produci:</strong></span> <span class='ocrx_word' id='word_1_19' title='bbox 773 394 864 448; x_wconf 77' lang='lat' dir='ltr'><strong>tante</strong></span> <span class='ocrx_word' id='word_1_20' title='bbox 877 395 927 448; x_wconf 91' lang='lat' dir='ltr'><strong>est</strong></span> <span class='ocrx_word' id='word_1_21' title='bbox 940 381 1094 448; x_wconf 80' lang='lat' dir='ltr'><strong>violentia</strong></span> <span class='ocrx_word' id='word_1_22' title='bbox 1107 381 1229 448; x_wconf 90' lang='lat' dir='ltr'><strong>morbi.</strong></span> 
     </span>
    </p>

    <p class='ocr_par' dir='ltr' id='par_1_3' title="bbox 520 467 1408 557">
     <span class='ocr_line' id='line_1_5' title="bbox 520 467 1408 557; baseline -0.003 -23"><span class='ocrx_word' id='word_1_23' title='bbox 520 467 561 540; x_wconf 76' lang='lat' dir='ltr'><strong>Q.</strong></span> <span class='ocrx_word' id='word_1_24' title='bbox 574 468 688 534; x_wconf 73' lang='lat' dir='ltr'><strong>Seres.</strong></span> <span class='ocrx_word' id='word_1_25' title='bbox 701 470 831 536; x_wconf 76' lang='lat' dir='ltr'><strong>Somou.</strong></span> <span class='ocrx_word' id='word_1_26' title='bbox 848 472 890 536; x_wconf 80' lang='lat' dir='ltr'><strong>dc</strong></span> <span class='ocrx_word' id='word_1_27' title='bbox 904 471 1028 536; x_wconf 83' lang='lat' dir='ltr'><strong>Medic.</strong></span> <span class='ocrx_word' id='word_1_28' title='bbox 1045 493 1121 557; x_wconf 79' lang='lat' dir='ltr'><strong>cap.</strong></span> <span class='ocrx_word' id='word_1_29' title='bbox 1136 473 1193 536; x_wconf 82' lang='grc'><strong>39.</strong></span> <span class='ocrx_word' id='word_1_30' title='bbox 1214 490 1267 534; x_wconf 76' lang='lat' dir='ltr'><strong>es.</strong></span> <span class='ocrx_word' id='word_1_31' title='bbox 1285 469 1355 542; x_wconf 77' lang='lat'><strong>725,</strong></span> <span class='ocrx_word' id='word_1_32' title='bbox 1365 489 1408 550; x_wconf 66' lang='lat' dir='ltr'><strong>sp.</strong></span> 
     </span>
    </p>
   </div>
   <div class='ocr_carea' id='block_1_3' title="bbox 784 810 1030 878">
    <p class='ocr_par' dir='ltr' id='par_1_4' title="bbox 784 810 1030 878">
     <span class='ocr_line' id='line_1_6' title="bbox 784 810 1030 878; baseline 0.004 -1"><span class='ocrx_word' id='word_1_33' title='bbox 784 810 870 878; x_wconf 73' lang='lat' dir='ltr'><strong>*Ec</strong></span> <span class='ocrx_word' id='word_1_34' title='bbox 885 811 941 878; x_wconf 82' lang='lat' dir='ltr'><strong>lib.</strong></span> <span class='ocrx_word' id='word_1_35' title='bbox 959 813 1030 878; x_wconf 85' lang='lat' dir='ltr'><strong>CV.</strong></span> 
     </span>
    </p>
   </div>
   <div class='ocr_carea' id='block_1_4' title="bbox 384 977 1442 1500">
    <p class='ocr_par' dir='ltr' id='par_1_5' title="bbox 384 977 1442 1241">
     <span class='ocr_line' id='line_1_7' title="bbox 427 977 1414 1059; baseline -0.005 -15"><span class='ocrx_word' id='word_1_36' title='bbox 427 977 577 1044; x_wconf 88' lang='lat' dir='ltr'><strong>Formam</strong></span> <span class='ocrx_word' id='word_1_37' title='bbox 596 979 693 1045; x_wconf 84' lang='lat' dir='ltr'><strong>totius</strong></span> <span class='ocrx_word' id='word_1_38' title='bbox 712 977 897 1046; x_wconf 76' lang='lat' dir='ltr'>Britanniae</span> <span class='ocrx_word' id='word_1_39' title='bbox 913 979 1024 1046; x_wconf 87' lang='lat' dir='ltr'><strong>Livius</strong></span> <span class='ocrx_word' id='word_1_40' title='bbox 1043 995 1199 1059; x_wconf 74' lang='grc'>0000000,</span> <span class='ocrx_word' id='word_1_41' title='bbox 1221 979 1346 1045; x_wconf 80' lang='lat' dir='ltr'>Fabius</span> <span class='ocrx_word' id='word_1_42' title='bbox 1359 978 1414 1042; x_wconf 83' lang='lat' dir='ltr'><strong>Ru·-</strong></span> 
     </span>
     <span class='ocr_line' id='line_1_8' title="bbox 385 1062 1442 1154; baseline -0.006 -21"><span class='ocrx_word' id='word_1_43' title='bbox 385 1066 467 1133; x_wconf 90' lang='lat' dir='ltr'><strong>ticus</strong></span> <span class='ocrx_word' id='word_1_44' title='bbox 481 1065 668 1143; x_wconf 90' lang='lat' dir='ltr'><strong>recentium,</strong></span> <span class='ocrx_word' id='word_1_45' title='bbox 682 1063 933 1153; x_wconf 67' lang='lat' dir='ltr'><strong>eloquentissimi</strong></span> <span class='ocrx_word' id='word_1_46' title='bbox 952 1081 1106 1146; x_wconf 78' lang='lat' dir='ltr'><strong>auctores,</strong></span> <span class='ocrx_word' id='word_1_47' title='bbox 1122 1068 1293 1154; x_wconf 76' lang='lat' dir='ltr'><strong>oblongae</strong></span> <span class='ocrx_word' id='word_1_48' title='bbox 1308 1062 1412 1129; x_wconf 70' lang='lat' dir='ltr'><strong>seinte</strong></span> <span class='ocrx_word' id='word_1_49' title='bbox 1441 1068 1442 1113; x_wconf 62' lang='lat' dir='ltr'><strong>i</strong></span> 
     </span>
     <span class='ocr_line' id='line_1_9' title="bbox 384 1151 1286 1241; baseline 0 -24"><span class='ocrx_word' id='word_1_50' title='bbox 384 1152 435 1218; x_wconf 86' lang='lat' dir='ltr'><strong>vel</strong></span> <span class='ocrx_word' id='word_1_51' title='bbox 448 1152 582 1240; x_wconf 88' lang='lat' dir='ltr'><strong>bipenni</strong></span> <span class='ocrx_word' id='word_1_52' title='bbox 595 1151 825 1218; x_wconf 86' lang='lat' dir='ltr'><strong>assimulavere.</strong></span> <span class='ocrx_word' id='word_1_53' title='bbox 877 1155 983 1219; x_wconf 84' lang='lat' dir='ltr'><strong>Tacit.</strong></span> <span class='ocrx_word' id='word_1_54' title='bbox 995 1153 1112 1241; x_wconf 71' lang='lat' dir='ltr'><strong>Agric.</strong></span> <span class='ocrx_word' id='word_1_55' title='bbox 1128 1179 1205 1241; x_wconf 81' lang='lat' dir='ltr'><strong>cap.</strong></span> <span class='ocrx_word' id='word_1_56' title='bbox 1229 1158 1286 1218; x_wconf 92' lang='grc'><strong>10.</strong></span> 
     </span>
    </p>

    <p class='ocr_par' dir='ltr' id='par_1_6' title="bbox 385 1233 1442 1500">
     <span class='ocr_line' id='line_1_10' title="bbox 429 1233 1413 1326; baseline -0.004 -23"><span class='ocrx_word' id='word_1_57' title='bbox 429 1238 613 1304; x_wconf 72' lang='lat' dir='ltr'><strong>Britanniae</strong></span> <span class='ocrx_word' id='word_1_58' title='bbox 641 1237 719 1304; x_wconf 92' lang='lat' dir='ltr'><strong>licet</strong></span> <span class='ocrx_word' id='word_1_59' title='bbox 746 1238 1001 1326; x_wconf 79' lang='lat' dir='ltr'><strong>magnitudinem</strong></span> <span class='ocrx_word' id='word_1_60' title='bbox 1029 1238 1106 1304; x_wconf 89' lang='lat' dir='ltr'><strong>olim</strong></span> <span class='ocrx_word' id='word_1_61' title='bbox 1136 1263 1252 1318; x_wconf 88' lang='lat' dir='ltr'><strong>nemo,</strong></span> <span class='ocrx_word' id='word_1_62' title='bbox 1285 1251 1324 1304; x_wconf 90' lang='lat' dir='ltr'><strong>nt</strong></span> <span class='ocrx_word' id='word_1_63' title='bbox 1348 1233 1413 1299; x_wconf 77' lang='lat' dir='ltr'><strong>reim</strong></span> 
     </span>
     <span class='ocr_line' id='line_1_11' title="bbox 386 1322 1413 1408; baseline 0 -18"><span class='ocrx_word' id='word_1_64' title='bbox 386 1325 507 1404; x_wconf 84' lang='lat' dir='ltr'><strong>Livius,</strong></span> <span class='ocrx_word' id='word_1_65' title='bbox 518 1325 747 1390; x_wconf 88' lang='lat' dir='ltr'><strong>circumvectus</strong></span> <span class='ocrx_word' id='word_1_66' title='bbox 761 1337 819 1404; x_wconf 85' lang='lat' dir='ltr'><strong>est,</strong></span> <span class='ocrx_word' id='word_1_67' title='bbox 831 1324 939 1390; x_wconf 92' lang='lat' dir='ltr'><strong>multis</strong></span> <span class='ocrx_word' id='word_1_68' title='bbox 953 1338 1061 1390; x_wconf 88' lang='lat' dir='ltr'><strong>tamen</strong></span> <span class='ocrx_word' id='word_1_69' title='bbox 1071 1325 1149 1391; x_wconf 82' lang='lat' dir='ltr'><strong>data</strong></span> <span class='ocrx_word' id='word_1_70' title='bbox 1161 1340 1213 1392; x_wconf 87' lang='lat' dir='ltr'><strong>est</strong></span> <span class='ocrx_word' id='word_1_71' title='bbox 1229 1326 1324 1390; x_wconf 80' lang='lat' dir='ltr'><strong>varia</strong></span> <span class='ocrx_word' id='word_1_72' title='bbox 1336 1322 1413 1408; x_wconf 94' lang='grc' dir='ltr'><strong>0ρὼ</strong></span> 
     </span>
     <span class='ocr_line' id='line_1_12' title="bbox 385 1410 1442 1500; baseline -0.001 -23"><span class='ocrx_word' id='word_1_73' title='bbox 385 1410 426 1477; x_wconf 88' lang='lat' dir='ltr'><strong>de</strong></span> <span class='ocrx_word' id='word_1_74' title='bbox 441 1435 480 1477; x_wconf 95' lang='grc'><strong>00</strong></span> <span class='ocrx_word' id='word_1_75' title='bbox 493 1411 656 1499; x_wconf 89' lang='lat' dir='ltr'><strong>loquendi.</strong></span> <span class='ocrx_word' id='word_1_76' title='bbox 702 1412 884 1478; x_wconf 61' lang='lat' dir='ltr'><strong>romandus</strong></span> <span class='ocrx_word' id='word_1_77' title='bbox 897 1415 939 1478; x_wconf 82' lang='lat' dir='ltr'><strong>de</strong></span> <span class='ocrx_word' id='word_1_78' title='bbox 952 1415 1049 1479; x_wconf 73' lang='lat' dir='ltr'><strong>rebar</strong></span> <span class='ocrx_word' id='word_1_79' title='bbox 1067 1414 1176 1478; x_wconf 83' lang='lat' dir='ltr'><strong>Getio.</strong></span> <span class='ocrx_word' id='word_1_80' title='bbox 1194 1437 1281 1500; x_wconf 79' lang='lat' dir='ltr'><strong>cap.</strong></span> <span class='ocrx_word' id='word_1_81' title='bbox 1298 1415 1330 1476; x_wconf 74' lang='lat'><strong>2.</strong></span> <span class='ocrx_word' id='word_1_82' title='bbox 1441 1474 1442 1485; x_wconf 67' lang='grc'>,</span> 
     </span>
    </p>
   </div>
   <div class='ocr_carea' id='block_1_5' title="bbox 768 1753 1046 1821">
    <p class='ocr_par' dir='ltr' id='par_1_7' title="bbox 768 1753 1046 1821">
     <span class='ocr_line' id='line_1_13' title="bbox 768 1753 1046 1821; baseline -0.014 0"><span class='ocrx_word' id='word_1_83' title='bbox 768 1753 786 1789; x_wconf 78' lang='grc'>’</span> <span class='ocrx_word' id='word_1_84' title='bbox 802 1756 861 1821; x_wconf 76' lang='lat' dir='ltr'><strong>Ex</strong></span> <span class='ocrx_word' id='word_1_85' title='bbox 876 1755 931 1820; x_wconf 83' lang='lat' dir='ltr'><strong>lib.</strong></span> <span class='ocrx_word' id='word_1_86' title='bbox 954 1753 1046 1818; x_wconf 90' lang='lat' dir='ltr'><em>CIX.</em></span> 
     </span>
    </p>
   </div>
   <div class='ocr_carea' id='block_1_6' title="bbox 330 1917 1442 2872">
    <p class='ocr_par' dir='ltr' id='par_1_8' title="bbox 330 1917 1442 2532">
     <span class='ocr_line' id='line_1_14' title="bbox 429 1917 1442 2008; baseline -0.006 -19"><span class='ocrx_word' id='word_1_87' title='bbox 429 1921 718 2008; x_wconf 85' lang='lat' dir='ltr'><strong>Septingentcsimo</strong></span> <span class='ocrx_word' id='word_1_88' title='bbox 744 1919 935 1987; x_wconf 88' lang='lat' dir='ltr'><strong>conditionis</strong></span> <span class='ocrx_word' id='word_1_89' title='bbox 960 1943 1035 1985; x_wconf 88' lang='lat' dir='ltr'><strong>suae</strong></span> <span class='ocrx_word' id='word_1_90' title='bbox 1065 1943 1150 1986; x_wconf 92' lang='grc'>0000</span> <span class='ocrx_word' id='word_1_91' title='bbox 1177 1917 1408 2007; x_wconf 76' lang='lat' dir='ltr'><strong>quattuordecim</strong></span> <span class='ocrx_word' id='word_1_92' title='bbox 1441 1964 1442 1972; x_wconf 59' lang='lat'><strong>.</strong></span> 
     </span>
     <span class='ocr_line' id='line_1_15' title="bbox 330 2005 1407 2094; baseline -0.006 -20"><span class='ocrx_word' id='word_1_93' title='bbox 330 2038 333 2042; x_wconf 92' lang='lat'>·</span> <span class='ocrx_word' id='word_1_94' title='bbox 384 2010 470 2074; x_wconf 84' lang='lat' dir='ltr'><strong>vicos</strong></span> <span class='ocrx_word' id='word_1_95' title='bbox 483 2007 551 2072; x_wconf 91' lang='lat' dir='ltr'><strong>eius</strong></span> <span class='ocrx_word' id='word_1_96' title='bbox 565 2007 723 2094; x_wconf 89' lang='lat' dir='ltr'><strong>(Romae)</strong></span> <span class='ocrx_word' id='word_1_97' title='bbox 737 2007 893 2072; x_wconf 87' lang='lat' dir='ltr'><strong>incertum</strong></span> <span class='ocrx_word' id='word_1_98' title='bbox 909 2005 995 2072; x_wconf 91' lang='lat' dir='ltr'><strong>unde</strong></span> <span class='ocrx_word' id='word_1_99' title='bbox 1010 2028 1204 2092; x_wconf 80' lang='lat' dir='ltr'><strong>consurgens</strong></span> <span class='ocrx_word' id='word_1_100' title='bbox 1214 2007 1345 2072; x_wconf 84' lang='lat' dir='ltr'><strong>flamma</strong></span> <span class='ocrx_word' id='word_1_101' title='bbox 1356 2025 1407 2068; x_wconf 80' lang='grc'><strong>000</strong></span> 
     </span>
     <span class='ocr_line' id='line_1_16' title="bbox 384 2091 1406 2182; baseline -0.006 -22"><span class='ocrx_word' id='word_1_102' title='bbox 384 2094 536 2182; x_wconf 72' lang='lat' dir='ltr'><strong>sumpsitz</strong></span> <span class='ocrx_word' id='word_1_103' title='bbox 560 2117 622 2160; x_wconf 91' lang='lat' dir='ltr'><strong>nec</strong></span> <span class='ocrx_word' id='word_1_104' title='bbox 641 2115 794 2180; x_wconf 83' lang='lat' dir='ltr'><strong>unquam,</strong></span> <span class='ocrx_word' id='word_1_105' title='bbox 810 2107 847 2158; x_wconf 92' lang='lat' dir='ltr'><strong>ut</strong></span> <span class='ocrx_word' id='word_1_106' title='bbox 865 2093 910 2158; x_wconf 85' lang='lat' dir='ltr'><strong>ait</strong></span> <span class='ocrx_word' id='word_1_107' title='bbox 924 2091 1045 2170; x_wconf 81' lang='lat' dir='ltr'><strong>Livius,</strong></span> <span class='ocrx_word' id='word_1_108' title='bbox 1059 2092 1179 2158; x_wconf 87' lang='lat' dir='ltr'><strong>maiore</strong></span> <span class='ocrx_word' id='word_1_109' title='bbox 1199 2093 1350 2158; x_wconf 83' lang='lat' dir='ltr'><strong>incendic</strong></span> <span class='ocrx_word' id='word_1_110' title='bbox 1361 2111 1406 2153; x_wconf 81' lang='lat' dir='ltr'><strong>ns·</strong></span> 
     </span>
     <span class='ocr_line' id='line_1_17' title="bbox 384 2173 1406 2268; baseline -0.007 -21"><span class='ocrx_word' id='word_1_111' title='bbox 384 2193 451 2247; x_wconf 75' lang='lat' dir='ltr'><strong>tota</strong></span> <span class='ocrx_word' id='word_1_112' title='bbox 468 2192 537 2257; x_wconf 85' lang='lat' dir='ltr'><strong>est3</strong></span> <span class='ocrx_word' id='word_1_113' title='bbox 563 2180 645 2246; x_wconf 89' lang='lat' dir='ltr'><strong>adeo</strong></span> <span class='ocrx_word' id='word_1_114' title='bbox 664 2195 701 2246; x_wconf 94' lang='lat' dir='ltr'><strong>ut</strong></span> <span class='ocrx_word' id='word_1_115' title='bbox 718 2191 791 2268; x_wconf 90' lang='lat' dir='ltr'><strong>post</strong></span> <span class='ocrx_word' id='word_1_116' title='bbox 810 2179 933 2266; x_wconf 85' lang='lat' dir='ltr'><strong>uliquot</strong></span> <span class='ocrx_word' id='word_1_117' title='bbox 950 2201 1050 2244; x_wconf 89' lang='lat' dir='ltr'><strong>annos</strong></span> <span class='ocrx_word' id='word_1_118' title='bbox 1071 2176 1191 2244; x_wconf 81' lang='lat' dir='ltr'><strong>Caesar</strong></span> <span class='ocrx_word' id='word_1_119' title='bbox 1205 2173 1406 2267; x_wconf 75' lang='lat' dir='ltr'><strong>Augustmri</strong></span> 
     </span>
     <span class='ocr_line' id='line_1_18' title="bbox 383 2263 1404 2418; baseline -0.006 -85"><span class='ocrx_word' id='word_1_120' title='bbox 383 2267 614 2370; x_wconf 70' lang='lat' dir='ltr'><strong>reparationem</strong></span> <span class='ocrx_word' id='word_1_121' title='bbox 628 2289 749 2367; x_wconf 81' lang='lat' dir='ltr'><strong>eorum,</strong></span> <span class='ocrx_word' id='word_1_122' title='bbox 765 2288 847 2367; x_wconf 71' lang='lat' dir='ltr'><strong>quae</strong></span> <span class='ocrx_word' id='word_1_123' title='bbox 866 2277 944 2330; x_wconf 91' lang='lat' dir='ltr'><strong>tunc</strong></span> <span class='ocrx_word' id='word_1_124' title='bbox 954 2277 1074 2366; x_wconf 33' lang='lat' dir='ltr'><strong>&#39;exusta</strong></span> <span class='ocrx_word' id='word_1_125' title='bbox 1087 2278 1188 2343; x_wconf 80' lang='lat' dir='ltr'><strong>erent,</strong></span> <span class='ocrx_word' id='word_1_126' title='bbox 1203 2287 1351 2418; x_wconf 46' lang='lat' dir='ltr'><strong>mappam</strong></span> <span class='ocrx_word' id='word_1_127' title='bbox 1362 2263 1404 2326; x_wconf 80' lang='lat' dir='ltr'><strong>rin</strong></span> 
     </span>
     <span class='ocr_line' id='line_1_19' title="bbox 383 2350 1402 2532; baseline -0.003 -25"><span class='ocrx_word' id='word_1_128' title='bbox 383 2350 1098 2520; x_wconf 49' lang='lat' dir='ltr'><strong>ffiffiiibiibiieiiiirblirielffmtbiebib,</strong></span> <span class='ocrx_word' id='word_1_129' title='bbox 1110 2351 1235 2504; x_wconf 52' lang='lat' dir='ltr'><strong>mciiiobt</strong></span> <span class='ocrx_word' id='word_1_130' title='bbox 1249 2353 1402 2532; x_wconf 54' lang='lat' dir='ltr'><strong>affuisti</strong></span> 
     </span>
    </p>

    <p class='ocr_par' dir='ltr' id='par_1_9' title="bbox 383 2524 1441 2615">
     <span class='ocr_line' id='line_1_20' title="bbox 383 2524 1441 2615; baseline 0 -24"><span class='ocrx_word' id='word_1_131' title='bbox 383 2526 481 2605; x_wconf 78' lang='lat' dir='ltr'><strong>venit,</strong></span> <span class='ocrx_word' id='word_1_132' title='bbox 496 2527 576 2615; x_wconf 89' lang='lat' dir='ltr'><strong>quin</strong></span> <span class='ocrx_word' id='word_1_133' title='bbox 599 2550 640 2591; x_wconf 91' lang='lat' dir='ltr'><strong>ue</strong></span> <span class='ocrx_word' id='word_1_134' title='bbox 655 2525 811 2603; x_wconf 90' lang='lat' dir='ltr'><strong>cobortes,</strong></span> <span class='ocrx_word' id='word_1_135' title='bbox 826 2547 905 2612; x_wconf 87' lang='lat' dir='ltr'><strong>quas</strong></span> <span class='ocrx_word' id='word_1_136' title='bbox 923 2536 999 2589; x_wconf 93' lang='lat' dir='ltr'><strong>tunc</strong></span> <span class='ocrx_word' id='word_1_137' title='bbox 1013 2524 1094 2591; x_wconf 86' lang='lat' dir='ltr'><strong>solas</strong></span> <span class='ocrx_word' id='word_1_138' title='bbox 1108 2524 1258 2603; x_wconf 82' lang='lat' dir='ltr'><strong>habebnt,</strong></span> <span class='ocrx_word' id='word_1_139' title='bbox 1274 2546 1344 2591; x_wconf 87' lang='lat' dir='ltr'><strong>cum</strong></span> <span class='ocrx_word' id='word_1_140' title='bbox 1355 2543 1403 2608; x_wconf 67' lang='lat' dir='ltr'><strong>qur</strong></span> <span class='ocrx_word' id='word_1_141' title='bbox 1439 2575 1441 2602; x_wconf 63' lang='grc'>,</span> 
     </span>
    </p>

    <p class='ocr_par' dir='ltr' id='par_1_10' title="bbox 383 2608 1402 2851">
     <span class='ocr_line' id='line_1_21' title="bbox 383 2608 1400 2709; baseline -0.005 -31"><span class='ocrx_word' id='word_1_142' title='bbox 383 2614 455 2691; x_wconf 90' lang='lat' dir='ltr'><strong>bus,</strong></span> <span class='ocrx_word' id='word_1_143' title='bbox 468 2626 505 2709; x_wconf 87' lang='lat' dir='ltr'><strong>ut</strong></span> <span class='ocrx_word' id='word_1_144' title='bbox 525 2614 570 2677; x_wconf 88' lang='lat' dir='ltr'><strong>ait</strong></span> <span class='ocrx_word' id='word_1_145' title='bbox 616 2612 705 2690; x_wconf 70' lang='lat' dir='ltr'><strong>’viris</strong></span> <span class='ocrx_word' id='word_1_146' title='bbox 723 2612 833 2677; x_wconf 89' lang='lat' dir='ltr'><strong>orbem</strong></span> <span class='ocrx_word' id='word_1_147' title='bbox 854 2624 1007 2677; x_wconf 84' lang='lat' dir='ltr'><strong>terrarum</strong></span> <span class='ocrx_word' id='word_1_148' title='bbox 1027 2611 1157 2677; x_wconf 91' lang='lat' dir='ltr'><strong>adortus</strong></span> <span class='ocrx_word' id='word_1_149' title='bbox 1175 2623 1235 2690; x_wconf 87' lang='lat' dir='ltr'><strong>est,</strong></span> <span class='ocrx_word' id='word_1_150' title='bbox 1277 2608 1329 2677; x_wconf 90' lang='lat' dir='ltr'><strong>nid</strong></span> <span class='ocrx_word' id='word_1_151' title='bbox 1344 2608 1400 2673; x_wconf 73' lang='lat' dir='ltr'><strong>mo</strong></span> 
     </span>
     <span class='ocr_line' id='line_1_22' title="bbox 383 2635 1402 2851; baseline 0.004 -88"><span class='ocrx_word' id='word_1_152' title='bbox 383 2720 468 2851; x_wconf 50' lang='lat' dir='ltr'><strong>open:</strong></span> <span class='ocrx_word' id='word_1_153' title='bbox 478 2714 570 2776; x_wconf 84' lang='lat' dir='ltr'><strong>esset,</strong></span> <span class='ocrx_word' id='word_1_154' title='bbox 584 2697 723 2849; x_wconf 49' lang='lat' dir='ltr'><strong>{poenit</strong></span> <span class='ocrx_word' id='word_1_155' title='bbox 771 2698 868 2765; x_wconf 81' lang='lat' dir='ltr'><strong>Oros.</strong></span> <span class='ocrx_word' id='word_1_156' title='bbox 885 2698 962 2763; x_wconf 84' lang='lat' dir='ltr'><strong>VII.</strong></span> <span class='ocrx_word' id='word_1_157' title='bbox 977 2700 1030 2765; x_wconf 85' lang='grc'><strong>45.</strong></span> <span class='ocrx_word' id='word_1_158' title='bbox 1069 2698 1123 2783; x_wconf 85' lang='lat' dir='ltr'><strong>Cs.</strong></span> <span class='ocrx_word' id='word_1_159' title='bbox 1134 2635 1333 2767; x_wconf 66' lang='lat' dir='ltr'><strong>fresneic-</strong></span> <span class='ocrx_word' id='word_1_160' title='bbox 1343 2696 1402 2780; x_wconf 64' lang='lat' dir='ltr'><strong>St?</strong></span> 
     </span>
    </p>

    <p class='ocr_par' dir='ltr' id='par_1_11' title="bbox 380 2808 638 2872">
     <span class='ocr_line' id='line_1_23' title="bbox 380 2808 638 2872; baseline -0.008 -21"><span class='ocrx_word' id='word_1_161' title='bbox 380 2808 406 2870; x_wconf 84' lang='lat' dir='ltr'><strong>p</strong></span> <span class='ocrx_word' id='word_1_162' title='bbox 469 2808 569 2872; x_wconf 82' lang='lat' dir='ltr'><strong>.cop.</strong></span> <span class='ocrx_word' id='word_1_163' title='bbox 629 2830 638 2849; x_wconf 93' lang='lat'><strong>.</strong></span> 
     </span>
    </p>
   </div>
   <div class='ocr_carea' id='block_1_7' title="bbox 764 3000 1042 3068">
    <p class='ocr_par' dir='ltr' id='par_1_12' title="bbox 764 3000 1042 3068">
     <span class='ocr_line' id='line_1_24' title="bbox 764 3000 1042 3068; baseline -0.014 1"><span class='ocrx_word' id='word_1_164' title='bbox 764 3000 781 3038; x_wconf 71' lang='lat'><strong>⁴*</strong></span> <span class='ocrx_word' id='word_1_165' title='bbox 797 3003 856 3068; x_wconf 74' lang='lat' dir='ltr'><strong>Ex</strong></span> <span class='ocrx_word' id='word_1_166' title='bbox 871 3000 927 3068; x_wconf 84' lang='lat' dir='ltr'><strong>lib.</strong></span> <span class='ocrx_word' id='word_1_167' title='bbox 947 3000 1042 3066; x_wconf 83' lang='lat' dir='ltr'><strong>CXI.</strong></span> 
     </span>
    </p>
   </div>
   <div class='ocr_carea' id='block_1_8' title="bbox 381 3148 1441 3669">
    <p class='ocr_par' dir='ltr' id='par_1_13' title="bbox 382 3148 1398 3305">
     <span class='ocr_line' id='line_1_25' title="bbox 425 3148 1398 3241; baseline -0.009 -24"><span class='ocrx_word' id='word_1_168' title='bbox 425 3151 552 3217; x_wconf 80' lang='lat' dir='ltr'><strong>Primus</strong></span> <span class='ocrx_word' id='word_1_169' title='bbox 574 3152 697 3218; x_wconf 81' lang='lat' dir='ltr'><strong>hostem</strong></span> <span class='ocrx_word' id='word_1_170' title='bbox 721 3150 876 3240; x_wconf 68' lang='lat' dir='ltr'><strong>perclusit</strong></span> <span class='ocrx_word' id='word_1_171' title='bbox 898 3172 1001 3237; x_wconf 87' lang='lat' dir='ltr'><strong>nuper</strong></span> <span class='ocrx_word' id='word_1_172' title='bbox 1022 3149 1089 3236; x_wconf 92' lang='lat' dir='ltr'><strong>pilo</strong></span> <span class='ocrx_word' id='word_1_173' title='bbox 1111 3163 1241 3239; x_wconf 87' lang='lat' dir='ltr'><strong>sumpto</strong></span> <span class='ocrx_word' id='word_1_174' title='bbox 1265 3152 1359 3241; x_wconf 83' lang='lat' dir='ltr'><strong>primo</strong></span> <span class='ocrx_word' id='word_1_175' title='bbox 1375 3148 1398 3211; x_wconf 78' lang='lat' dir='ltr'><strong>C.</strong></span> 
     </span>
     <span class='ocr_line' id='line_1_26' title="bbox 382 3236 1369 3305; baseline -0.006 0"><span class='ocrx_word' id='word_1_176' title='bbox 382 3237 559 3305; x_wconf 77' lang='lat' dir='ltr'><strong>Crastinus.</strong></span> <span class='ocrx_word' id='word_1_177' title='bbox 605 3239 781 3304; x_wconf 77' lang='lat' dir='ltr'><strong>Scholiast.</strong></span> <span class='ocrx_word' id='word_1_178' title='bbox 798 3247 858 3303; x_wconf 79' lang='lat' dir='ltr'><strong>vet.</strong></span> <span class='ocrx_word' id='word_1_179' title='bbox 871 3238 1000 3302; x_wconf 74' lang='lat' dir='ltr'><strong>Lucani</strong></span> <span class='ocrx_word' id='word_1_180' title='bbox 1014 3238 1061 3301; x_wconf 81' lang='lat' dir='ltr'><strong>ad</strong></span> <span class='ocrx_word' id='word_1_181' title='bbox 1073 3236 1197 3305; x_wconf 71' lang='lat' dir='ltr'><strong>Pluere.</strong></span> <span class='ocrx_word' id='word_1_182' title='bbox 1215 3239 1296 3305; x_wconf 82' lang='lat' dir='ltr'><strong>VII.</strong></span> <span class='ocrx_word' id='word_1_183' title='bbox 1309 3240 1369 3304; x_wconf 87' lang='grc'><strong>471.</strong></span> 
     </span>
    </p>

    <p class='ocr_par' dir='ltr' id='par_1_14' title="bbox 381 3318 1441 3669">
     <span class='ocr_line' id='line_1_27' title="bbox 425 3318 1441 3411; baseline -0.006 -22"><span class='ocrx_word' id='word_1_184' title='bbox 425 3323 548 3389; x_wconf 83' lang='lat' dir='ltr'><strong>Patavii</strong></span> <span class='ocrx_word' id='word_1_185' title='bbox 574 3324 611 3390; x_wconf 88' lang='lat' dir='ltr'><strong>C.</strong></span> <span class='ocrx_word' id='word_1_186' title='bbox 629 3322 806 3401; x_wconf 84' lang='lat' dir='ltr'><strong>Cornelius,</strong></span> <span class='ocrx_word' id='word_1_187' title='bbox 831 3321 989 3409; x_wconf 81' lang='lat' dir='ltr'><strong>auguralis</strong></span> <span class='ocrx_word' id='word_1_188' title='bbox 1013 3321 1163 3388; x_wconf 76' lang='lat' dir='ltr'><strong>scientiae</strong></span> <span class='ocrx_word' id='word_1_189' title='bbox 1185 3324 1320 3411; x_wconf 80' lang='lat' dir='ltr'><strong>perime,</strong></span> <span class='ocrx_word' id='word_1_190' title='bbox 1340 3318 1399 3388; x_wconf 82' lang='lat' dir='ltr'><strong>lini</strong></span> <span class='ocrx_word' id='word_1_191' title='bbox 1440 3378 1441 3382; x_wconf 74' lang='grc'>,</span> 
     </span>
     <span class='ocr_line' id='line_1_28' title="bbox 382 3406 1441 3499; baseline -0.008 -24"><span class='ocrx_word' id='word_1_192' title='bbox 382 3410 523 3475; x_wconf 88' lang='lat' dir='ltr'><strong>historici</strong></span> <span class='ocrx_word' id='word_1_193' title='bbox 541 3409 619 3475; x_wconf 87' lang='lat' dir='ltr'><strong>civis</strong></span> <span class='ocrx_word' id='word_1_194' title='bbox 638 3408 860 3485; x_wconf 86' lang='lat' dir='ltr'><strong>etfamiliaris,</strong></span> <span class='ocrx_word' id='word_1_195' title='bbox 875 3407 935 3473; x_wconf 88' lang='lat' dir='ltr'><strong>sub</strong></span> <span class='ocrx_word' id='word_1_196' title='bbox 953 3406 1040 3473; x_wconf 91' lang='lat' dir='ltr'><strong>idem</strong></span> <span class='ocrx_word' id='word_1_197' title='bbox 1055 3408 1135 3474; x_wconf 84' lang='lat' dir='ltr'><strong>forte</strong></span> <span class='ocrx_word' id='word_1_198' title='bbox 1155 3421 1219 3475; x_wconf 86' lang='lat' dir='ltr'><strong>tem</strong></span> <span class='ocrx_word' id='word_1_199' title='bbox 1300 3426 1396 3499; x_wconf 82' lang='lat' dir='ltr'><strong>operrn</strong></span> <span class='ocrx_word' id='word_1_200' title='bbox 1439 3421 1441 3467; x_wconf 47' lang='grc' dir='ltr'><em>ς</em></span> 
     </span>
     <span class='ocr_line' id='line_1_29' title="bbox 381 3492 1397 3669; baseline 0 -107"><span class='ocrx_word' id='word_1_201' title='bbox 381 3494 478 3562; x_wconf 83' lang='lat' dir='ltr'><strong>dabat</strong></span> <span class='ocrx_word' id='word_1_202' title='bbox 502 3495 681 3669; x_wconf 56' lang='lat' dir='ltr'><strong>effi</strong></span> <span class='ocrx_word' id='word_1_203' title='bbox 697 3495 763 3561; x_wconf 92' lang='lat' dir='ltr'><strong>Hic</strong></span> <span class='ocrx_word' id='word_1_204' title='bbox 792 3495 940 3583; x_wconf 87' lang='lat' dir='ltr'><strong>primum,</strong></span> <span class='ocrx_word' id='word_1_205' title='bbox 966 3506 1004 3558; x_wconf 92' lang='lat' dir='ltr'><strong>ut</strong></span> <span class='ocrx_word' id='word_1_206' title='bbox 1031 3492 1143 3559; x_wconf 80' lang='lat' dir='ltr'><strong>Livius</strong></span> <span class='ocrx_word' id='word_1_207' title='bbox 1241 3498 1277 3575; x_wconf 87' lang='lat' dir='ltr'><strong>&#39;t,</strong></span> <span class='ocrx_word' id='word_1_208' title='bbox 1305 3510 1397 3593; x_wconf 66' lang='lat' dir='ltr'><strong>tempu</strong></span> 
     </span>
    </p>
   </div>
   <div class='ocr_carea' id='block_1_9' title="bbox 376 3578 1395 4187">
    <p class='ocr_par' dir='ltr' id='par_1_15' title="bbox 376 3578 1395 4187">
     <span class='ocr_line' id='line_1_30' title="bbox 381 3578 1395 3671; baseline -0.003 -22"><span class='ocrx_word' id='word_1_209' title='bbox 381 3582 493 3670; x_wconf 89' lang='lat' dir='ltr'><strong>proelii</strong></span> <span class='ocrx_word' id='word_1_210' title='bbox 681 3582 727 3667; x_wconf 81' lang='lat' dir='ltr'><strong>c&#39;)</strong></span> <span class='ocrx_word' id='word_1_211' title='bbox 755 3580 913 3669; x_wconf 78' lang='lat' dir='ltr'><strong>cognovit,</strong></span> <span class='ocrx_word' id='word_1_212' title='bbox 939 3580 1220 3669; x_wconf 86' lang='lat' dir='ltr'><strong>praesentibusque</strong></span> <span class='ocrx_word' id='word_1_213' title='bbox 1250 3586 1319 3671; x_wconf 79' lang='lat' dir='ltr'><strong>geri</strong></span> <span class='ocrx_word' id='word_1_214' title='bbox 1340 3578 1395 3646; x_wconf 79' lang='lat' dir='ltr'><strong>duit</strong></span> 
     </span>
     <span class='ocr_line' id='line_1_31' title="bbox 381 3666 1395 3757; baseline -0.004 -24"><span class='ocrx_word' id='word_1_215' title='bbox 381 3690 468 3734; x_wconf 92' lang='lat' dir='ltr'><strong>nunc</strong></span> <span class='ocrx_word' id='word_1_216' title='bbox 492 3690 571 3745; x_wconf 86' lang='lat' dir='ltr'><strong>rem,</strong></span> <span class='ocrx_word' id='word_1_217' title='bbox 597 3683 632 3734; x_wconf 92' lang='lat' dir='ltr'><strong>et</strong></span> <span class='ocrx_word' id='word_1_218' title='bbox 656 3667 812 3757; x_wconf 86' lang='lat' dir='ltr'><strong>proelium</strong></span> <span class='ocrx_word' id='word_1_219' title='bbox 838 3667 936 3732; x_wconf 88' lang='lat' dir='ltr'><strong>duces</strong></span> <span class='ocrx_word' id='word_1_220' title='bbox 961 3666 1167 3732; x_wconf 86' lang='lat' dir='ltr'><strong>committere.</strong></span> <span class='ocrx_word' id='word_1_221' title='bbox 1214 3668 1284 3736; x_wconf 91' lang='lat' dir='ltr'><strong>Ubi</strong></span> <span class='ocrx_word' id='word_1_222' title='bbox 1312 3672 1395 3735; x_wconf 85' lang='lat' dir='ltr'><strong>iterun</strong></span> 
     </span>
     <span class='ocr_line' id='line_1_32' title="bbox 379 3751 1393 3908; baseline 0 -1"><span class='ocrx_word' id='word_1_223' title='bbox 379 3768 683 3907; x_wconf 60' lang='grc' dir='ltr'><strong>ι..ῑιειι</strong></span> <span class='ocrx_word' id='word_1_224' title='bbox 708 3751 1393 3908; x_wconf 51' lang='grc' dir='ltr'>0οῑ0000000004</span> 
     </span>
     <span class='ocr_line' id='line_1_33' title="bbox 378 3861 1394 4015; baseline 0.002 -24"><span class='ocrx_word' id='word_1_225' title='bbox 378 3864 797 4015; x_wconf 58' lang='lat' dir='ltr'><strong>inerme&#39;detmcu’capiti</strong></span> <span class='ocrx_word' id='word_1_226' title='bbox 819 3886 936 3993; x_wconf 79' lang='lat' dir='ltr'><strong>corona</strong></span> <span class='ocrx_word' id='word_1_227' title='bbox 958 3861 1080 4002; x_wconf 68' lang='lat' dir='ltr'><strong>iumiit,</strong></span> <span class='ocrx_word' id='word_1_228' title='bbox 1096 3948 1160 3991; x_wconf 93' lang='lat' dir='ltr'><strong>non</strong></span> <span class='ocrx_word' id='word_1_229' title='bbox 1179 3927 1268 4015; x_wconf 89' lang='lat' dir='ltr'><strong>prius</strong></span> <span class='ocrx_word' id='word_1_230' title='bbox 1285 3863 1394 4013; x_wconf 52' lang='grc' dir='ltr'>00εήἓο</span> 
     </span>
     <span class='ocr_line' id='line_1_34' title="bbox 378 4010 1392 4100; baseline -0.004 -21"><span class='ocrx_word' id='word_1_231' title='bbox 378 4012 512 4079; x_wconf 91' lang='lat' dir='ltr'><strong>siturum</strong></span> <span class='ocrx_word' id='word_1_232' title='bbox 526 4034 608 4091; x_wconf 88' lang='lat' dir='ltr'><strong>eam,</strong></span> <span class='ocrx_word' id='word_1_233' title='bbox 623 4035 719 4100; x_wconf 86' lang='lat' dir='ltr'><strong>quam</strong></span> <span class='ocrx_word' id='word_1_234' title='bbox 734 4013 795 4077; x_wconf 86' lang='lat' dir='ltr'><strong>arti</strong></span> <span class='ocrx_word' id='word_1_235' title='bbox 809 4010 1022 4099; x_wconf 86' lang='lat' dir='ltr'><strong>respondisset</strong></span> <span class='ocrx_word' id='word_1_236' title='bbox 1036 4026 1177 4079; x_wconf 85' lang='lat' dir='ltr'><strong>eventus.</strong></span> <span class='ocrx_word' id='word_1_237' title='bbox 1224 4012 1300 4081; x_wconf 88' lang='lat' dir='ltr'><strong>Hoc</strong></span> <span class='ocrx_word' id='word_1_238' title='bbox 1315 4012 1392 4082; x_wconf 71' lang='grc'>[000</span> 
     </span>
     <span class='ocr_line' id='line_1_35' title="bbox 376 4098 1390 4187; baseline 0.003 -24"><span class='ocrx_word' id='word_1_239' title='bbox 376 4121 486 4164; x_wconf 81' lang='lat' dir='ltr'><strong>verum</strong></span> <span class='ocrx_word' id='word_1_240' title='bbox 522 4122 590 4167; x_wconf 83' lang='lat' dir='ltr'><strong>esse</strong></span> <span class='ocrx_word' id='word_1_241' title='bbox 627 4099 768 4164; x_wconf 86' lang='lat' dir='ltr'><strong>affirmat.</strong></span> <span class='ocrx_word' id='word_1_242' title='bbox 830 4100 999 4165; x_wconf 74' lang='lat' dir='ltr'><strong>Plutarch.</strong></span> <span class='ocrx_word' id='word_1_243' title='bbox 1032 4098 1128 4166; x_wconf 76' lang='lat' dir='ltr'><strong>Caes.</strong></span> <span class='ocrx_word' id='word_1_244' title='bbox 1159 4124 1233 4187; x_wconf 79' lang='lat' dir='ltr'><strong>cap.</strong></span> <span class='ocrx_word' id='word_1_245' title='bbox 1264 4106 1318 4170; x_wconf 91' lang='grc'><strong>47.</strong></span> <span class='ocrx_word' id='word_1_246' title='bbox 1357 4098 1390 4183; x_wconf 68' lang='lat' dir='ltr'><strong>CII</strong></span> 
     </span>
    </p>
   </div>
   <div class='ocr_carea' id='block_1_10' title="bbox 380 4186 911 4271">
    <p class='ocr_par' dir='ltr' id='par_1_16' title="bbox 380 4186 911 4271">
     <span class='ocr_line' id='line_1_36' title="bbox 380 4186 911 4271; baseline -0.006 -21"><span class='ocrx_word' id='word_1_247' title='bbox 380 4186 574 4251; x_wconf 78' lang='lat' dir='ltr'><strong>Freinshem.</strong></span> <span class='ocrx_word' id='word_1_248' title='bbox 588 4186 753 4271; x_wconf 65' lang='lat' dir='ltr'><strong>Supplevit.</strong></span> <span class='ocrx_word' id='word_1_249' title='bbox 769 4208 843 4270; x_wconf 80' lang='lat' dir='ltr'><strong>cup.</strong></span> <span class='ocrx_word' id='word_1_250' title='bbox 860 4186 911 4248; x_wconf 79' lang='lat'><strong>72.</strong></span> 
     </span>
    </p>
   </div>
   <div class='ocr_carea' id='block_1_11' title="bbox 0 0 1472 4800">
    <p class='ocr_par' dir='ltr' id='par_1_17' title="bbox 0 0 1472 4800">
     <span class='ocr_line' id='line_1_37' title="bbox 0 0 1472 4800; baseline 0 4"><span class='ocrx_word' id='word_1_251' title='bbox 0 0 1472 4800; x_wconf 95' lang='lat' dir='ltr'><strong> </strong></span> 
     </span>
    </p>
   </div>
  </div>
 </body>
</html>
