2934 4800
354 218 447 284 LIB.
471 215 582 284 XLII.
613 217 724 284 CAP.
750 223 800 284 66.
1059 225 1098 286 95

39 351 120 418 raud
143 375 273 454 magno
295 355 473 419 certamine
495 355 632 442 opprimi
652 377 753 443 posse.
800 355 838 419 L.
852 354 1023 442 Pompeius
1044 356 1142 424 tri-U.
1155 373 1184 424 c.
1201 374 1256 436 581.

37 463 139 504 annua
166 439 319 505 militum
348 454 500 530 praeerat,
524 443 580 528 qui
607 442 769 530 perculsos
794 440 909 506 milites
932 443 1099 529 repentino
1107 440 1138 488 A.
1156 439 1186 487 Ο·
1203 451 1256 499 ¹⁷¹·

36 528 175 591 nostium
199 527 357 593 adventu
372 530 407 592 in
426 529 643 616 propinquum
664 529 822 593 tumulum
845 551 916 594 rece
939 529 972 606 it,
988 528 1050 593 loci
1064 551 1098 594 se

52 613 313 701 raesidio„quia
337 637 470 679 numero
492 628 526 680 et
546 616 664 679 viribus
684 615 787 700 impar
807 629 883 691 erat,
902 551 1097 680 ‹lisensurus

33 637 82 763 lbi
98 723 205 787 quum
226 702 267 765 in
286 703 402 766 orbem
423 701 539 766 milites
553 702 716 789 coegisset,
731 718 768 766 ut
782 701 920 766 densatis
940 702 1037 767 scutis
1058 703 1098 768 ab

33 787 99 850 ictu
120 786 328 874 sagittarum
350 801 384 854 et
404 788 579 853 iaculorum
599 811 667 853 sese
689 801 862 865 tuerentur,
878 788 1022 866 Perseus,
1038 789 1099 853 cir·

33 873 188 938 cumdato
208 875 353 940 armatis
374 873 507 952 tumulo,
528 875 605 939 alios
625 897 790 940 ascensum
811 875 953 960 undique
976 890 1098 940 tentare

34 960 135 1037 iubet,
150 973 187 1025 et
201 961 362 1026 cominus
382 960 539 1048 proelium
554 983 727 1038 conserere,
743 961 819 1025 alios
834 962 957 1026 eminus
973 961 1036 1026 tela
1049 961 1116 1025 in··

34 1069 156 1132 gerere.
197 1049 346 1136 Anceps
358 1049 520 1113 Romanos
531 1061 631 1113 terror
644 1049 880 1113 circumstabat:
904 1069 977 1112 nam
993 1071 1098 1135 neque

36 1133 172 1197 conferti
193 1157 353 1222 pugnare
376 1154 507 1222 propter
528 1157 591 1212 eos,
609 1135 666 1221 qui
686 1135 855 1199 ascendere
880 1135 915 1199 in
941 1134 1098 1200 tumulum

37 1221 253 1298 conabantur,
276 1235 447 1308 poterant:
471 1233 513 1298 et,
531 1222 587 1285 ubi
608 1221 735 1286 ordines
756 1221 969 1308 procursando
990 1221 1099 1286 solvis-

27 1319 118 1381 sent,
140 1309 311 1393 patebant
338 1307 449 1373 iaculis
473 1308 665 1394 sagittisque.
710 1306 855 1372 Maxime
881 1321 964 1371 cestr
1019 1308 1201 1374 hen-cntra

40 1391 133 1456 donis
145 1394 418 1460 vulnerabantur.
466 1392 538 1458 Hoc
552 1393 607 1459 illo
621 1392 705 1459 bello
719 1416 838 1457 novum
874 1415 953 1457 enus
964 1330 1030 1458 Otseli
1050 1389 1240 1463 in.⁸1’h⁰¹¹d‘>‚

40 1493 174 1542 rentum
187 1495 250 1545 est.
289 1481 438 1569 Bipalme
453 1479 609 1567 spiculum
624 1479 728 1544 hastili
743 1415 952 1544 semicubitali
965 1479 1098 1544 infixum
1108 1455 1251 1579 paduan

28 1578 122 1642 ierat,
149 1568 372 1633 crassitudine
401 1567 502 1716 digiti.
550 1565 638 1630 Huic
665 1565 818 1654 abiegnae
848 1566 957 1631 breves
982 1564 1099 1652 pinnae

28 1666 118 1726 utres,
143 1653 234 1719 velut
261 1654 390 1742 sagittis
412 1666 525 1731 soent,
551 1652 843 1718 circumdabantur:
859 1652 970 1717 ¹funda
995 1651 1100 1718 media

49 1736 113 1800 duo
127 1737 250 1805 funalia
270 1741 409 1829 imparia
425 1740 569 1805 habebat.
616 1739 727 1815 Quum
743 1738 852 1804 maiori
866 1739 938 1805 nisu
952 1739 1099 1804 libratum

28 1821 189 1890 sfunditor
210 1827 348 1893 habena
367 1839 493 1905 rotaret,
515 1847 691 1904 excussum,
709 1825 797 1891 velut
815 1825 914 1912 glans,
936 1826 1098 1892 emicabat

51 1908 161 1982 Quum
175 1926 210 1977 et
223 1915 306 1992 hoc,
321 1928 355 1979 et
368 1913 429 1978 alio
444 1913 531 1978 omui
552 1935 668 1999 genere
691 1912 835 1990 telorum,
850 1935 922 1999 pars
936 1911 1100 1977 vulnerata

52 1995 188 2062 militum
201 2015 302 2078 esset,
317 2023 378 2066 uec
391 1999 482 2064 facile
496 1999 559 2063 iam
580 2022 666 2064 arma
678 1999 752 2063 fessi
767 1999 967 2076 sustinerent,
983 1999 1099 2062 instare

51 2101 119 2158 rex,
137 2097 174 2148 ut
194 2086 360 2153 dederent
381 2109 424 2164 ae,
442 2086 540 2150 fidem
561 2086 645 2162 dare,
665 2085 806 2172 praemia
827 2085 986 2150 interdum
1009 2084 1101 2172 polli-

55 2168 134 2232 ceri:
160 2193 222 2237 nec
246 2175 439 2261 cuiusquam
464 2173 506 2238 ad
528 2173 725 2237 deditionem
750 2173 935 2237 flectebatur
957 2172 1099 2248 animus;

54 2276 152 2337 quum
165 2281 209 2323 ex
229 2261 396 2348 insperato
410 2261 474 2324 iarn
488 2259 651 2323 obstinatia
665 2258 746 2323 mori
759 2281 829 2409 spes
844 2258 968 2323 affulsit
1014 2257 1100 2322 Nam

58 2362 153 2425 quum
165 2367 207 2411 ex
216 2346 501 2413 frumentatoribus
512 2345 702 2433 refugientes
711 2345 768 2446 qui
790 2367 841 2410 am
856 2345 890 2410 in
903 2357 1004 2411 castra
1017 2367 1101 2410 uuu-

58 2428 184 2496 tiasaent
204 2435 344 2511 consuli,
364 2433 578 2499 circumsideri
599 2432 810 2521 praesidium3
835 2445 939 2497 motus
959 2431 1100 2518 periculo

61 2526 105 2577 tot
117 2517 235 2585 civium
250 2522 344 2608 (nam
359 2520 534 2607 octingenti
547 2519 655 2597 ferme,
671 2532 705 2584 et
718 2541 828 2583 omues
843 2517 982 2583 Romani
996 2518 1102 2611 erant)

60 2621 129 2665 cum
150 2608 302 2693 equitatu
323 2630 360 2673 ac
381 2606 444 2672 levi
465 2621 623 2671 armatura
638 2606 849 2691 (accesserant
870 2626 954 2669 nova
974 2603 1100 2681 auxilia,

62 2683 220 2759 Numidae
234 2694 363 2783 pedites
375 2694 562 2781 equitesque
573 2705 606 2757 et
616 2690 794 2778 elephanti)
805 2690 912 2756 castris
923 2690 1099 2777 egreditur:

64 2787 94 2835 et
112 2776 246 2846 tribunis
269 2782 408 2845 militum
429 2780 572 2866 imperat,
588 2790 625 2843 ut
640 2778 802 2865 legionum
817 2778 906 2864 signa
920 2792 1099 2863 sequautur.

65 2855 141 2944 lpse,
156 2865 308 2933 velitibus
328 2866 368 2932 ad
386 2866 542 2931 firmanda
560 2865 678 2930 levium
700 2888 858 2929 armorum
880 2864 998 2928 auxilia
1016 2864 1103 2929 adie-

66 2946 129 3024 ctis,
151 2952 192 3016 ad
212 2954 374 3019 tumulum
417 2952 565 3017 raecedit
612 2950 761 3017 Consulis
784 2952 882 3016 latera
902 2964 1016 3037 tegunt
1036 2950 1103 3015 Eu·

67 3051 178 3127 menes,
196 3040 335 3118 Attalus,
347 3055 381 3105 et
392 2976 582 3127 liisagenes,
593 3038 721 3125 regulus
732 3037 955 3103 Numidarum.
992 3035 1102 3112 Quum
1202 3092 1210 3107 .

70 3138 100 3179 in
112 3142 284 3212 conspectu
297 3128 399 3215 prima
412 3125 503 3213 signa
515 3146 643 3190 suorum
658 3124 868 3189 citcumsessis
881 3124 1020 3201 fuerunt,
1036 3123 1104 3188 Ro-

70 3210 162 3273 mauis
173 3214 306 3298 quidem
318 3215 359 3277 ab
369 3212 481 3278 ultima
495 3212 713 3299 desperatione
728 3224 885 3277 recreatus
900 3224 948 3275 est
961 3210 1101 3273 animus:

71 3286 205 3375 Perseus,
222 3300 275 3365 cui
290 3301 428 3387 primum
442 3299 585 3363 omnium
602 3297 713 3375 fuerat,
729 3312 776 3375 ut,
791 3310 960 3362 contentus
974 3295 1104 3361 fortuito

72 3396 217 3463 successu,
245 3387 344 3474 captis
372 3385 494 3473 aliquot
518 3385 797 3449 frumentatoribus
826 3384 1010 3469 occisisque,
1039 3403 1105 3445 non

102 3595 115 3642 ⁸
126 3599 362 3667 fnlrcrpboudoair]
373 3604 568 3666 Descriptionem
600 3602 733 3665 duplicem,
741 3602 841 3650 alteram
852 3600 921 3650 alteri
933 3596 1104 3649 continentem.

75 3654 140 3709 buius
153 3666 196 3715 teli
212 3684 268 3718 cum
285 3668 337 3727 illa,
351 3684 424 3730 quam
440 3668 528 3716 Suidas
542 3668 568 3715 iu
638 3679 651 3714 a
671 3668 778 3715 Habeas
798 3668 902 3727 rotaret]
932 3662 1037 3711 Fuualia
1056 3664 1105 3711 duo

79 3734 130 3798 ΜΡ
144 3726 246 3795 iilcvpor
262 3732 346 3790 verbis,
357 3738 386 3780 ut
396 3732 509 3791 creditur,
520 3733 567 3781 Po
599 3731 652 3789 illa,
661 3730 766 3777 alterum
778 3728 990 3791 iongiuaalteruur
1001 3727 1106 3787 brevius,

79 3782 130 3856 libfi
140 3793 212 3856 dedit,
220 3796 333 3855 contulit,
339 3802 365 3844 et
375 3802 504 3857 utramque
514 3797 567 3857 plu·
600 3800 676 3843 eraut.
709 3794 817 3855 Iacngius
833 3792 1010 3854 circumagebat
1027 3798 1052 3841 et
1069 3808 1104 3841 re·

78 3850 136 3899 ”bin
149 3857 277 3911 illustravit
288 3861 385 3923 lipsius
395 3860 525 3909 Poliorcet.
536 3860 568 3909 iv.
601 3859 695 3906 tinebat
710 3872 786 3905 manu
800 3856 915 3913 funditor,
931 3862 956 3904 et
973 3856 1034 3905 haec
1050 3857 1106 3914 fuit,

82 3924 100 3971 i
115 3915 195 3972 Dara.
601 3928 629 3970 ut
645 3922 692 3970 boo
707 3921 763 3969 loco
775 3920 871 3977 dicitur,
883 3922 993 3990 babenaf
1010 3920 1106 3969 brevius

102 3983 188 4039 9ch
195 3990 450 4052 abbfflrae...piarrua
458 3987 518 4051 uer]
529 3987 570 4036 Ita
602 4001 667 4043 vero,
683 4000 739 4033 curn
758 3986 834 4033 telum
855 3985 968 4033 libratum
985 3985 1105 4033 emittere·

81 4048 331 4115 ‘astutumysogius
340 4069 384 4115 pro
396 4053 459 4115 vulg.
469 4054 527 4102 haic
537 4053 571 4100 ad
602 4056 650 4109 tur,
665 4065 680 4098 e
694 4064 770 4097 manu
789 4049 916 4098 funditoris
931 4048 1106 4105 dimittebatur,

83 4102 350 4179 l'litttreupiauuutres.
602 4114 652 4163 sive
664 4114 808 4163 solvebatur.
838 4112 1105 4174 HaecaPolybiiver·

84 4228 89 4238 ,
112 4176 219 4229 ¹Fttudo
232 4182 323 4240 media]
344 4196 376 4229 sc.
389 4180 474 4228 Medio
487 4178 570 4227 hastili
601 4177 1030 4239 bisinfereudaDoeringiuamonet.
1059 4176 1105 4225 Oe·

83 4231 208 4306 inhaerebat
223 4246 307 4304 funda,
321 4246 364 4293 sed
380 4260 410 4293 ea
425 4244 526 4306 duplex,
542 4249 570 4292 ut
602 4249 681 4290 terum
699 4244 768 4290 unm
786 4242 875 4291 dicitur
893 4242 978 4299 maior,
994 4240 1060 4302 quia,
1078 4244 1106 4285 ut

86 4292 145 4347 latior
151 4305 198 4355 cius
204 4309 269 4358 sinus
276 4310 354 4357 telum
365 4310 454 4357 melius
465 4308 570 4367 libraret,
603 4306 701 4368 Lipsius
716 4307 835 4366 observat,
846 4306 948 4367 amplior
964 4304 1019 4363 fuit,
1032 4316 1106 4364 quam

86 4370 133 4411 ΜΠ]
141 4370 237 4426 sundra
247 4376 296 4423 duo
310 4373 454 4435 interpretor
466 4373 570 4421 fundam
602 4371 627 4420 in
637 4369 693 4419 aliia
702 4370 791 4421 fundis.
