2934 4800
406 258 501 325 LIB.
525 259 616 326 XLI.
648 259 759 326 (JAP.
788 266 837 324 18.
1099 267 1138 328 21

90 395 261 482 gistratum
287 396 355 460 occi
397 411 455 472 ret,
478 396 595 460 creavit
622 395 661 460 C.
679 395 843 462 Valerium
866 396 1051 462 Imvmum
1097 396 1138 473 Is,
1151 409 1184 461 U.
1194 410 1226 462 c,
1242 412 1297 473 576·
1385 430 1389 439 ·

66 483 158 553 9iam'
184 481 241 545 diu
262 481 336 570 cupi
362 505 398 546 us
418 483 608 569 provinciae,
631 505 731 569 quum
753 490 949 632 opportunae
973 507 1013 548 cu
1036 483 1140 550 iditati
1148 476 1180 526 Α·
1193 476 1224 526 ⁰·
1243 475 1295 536 ¹⁷⁶·

90 569 163 632 eius
175 567 282 632 literae
298 567 410 633 allatae
425 583 538 644 essent,
554 569 688 656 Ligures
702 570 777 634 rebe
790 569 878 646 lasse,
891 569 995 636 Nonis
1053 570 1140 636 xtili·

68 654 153 718 1bns
166 653 343 741 paludatus,
360 653 458 720 literis
477 655 602 732 auditis,
619 655 773 722 tumultus
787 657 856 722 eius
869 679 963 735 causa
980 656 1137 742 legionem

91 740 220 804 tertiam
234 740 277 805 ad
297 739 337 806 C.
352 739 524 807 Claudium
539 741 758 829 proconsulem
774 743 809 808 in
824 741 963 808 Galliam
982 742 1138 829 proficisci

89 827 203 903 lumin
227 841 261 892 et
280 827 463 892 duumviros
482 827 607 894 navales
621 851 695 894 cum
715 829 812 895 classe
831 828 920 895 Pisas
933 829 989 905 ire,
1005 829 1062 916 qui
1081 829 1138 894 Li·

88 935 209 1000 gnrnm
238 937 335 991 oram,
362 914 555 980 maritimum
584 938 649 1002 quo
672 938 713 982 ue
742 929 893 981 terrorem
922 915 1136 992 admoventes,
1247 938 1252 947 ·

90 1000 420 1066 circumvectarentur.
466 1001 590 1066 Eodem
605 994 651 1066 et'
714 1001 860 1068 Petillius
874 1001 985 1068 consul
999 1001 1041 1068 ad
1060 1024 1137 1068 con·

89 1087 287 1154 veniendum
302 1086 456 1154 exercitui
475 1087 560 1153 diem
581 1088 731 1156 edixerat
777 1087 822 1154 Et
837 1087 876 1154 O.
891 1088 1044 1155 Claudius
1063 1111 1137 1176 pro·

89 1173 214 1250 consul,
230 1173 338 1239 audita
351 1173 522 1240 rebellione
537 1175 702 1260 Ligurum,
718 1188 844 1263 praeter
857 1197 911 1240 eoa
925 1199 964 1241 co
986 1177 1041 1253 ias,
1057 1198 1136 1262 ques

88 1281 200 1324 secum
219 1259 352 1326 Parmae
372 1260 517 1338 habebat,
532 1261 689 1328 subitariis
708 1261 849 1327 collectis
868 1199 1029 1339 militiius,
1045 1284 1136 1328 exer·

88 1347 192 1410 citum
213 1345 353 1412 adfines
375 1347 530 1434 Ligurum
548 1347 698 1414 admovit
744 1347 863 1414 Hostes
883 1348 942 1414 snb
963 1348 1136 1414 adventum
1196 1360 1245 1419 18.

91 1431 133 1496 C.
145 1431 285 1510 Claudii,
297 1457 317 1498 a
327 1457 392 1520 quo
403 1433 483 1498 duce
498 1456 531 1498 se
543 1434 754 1500 meminerant
763 1457 866 1520 nuper
876 1434 917 1498 ad
930 1433 1136 1501 Scultennam
1145 1442 1197 1516 Res
1206 1442 1232 1489 in
1244 1441 1284 1490 nt-

89 1519 214 1584 flumen
226 1519 327 1584 rictus
340 1520 537 1607 fugatosque,
548 1519 690 1584 locorum
705 1521 806 1606 magis
819 1519 975 1605 praesidio
989 1519 1213 1619 adversus&
1222 1521 1273 1568 μ’

91 1604 261 1670 infeliciter
282 1619 445 1693 expertam
466 1608 541 1683 rim,
564 1629 661 1693 quam
682 1606 787 1683 armis,
807 1629 840 1669 se
862 1605 1034 1684 defensuri,
1056 1607 1137 1672 duos
1187 1607 1194 1619 '

94 1707 218 1756 montes
231 1691 350 1758 Letum
365 1705 398 1758 et
413 1692 562 1759 Balistam
578 1705 738 1794 ceperant,
752 1715 907 1779 muroque
922 1694 1052 1780 insuper
1071 1716 1137 1759 am·

92 1777 189 1866 plexi.
234 1779 370 1844 Tardius
385 1781 426 1846 e'x
445 1803 526 1867 agna
546 1779 759 1867 demigrantes
777 1780 918 1866 oppressi
940 1780 982 1844 ad
1003 1779 1089 1846 mille
1104 1794 1138 1847 et

91 1865 261 1952 quingenti
280 1867 451 1954 perienmt
498 1865 607 1934 Ceteri
627 1867 788 1932 montibus
806 1889 841 1932 se
861 1867 1021 1943 tenebant,
1037 1880 1080 1944 et,
1095 1889 1136 1932 ne

90 1952 126 2016 in
140 1965 231 2016 metu
246 1953 375 2038 quidem
390 1953 521 2018 feritatis
542 1953 701 2040 ingenitae
721 1953 822 2030 obliti,
837 1954 980 2020 saeviunt
994 1955 1029 2020 in
1043 1977 1138 2040 prae·

89 2038 178 2115 dam,
194 2061 275 2124 quae
292 2038 438 2104 Mutinae
458 2052 549 2127 parta
566 2053 643 2104 erat.
691 2039 844 2127 Captivos
857 2063 931 2106 cum
948 2040 1042 2105 foeda
1055 2040 1138 2106 lace-

88 2125 215 2189 ratione
228 2125 437 2201 interficiunt:
461 2148 576 2212 pecore
585 2127 619 2190 in
633 2126 714 2191 fanu
726 2125 885 2192 trucidant
896 2127 1000 2192 verius
1010 2127 1136 2214 peaeim,

90 2233 190 2298 qnam
205 2211 265 2276 rite
280 2213 463 2277 sacrificant
512 2212 623 2278 Satiati
637 2212 734 2278 caede
754 2212 974 2290 animantium,
990 2237 1072 2298 quae
1087 2215 1138 2278 iu·

67 2299 202 2362 eanima
220 2311 318 2376 erant,
338 2300 511 2386 parietibus
529 2299 681 2384 affligunt,
702 2320 776 2364 rasa
796 2299 899 2364 omnis
920 2300 1045 2385 generis
1066 2302 1138 2366 usui

67 2385 203 2473 stringis,
227 2409 322 2472 quam
349 2403 535 2451 ornamento
560 2385 595 2451 in
620 2385 769 2473 speciem,
794 2385 884 2453 facta.
933 2385 974 2462 Q„
991 2385 1138 2453 Petillios

91 2472 214 2549 consul,
230 2494 271 2537 ne
291 2474 419 2539 absente
440 2496 473 2538 se
491 2471 710 2549 debellaretur,
726 2471 833 2539 literas
851 2474 893 2538 ad
909 2473 949 2539 C.
965 2472 1139 2541 Claudiurn

91 2559 188 2635 misit,
212 2571 249 2623 ut
269 2582 342 2624 cum
364 2559 506 2625 exercitu
526 2558 620 2625 adse
640 2560 675 2625 in
696 2557 835 2625 Galliam
856 2560 996 2627 veniret:
1020 2561 1139 2661 campis

93 2644 214 2709 Macris
228 2668 261 2709 se
282 2669 356 2711 enm
371 2660 635 2734 exspectaturum.
680 2645 798 2711 Literis
817 2647 965 2733 acceptis,
983 2646 1139 2712 Claudius

91 2754 135 2796 ex
151 2731 190 2796 L·
236 2732 323 2797 n'bus
337 2746 436 2800 castra
447 2733 556 2809 movit,
569 2732 806 2819 exercitumque
818 2732 939 2797 adeam
1012 2732 1138 2799 Macros

92 2819 215 2883 consn'
239 2818 377 2883 tradidit
424 2818 548 2885 Eodem
570 2818 678 2904 paucis
699 2832 771 2904 post
796 2818 909 2883 diebus
967 2818 1139 2885 ,Valerius

92 2904 206 2969 consul
225 2904 304 2970 alter
318 2906 415 2971 venit
459 2905 518 2983 Ibi,
535 2905 643 2969 divisis
664 2904 773 2991 copiis,
787 2906 972 3055 priusquam
991 2906 1139 2992 digrede-

92 3006 214 3067 rentur,
241 2993 451 3057 communiter
479 2992 573 3057 ambo
602 2991 759 3057 exercitus
800 3006 1006 3057 ostraveruna
1053 2992 1139 3057 Tum

92 3078 207 3155 sortiti,
222 3076 378 3165 quia'non
396 3080 436 3143 ab
451 3078 561 3143 eadem
582 3091 856 3229 mmmquepuw
872 3077 1001 3165 aggredi
1015 3078 1139 3144 hostem

92 3164 248 3251 placebat,
264 3166 407 3252 regiones
427 3188 505 3252 quas
519 3177 674 3251 peterent.
720 3163 752 3228 V
783 3165 884 3231 crium
898 3166 1059 3317 aulqpicato
1073 3187 1138 3229 sor-

94 3252 188 3316 titum
204 3252 376 3330 constabat,
387 3252 475 3339 quod
489 3252 523 3316 in
539 3250 657 3337 templo
671 3250 797 3317 fuisset:
821 3252 856 3317 in
871 3251 941 3317 Pet'
969 3252 1000 3317 io
1014 3251 1048 3317 id
1062 3252 1139 3317 vitio

122 3420 420 3483 9Cupidusprooincine]
435 3420 601 3469 Rerumbello
633 3426 720 3469 senatu
731 3420 827 3469 recitari
837 3421 947 3469 iusserat.
975 3417 1140 3469 Hsecomnie

92 3484 263 3546 gerendarum,
272 3484 323 3531 aive
332 3483 497 3531 occasionisin
505 3482 600 3545 provin·
634 3498 663 3531 eo
679 3486 832 3546 spectabant,
847 3491 875 3531 nt
892 3499 943 3531 rem
960 3484 986 3531 in
1003 3483 1082 3530 maius
1097 3498 1140 3530 au·

93 3548 158 3594 ciam
170 3562 201 3594 ex
213 3548 272 3596 urbe
284 3546 460 3609 proficiscendi,
471 3547 490 3595 si
502 3546 601 3609 quando
633 3554 708 3608 geret,
719 3564 758 3605 ac,
769 3547 975 3608 quemadmodum
989 3546 1015 3593 in
1030 3546 1140 3596 tumultu

92 3612 179 3659 eonml
192 3616 260 3661 emet
446 3646 450 3657 .
634 3610 759 3659 civitatem
777 3627 834 3672 sega
850 3626 945 3659 rmnere
962 3610 1140 3669 morantiis

129 3688 140 3721 1
158 3677 310 3734 Paludem,
320 3677 396 3725 literis
407 3677 511 3735 auditis]
530 3675 602 3723 Haeo
634 3675 687 3736 ipse
702 3675 788 3721 consul
801 3690 877 3745 quum
891 3674 1023 3735 paludatus
1038 3674 1064 3722 in
1080 3676 1140 3724 urbe

94 3738 209 3787 videntur
219 3739 319 3799 narrari,
329 3746 446 3801 tanquam
460 3744 603 3801 argumenta
636 3744 777 3795 versaretur,
787 3738 951 3799 impendentis
965 3739 1067 3788 elicium
1078 3740 1140 3802 peri·

93 3804 161 3851 illius
172 3804 322 3865 cupiditatis,
330 3820 404 3865 quem
415 3802 440 3851 in
453 3804 552 3853 consule
560 3820 603 3851 no·
635 3803 684 3851 culi
696 3800 804 3864 speciem
815 3802 934 3863 ingereret
944 3802 1037 3854 animis.
1055 3806 1135 3855 Crat.

95 3867 157 3915 terit
168 3868 259 3917 Livius
294 3868 334 3916 Ex
348 3874 401 3916 tota
415 3868 480 3915 enim
496 3866 602 3929 superio·
668 3880 681 3914 a
694 3867 836 3917 Parietibus
845 3868 972 3929 affligunt]
988 3868 1141 3933 Impingnnt,

94 3946 148 3979 rum
160 3938 300 3995 temporum
312 3932 412 3981 historia
425 3932 507 3993 colligi
521 3936 602 3993 potest
633 3937 662 3979 ut
688 3931 794 3981 Crevier.
822 3930 1000 3993 iuterpretatm.
1045 3934 1140 3981 Grono-

94 3996 208 4044 consules
229 4012 279 4045 non
301 4002 358 4045 ante
380 3996 555 4058 paludamenta
576 3996 602 4045 in
636 3994 721 4043 vianae
747 3995 866 4044 editiones
892 3998 997 4059 affigunt
1024 3998 1140 4047 mendose

95 4060 155 4109 urbe
165 4060 306 4122 sumpsisse,
315 4075 389 4121 qnam
401 4062 433 4109 sd
444 4060 536 4109 bellum
549 4074 602 4121 pro
635 4059 761 4108 exhibent.

95 4124 268 4173 liciscerentur.
296 4128 331 4173 At
342 4124 391 4183 hie,
401 4125 527 4186 aliquanto
535 4132 602 4171 ante-
668 4126 780 4183 3me
805 4133 946 4175 orrramertto
972 4128 1001 4174 in
1024 4127 1139 4187 melem]

95 4204 169 4249 quam
179 4189 451 4251 axestinprorinciam‚
458 4189 603 4249 paludatum
638 4188 731 4235 Vocem
751 4197 900 4249 morena,
918 4197 946 4238 ut
965 4206 1060 4250 quase
1079 4204 1140 4237 mer·

96 4268 148 4307 aeae
158 4258 274 4313 ostentat,
285 4253 417 4315 paludatus
429 4252 500 4301 audit
514 4252 604 4311 literas,
636 4252 692 4315 gine
709 4252 734 4299 in
752 4259 849 4301 textum
865 4254 994 4316 irrepserit,
1005 4252 1142 4303 Crevieriur

97 4331 158 4378 quas
171 4316 287 4369 nimirum
299 4318 338 4369 vel
351 4317 377 4367 in
391 4316 516 4377 concione,
529 4318 567 4366 vel
578 4317 604 4365 in
637 4316 769 4367 delendam
780 4326 869 4368 censet.
