2934 4800
375 260 692 331 EDITIONUM
726 266 870 334 LIVII.
1083 276 1150 340 469

194 396 281 475 Iesu,
308 399 364 485 qui
391 400 486 464 etiarn
515 400 626 481 Notas,
653 404 783 469 nomine
808 426 984 493 suppresso,
1011 406 1146 488 addidit,

194 496 390 571 monuerunt
411 486 471 549 viri
494 486 589 552 docti.
635 486 721 554 Vide
745 487 773 555 Ι.
795 490 847 555 Fr.
870 492 1026 557 Gronovii
1050 493 1147 561 Prae-

193 570 347 635 fationem
359 572 408 636 ed
420 571 519 637 Drak.
533 572 639 641 tVII.
652 596 684 661 p.
696 580 770 641 311.
781 576 898 643 datam.
928 577 1030 665 Ipsius
1043 578 1146 647 Notas

193 670 305 743 postea
326 658 458 722 editioni
481 680 566 736 suae,
585 682 681 746 quam
704 684 778 726 cum
800 664 884 728 notis
898 662 1067 729 Variorum
1089 689 1145 732 cu·

194 744 275 807 ravit
289 766 374 808 anno
389 742 603 811 MDCLXV.
622 746 756 812 insaniit
771 746 797 813 Ι.
813 748 866 815 Fr.
883 751 1076 817 Gronovius.

82 832 194 895 1619.
219 828 426 907 Francofurti,
442 830 476 894 in
490 831 592 896 forma
605 833 771 920 octuplice.

239 914 335 981 Hanc
346 916 453 981 denuo
464 939 484 981 a
494 938 527 982 se
543 940 582 982 eo
594 930 737 1005 tempore
749 921 945 999 recensitam,
958 934 992 986 et
1002 944 1022 986 a
1032 922 1145 987 tutori·

193 1002 253 1065 bus
268 1000 478 1103 Fischcrianis
492 1004 675 1105 impressam
691 1029 769 1082 esse,
786 1020 919 1071 testatur
934 1010 1094 1073 Gruterus
1108 1010 1144 1074 in

85 1088 962 1325 16213Iaeugdbffiedddilogllrdddlbffgxlbdicliblrs,
985 1180 1020 1243 in
1042 1180 1144 1245 forma

159 1284 182 1324 u
225 1282 261 1324 ru
297 1283 354 1325 1ce.

132 1284 157 1348 q
238 1284 420 1413 blbmorant
434 1347 516 1413 hanc
531 1348 705 1414 editionem
721 1346 883 1415 Hearnius
896 1363 930 1415 et
946 1350 1102 1417 Clericus.

87 1436 191 1497 1622.
215 1434 378 1511 Geneatae,
394 1434 428 1498 in
443 1434 544 1499 forma
558 1435 689 1501 minore.

238 1519 390 1585 Refertur
403 1542 422 1585 a
437 1520 580 1586 Fabricio
596 1522 630 1585 in
646 1520 799 1587 Biblioth.
817 1521 888 1587 Lat
955 1526 1027 1589 186.

89 1608 188 1671 1625.
213 1605 342 1670 Parisiis
356 1606 442 1693 apud
456 1606 638 1672 societatem
658 1608 832 1685 minimam,
847 1608 882 1672 in
896 1546 997 1674 tbrma
1009 1608 1139 1677 maiore.

236 1691 275 1756 In
305 1692 389 1757 calce
419 1692 491 1757 libri
520 1693 555 1757 hi
584 1693 728 1780 quinque
758 1693 958 1781 bibliopolae,
990 1710 1140 1795 tanquam

190 1777 277 1855 socii,
301 1792 527 1857 memorantur,
550 1776 704 1867 Iosephus
730 1779 913 1858 Cottereau,
939 1781 1142 1846 Sebastianus

191 1863 381 1951 Chappelet‚
404 1864 537 1929 Iacobus
563 1864 716 1944 Quesnel,
740 1866 915 1955 Dionysius
939 1866 1084 1947 Moreau,
1107 1882 1142 1933 et

192 1948 320 2014 Samuel
348 1950 516 2016 Thiboust.
571 1951 617 2016 Hi
643 1953 777 2038 primam
805 1955 938 2018 Gruteri
964 1955 1140 2018 editionem

190 2036 266 2099 anni
282 2036 484 2101 MDCVIII.
501 2049 534 2103 et
552 2038 659 2103 omnia
675 2038 709 2101 in
728 2038 814 2102 illam
832 2053 969 2125 recepta,
985 2062 1024 2103 eo
1038 2040 1140 2103 inscio

189 2134 223 2187 et
237 2144 303 2187 non
318 2122 472 2201 consulto,
489 2136 577 2188 tanta
594 2124 818 2211 superstitione
836 2125 1014 2212 exprimere
1032 2124 1140 2189 conati

189 2222 273 2286 sunt,
289 2222 326 2272 ut
345 2210 478 2297 paginae
498 2209 623 2296 paginis
642 2210 880 2297 responderent.
927 2208 1048 2275 Verum
1066 2234 1139 2297 pes·

189 2296 267 2359 sime
290 2319 309 2360 a
330 2295 464 2359 librariis
484 2295 593 2360 habita
614 2296 790 2361 innumeris
811 2318 921 2361 corum
944 2297 1139 2385 negligentia

188 2381 361 2446 commissis
376 2380 533 2447 erroribus
548 2394 665 2461 scatet3
690 2405 771 2470 qnos
784 2382 855 2447 insu
898 2384 1089 2448 rGruterus
1103 2383 1139 2446 in

188 2467 324 2532 Praefat.
358 2468 506 2533 editionis
540 2469 651 2534 tertiae
688 2470 765 2534 anni
794 2469 833 2534 M
871 2467 1067 2534 CXXVIII.
1098 2491 1139 2533 eo

187 2555 318 2618 nomine
344 2555 494 2630 traduxit,
519 2555 616 2641 quod,
641 2556 724 2619 curis
750 2556 814 2619 suis
839 2554 987 2619 secundis
1009 2553 1136 2631 relictis,

186 2641 304 2727 primas
336 2641 435 2704 secuti
468 2641 541 2718 sint,
572 2641 663 2790 puasi
690 2640 834 2726 frugibus
866 2639 999 2726 repertis
1032 2638 1139 2704 adhuc

186 2725 351 2812 glandium
373 2748 514 2791 amatore
537 2726 577 2791 de
590 2739 779 2791 cctarentur.
824 2724 960 2812 Insuper
983 2725 1136 2802 observat,

186 2811 267 2876 nihil
283 2813 358 2877 boni
372 2811 407 2875 in
422 2825 487 2876 tam
498 2813 577 2877 vasti
593 2813 697 2899 operis
707 2833 875 2900 progressu
885 2811 1137 2898 exspectandum

187 2920 255 2962 esse
266 2900 307 2962 de
323 2897 394 2975 illis,
407 2899 463 2998 qui
477 2899 511 2962 in
523 2899 595 3048 tipso
610 2898 715 2964 statim
731 2898 835 2976 titulo,
846 2898 921 2975 slve,
934 2910 972 2962 ut
985 2897 1136 2984 loquitur,

187 2985 222 3047 in
251 2983 440 3071 frontispicii
469 3005 521 3048 me
545 2984 625 3048 itulo
656 2995 821 3071 tantopere
858 2984 902 3048 im
985 2997 1070 3061 runt,
1100 2997 1138 3048 nt

186 3070 328 3135 ridiculis
351 3069 542 3134 soloecismis
566 3093 599 3136 se
644 3070 851 3135 rostituerint.
955 3071 1020 3135 fine
1042 3068 1137 3135 huius

187 3156 336 3221 editionis
350 3155 588 3256 conspiciuntur
609 3165 618 3194 ‘
658 3169 790 3242 xcerpta
803 3177 844 3219 cx
856 3154 941 3219 Livii
953 3155 1137 3220 Decadibus

188 3241 348 3319 ‘moralia
369 3243 507 3329 polrtica,
526 3255 559 3306 et
582 3241 741 3318 historice,
762 3261 836 3305 cum
859 3239 929 3304 aliis
949 3238 1138 3305 Latinonrm

188 3337 242 3392 ‘et
268 3330 466 3392 Graecorum
495 3329 683 3416 scriptorum
709 3327 787 3392 locis
811 3340 846 3391 ct
870 3323 999 3411 Eclogis
1023 3325 1138 3391 collatu

188 3414 320 3479 ‘ordine
347 3414 568 3500 Alphabetico,
599 3413 676 3478 Fed.
702 3411 832 3478 Morelli
857 3411 1075 3478 Professorum
1104 3423 1138 3475 ct

187 3497 424 3588 ‘Interpretum
461 3500 619 3586 regiorum
649 3498 775 3564 Decani
807 3519 906 3585 opera
940 3519 977 3562 ac
1009 3497 1138 3562 studio.’

187 3586 357 3673 Perperam
374 3585 535 3650 Hearnius
549 3586 632 3650 hanc
647 3585 822 3650 editionem
837 3583 947 3649 retulit
960 3583 1002 3649 sd
1016 3604 1137 3648 annum

189 3671 432 3738 MDCXXIII.
473 3694 546 3738 uem
562 3683 670 3736 tamen
685 3683 813 3736 secutus
827 3683 876 3735 est
892 3667 1048 3735 Clericus.

97 3761 186 3823 1628.
210 3757 409 3823 Francofurti
435 3695 476 3822 ad
503 3757 660 3823 Moenum
687 3758 772 3846 typis
798 3754 1029 3843 Guolphgangi
1055 3752 1138 3817 Hof-

135 3845 252 3945 mapni,
279 3843 431 3930 impensis
459 3843 633 3908 haeredum
662 3841 772 3908 Iacobi
798 3840 948 3919 Fischeri,
974 3841 1010 3904 iu
1037 3839 1138 3905 forma

135 3952 253 3996 maron.
1166 3993 1170 3998 .

231 4014 290 4080 Est
318 4014 397 4080 haec
427 4016 520 4080 tertia
549 4015 682 4080 Gruteri
711 4013 821 4089 editio,
850 4013 903 4078 cui
934 4011 1039 4077 Notae
1069 4010 1139 4076 eius

187 4100 313 4166 criticae
328 4113 361 4165 et
375 4101 532 4202 politicae,
548 4113 581 4165 et
596 4099 827 4188 quinquaginta
846 4099 881 4162 in
896 4097 1046 4163 Tacitum
1061 4095 1138 4161 Dis·

187 4209 294 4252 cursus
309 4187 411 4252 additi
425 4199 509 4264 stant,
525 4209 584 4251 nec
600 4209 665 4251 non
680 4183 913 4250 observationes
928 4182 1136 4260 Godelevaei,

187 4285 220 4337 et
243 4285 385 4338 veterum
409 4273 631 4338 historicorum
650 4273 836 4359 bagmenta,
896 4292 913 4333 r
934 4269 1135 4335 Franciscum

188 4359 300 4444 (immo
332 4358 527 4443 Antonium)
559 4358 781 4424 Riccobonum
814 4291 956 4422 colleecta.
1017 4355 1135 4420 Parum
