2934 4800
294 711 834 810 EPILOGUS.

490 1001 636 1036 ——0--
663 1001 666 1010 ¹

58 1259 150 1316 nns,
186 1241 315 1306 erudite
340 1241 467 1318 Lector,
491 1263 569 1328 opus
592 1263 709 1319 meum,
728 1242 951 1331 qualecunque
971 1246 1022 1324 sit,
1044 1249 1086 1314 ad

62 1383 105 1423 m
147 1360 373 1448 perductum3
406 1373 609 1440 contererem,
635 1383 730 1448 qusrn
761 1374 792 1426 te
817 1362 922 1428 valere
947 1365 1085 1444 iubeam,

58 1501 115 1543 ica
137 1479 311 1566 quaedam
331 1479 371 1546 de
390 1481 510 1546 ratione
531 1481 684 1568 propositi
704 1481 768 1546 mei
789 1483 985 1570 exsequendi
1006 1509 1085 1573 pece

91 1597 275 1663 subiicere
304 1598 408 1664 veiim.
455 1601 506 1664 Ac
535 1601 684 1686 primurn,
711 1601 799 1687 quod
828 1602 870 1667 ad
898 1617 1086 1670 contextum

58 1714 207 1780 risuum
231 1716 355 1794 attinet,
378 1717 465 1781 houd
490 1716 642 1804 equidem
664 1719 794 1806 ignarus
815 1742 913 1798 eram,
937 1720 1086 1810 Kreyssi-

58 1854 118 1910 rm,
143 1833 189 1897 in
213 1833 354 1898 editione
374 1856 431 1899 sus
449 1833 522 1900 libri
544 1836 694 1902 tricesimi
716 1838 803 1902 tertii
826 1837 972 1905 Misense
991 1845 1084 1919 1839,

58 1973 130 2015 tres
147 1951 308 2018 lectiones
322 1975 419 2018 novas
438 1977 479 2019 ex
499 1955 608 2020 codice
624 1954 852 2044 Bsmbergensi
871 1971 986 2037 erutas,
1002 1982 1085 2047 quse

58 2091 140 2134 cem
176 2069 275 2136 libros
303 2085 432 2159 quartae
462 2073 590 2140 decadis
619 2075 822 2154 illustrarent,
851 2076 972 2164 publici
1007 2079 1085 2144 iuris

58 2187 152 2265 risse,
170 2201 206 2254 et
219 2191 352 2276 gratim
366 2190 493 2258 lectoris
507 2215 558 2258 me
573 2194 728 2258 initurum
742 2194 809 2260 iore
825 2196 932 2260 nescio
952 2219 994 2260 sn
1014 2196 1083 2262 iure

58 2307 213 2394 spicatus
242 2307 310 2386 sim,
341 2311 367 2374 si
396 2309 547 2376 lectiones
576 2312 633 2377 has
666 2313 867 2402 reponendas
897 2317 1081 2381 curaverim.

61 2450 81 2490 e
111 2440 226 2493 tamen
256 2440 376 2495 mature
403 2452 559 2518 perpense
589 2433 750 2527 antiquius
783 2434 881 2499 habui
909 2433 1085 2499 editionem

59 2546 241 2633 ipsiensem
263 2558 475 2635 stereotypsm
499 2572 519 2613 s
537 2549 628 2613 melis
648 2572 750 2637 usque
770 2551 812 2614 ad
834 2572 903 2628 ovs,
925 2564 962 2616 ut
982 2552 1083 2629 siunt,

59 2686 169 2745 rrcsre,
182 2687 278 2753 qusm
292 2664 378 2731 illsm
393 2689 479 2732 nunc
494 2669 594 2754 sequi,
606 2690 693 2733 nunc
704 2667 850 2734 deserere
861 2680 896 2734 et
907 2668 1084 2735 Misenensi

59 2806 91 2847 ro
115 2783 246 2849 arbitrio
268 2806 340 2848 meo
361 2782 558 2871 posthabere.
607 2782 705 2861 Quod
722 2807 798 2851 vero
817 2787 999 2874 proximum
1013 2787 1083 2865 fuit,

59 2904 263 2969 mefstionem
279 2903 466 2991 Kreyssigii,
478 2905 513 2968 in
524 2926 589 2991 qus
602 2903 694 2991 plura
707 2904 749 2971 de
764 2927 862 2993 opere
875 2926 941 2984 sus,
956 2927 1085 2971 necnon

59 3044 79 3084 e
108 3021 296 3087 lectionibus
325 3020 533 3091 Bekkerisnis
562 3020 720 3100 disseruit,
747 3024 783 3087 in
807 3022 870 3089 hoe
895 3036 992 3102 tomo,
1019 3047 1084 3112 quo

59 3141 140 3226 regis
167 3139 278 3217 fontes,
305 3138 390 3203 unde
420 3138 593 3215 haurirent,
622 3150 718 3223 atque
747 3139 844 3203 etiem
873 3140 989 3205 itinera
1015 3141 1085 3226 ipse

59 3256 218 3345 Kreyssigii
246 3256 415 3323 lectoribus
443 3257 523 3321 meis
551 3268 706 3343 peterent,
736 3255 937 3321 inserendam
967 3257 1084 3334 curavi,

59 3374 166 3461 epilogo
183 3397 310 3462 quoque
332 3374 537 3440 Goellerisno
558 3375 709 3463 praefixo,
725 3376 783 3463 qui
804 3375 909 3440 lucem
929 3376 1084 3463 quodam·

59 3492 141 3558 nodo
173 3493 358 3581 praefationi
396 3493 642 3581 Kreyssigisnse
679 3494 814 3559 afferret.
861 3491 923 3558 His
951 3493 1083 3580 quidem

59 3612 193 3696 perlectis,
207 3612 383 3689 commoda,
400 3634 482 3699 quse
504 3610 682 3700 Kreyssigii
700 3610 858 3677 industris
871 3612 906 3676 in
921 3611 1083 3677 codicibus

60 3732 211 3799 accuratius
234 3730 440 3819 inspiciendis
459 3729 648 3797 lectionibus
668 3730 812 3797 Livianis
831 3730 946 3808 attulit,
961 3728 1083 3795 facilius

60 3848 228 3936 cognoveris.
277 3846 440 3922 Quoniam
459 3869 534 3912 vero
556 3868 622 3912 non
645 3848 742 3913 modo
768 3846 1006 3935 Bsmbergensi,
1026 3847 1083 3912 sed

62 3966 144 4031 etism
156 3965 392 4032 vindobonensi
413 3965 522 4031 codice
545 3988 686 4046 excusso,
702 3968 887 4033 varietatem
910 3966 1083 4033 lectionum

63 4084 196 4173 supplerit
210 4084 424 4174 Kreyssigius,
440 4096 536 4173 atque
552 4084 811 4151 Vindobonensis
825 4084 879 4151 ille
893 4085 987 4173 longe
1002 4086 1085 4151 enti«

67 4203 206 4289 quissimus
230 4226 305 4293 pree
329 4204 477 4271 omnibus
501 4204 586 4271 Livii
612 4204 775 4271 codicibus
802 4216 914 4281 exstet,
939 4204 1084 4271 disserte

103 4342 219 4389 vonrv.
881 4346 954 4390 um
