2934 4800
389 221 484 292 LIB.
509 220 617 288 XLIL
648 221 759 288 CAP.
783 227 813 289 5.
1083 229 1126 290 43

127 361 253 428 Eodem
268 384 364 438 suno,
380 384 480 449 quum
497 361 563 448 agri
577 359 737 446 Ligustini
751 375 785 424 et
800 358 927 437 Gallici,
942 342 1030 447 quod
1044 361 1127 426 bello
1137 378 1171 430 U.
1182 379 1213 427 c.
1228 391 1283 442 579·

84 466 213 537 captum
228 463 306 524 erat,
318 448 516 534 aliquantum
530 461 663 522 vacaret,
678 447 984 512 senatusconsultum
998 443 1167 526 factumst·
1183 443 1215 493 c.
1231 455 1284 504 ¹73·

84 551 120 600 ut
134 537 163 600 is
176 558 253 624 ager
266 535 385 599 viritim
400 533 601 599 divideretur.
647 532 853 598 Decemviros
871 534 907 597 in
920 557 989 599 eam
1005 558 1127 600 remex

82 621 359 687 senatusconsulto
374 621 490 686 cresvit
504 623 545 684 A.
559 617 678 684 Atilius
719 622 983 699 raetorurbanus,
1000 621 1128 687 M.Ae·
1182 624 1184 627 ’

84 708 211 773 milium
237 707 410 796 Lepidum,
438 707 477 772 C.
496 706 651 784 Cassium,
706 752 715 770 .
733 707 909 772 Aebutium
933 708 1062 786 Carum,
1116 756 1126 773 .

85 795 307 872 Tremellium,
323 794 360 859 P.
375 793 560 860 Cornelium
577 792 767 880 Cethegum,
786 793 828 867 Q.
844 806 878 858 et
892 794 930 860 L.
942 794 1128 882 Appuleius,

60 880 134 946 6M.
143 881 333 958 Caecilium,
348 879 386 945 C.
397 879 568 958 Salonium,
583 878 822 945 C.Munatium.
852 880 1130 946 Diviseruntdens

83 969 95 1030 i
211 969 246 1032 in
261 966 410 1055 singulos,
425 967 516 1032 sociis
531 965 667 1034 nominis
681 965 791 1032 Latini
805 980 903 1032 terne

97 991 197 1119 Ἣ
210 1055 296 1120 idem
312 1067 446 1142 tempus,
462 1077 526 1140 quo
546 1054 623 1119 hsec
638 1053 820 1139 agebantur,
836 1053 931 1141 legati
945 1076 986 1118 ex
1001 1054 1130 1120 Aetolia

85 1142 228 1206 Romam
253 1153 410 1206 venerunt
437 1142 477 1205 de
506 1139 669 1206 discordiis
697 1139 968 1227 seditionibusque
996 1143 1070 1219 suis,
1096 1154 1130 1206 et

86 1227 235 1292 Themali
253 1226 357 1315 legati,
373 1228 563 1303 nuntiantes,
578 1247 659 1312 quae
675 1226 709 1290 in
724 1225 918 1292 Macedonia
935 1246 1128 1314 gererentur.

85 1315 234 1391 Perseus,
257 1315 321 1378 iam
342 1313 460 1378 bellum
480 1314 550 1378 viro
572 1327 659 1400 patre
684 1335 701 1378 c
745 1314 857 1378 'tatum
878 1314 913 1378 in
934 1316 1040 1379 animo
1062 1313 1130 1379 vol·
1196 1325 1227 1383 5.

85 1424 176 1480 vens
204 1423 324 1478 omnes,
353 1423 418 1464 non
446 1413 557 1486 gentes
585 1399 681 1464 modo
745 1400 875 1477 raeciae,
905 1401 962 1466 sed
989 1401 1243 1481 civitatemque·

88 1489 198 1566 etism,
214 1487 421 1588 legationibus
435 1485 607 1562 mittendis,
623 1485 804 1571 pollicendo
817 1487 918 1574 plura,
930 1511 1026 1575 quam
1040 1510 1131 1575 prae-
1138 1486 1290 1585 ww

90 1573 290 1652 stando,s1bi
312 1571 505 1637 conciliabat.
553 1569 653 1634 Erant
675 1585 781 1636 temen
802 1596 934 1661 magnae
956 1575 1053 1662 partis
1073 1573 1184 1648 llo-nbi
1196 1615 1252 1648 oon-

93 1661 214 1724 minum
228 1659 271 1725 ad
285 1659 423 1724 favorem
442 1659 510 1722 eius
531 1656 674 1722 inclinati
688 1658 796 1737 animi,
811 1673 845 1724 et
857 1660 1021 1748 aliquanto
1034 1683 1130 1749 quam
1140 1664 1214 1713 mint.

92 1749 129 1812 in
144 1745 322 1811 Eumenem
344 1745 576 1832 propensiores:
601 1767 702 1830 quum
718 1744 871 1811 Eumenis
884 1748 1047 1813 beneficiis
1061 1771 1133 1813 mu·

90 1834 283 1920 neribusque
297 1854 408 1896 omnes
423 1831 577 1896 Graeciae
591 1831 733 1896 civitates
747 1847 780 1896 et
793 1832 936 1920 plerique
950 1835 1131 1922 principum

89 1919 223 2006 obligati
244 1932 365 1984 essent:
397 1931 430 1982 et
450 1918 495 1981 its
516 1939 549 1982 se
570 1918 606 1981 in
631 1941 665 1982 re
709 1941 808 1983 osuo
829 1933 962 2019 gereret,
982 1934 1028 1999 ut,
1050 1943 1132 2008 quse

89 2006 294 2072 subditione
321 2006 397 2082 eius,
419 2005 513 2070 urbes
538 2004 655 2069 nullius
665 1940 794 2072 liberae
817 2006 952 2071 crvitatis
973 2007 1133 2073 fortunam

88 2115 201 2158 secum
227 2105 379 2156 mutatam
403 2090 529 2156 vellent.
577 2091 699 2156 Contra
723 2091 839 2157 Persea
863 2093 947 2158 suma
971 2108 1039 2159 erat
1061 2106 1133 2182 post
1212 2132 1219 2143 ·

89 2180 190 2266 putris
208 2191 341 2243 mortem
360 2199 490 2243 uxorem
511 2200 607 2242 manu
628 2201 685 2242 sua
706 2179 875 2244 occidisse:
899 2179 1057 2268 Apellem,
1074 2181 1133 2245 mi-

90 2267 228 2334 nistrum
250 2265 411 2352 quondam
433 2264 551 2328 fraudis
575 2264 611 2327 in
634 2265 728 2329 frstre
751 2265 902 2345 tollendo,
922 2282 1017 2354 atque
1036 2270 1076 2334 ob
1098 2267 1132 2331 id

89 2352 281 2441 requisitum
301 2375 320 2416 a
339 2351 488 2439 Philippo
506 2349 547 2415 ad
569 2350 768 2438 supplicium,
783 2353 991 2433 exsulantem,
1006 2355 1134 2421 arcessi·

92 2456 162 2505 tum
183 2452 255 2526 post
275 2438 373 2526 patris
394 2452 526 2503 mortem
550 2438 730 2525 ingentibus
750 2440 909 2525 promissis
931 2441 972 2506 ad
995 2442 1135 2529 praemia

70 2541 201 2599 7tantae
221 2538 417 2612 perpetratae
439 2524 485 2588 rei
505 2523 587 2589 clam
604 2524 806 2590 interfecisse.
851 2526 1014 2592 Intestinis
1030 2542 1135 2593 exter-

91 2614 209 2699 nisque
231 2625 394 2711 praeterea
416 2611 522 2675 multis
544 2611 692 2677 caedibus
714 2612 873 2689 infamem,
890 2636 950 2678 nec
967 2614 1032 2678 ullo
1048 2637 1135 2679 com·

92 2697 308 2765 rnendsbrlem
330 2698 453 2774 merito,
476 2698 693 2797 praeferebant
713 2698 808 2785 vulgo
829 2699 971 2765 civitates
994 2714 1058 2765 tam
1081 2702 1135 2788 pio

92 2808 170 2872 erga
183 2784 389 2884 propinquos,
401 2798 466 2848 tem
480 2798 563 2849 msto
577 2784 612 2849 in
626 2784 718 2861 cives,
735 2798 800 2850 tam
814 2786 965 2852 munifico
979 2810 1055 2875 erge
1068 2811 1136 2853 om·

93 2894 153 2936 nes
167 2872 313 2936 hommes
384 2872 404 2947 ',
416 2892 473 2935 seu
483 2870 565 2936 hma
577 2884 610 2935 et
625 2871 786 2936 maiestate
798 2870 1013 2938 Macedonum
1025 2896 1136 2961 regum

93 2958 317 3047 praeoccupati
443 2957 600 3022 ruendum
616 2957 770 3044 originem
781 2960 856 3023 novi
866 2960 973 3047 regui3
996 2983 1053 3025 seu
1066 2984 1138 3025 mu·

94 3045 225 3111 tationis
246 3066 351 3109 rerum
373 3068 413 3109 cu
437 3043 501 3119 idi;
527 3067 583 3109 seu
606 3044 682 3131 quia
702 3068 777 3109 eum
798 3045 957 3112 obiectum
979 3069 1047 3112 esse
1069 3047 1138 3111 Ro-

94 3133 198 3197 manis
217 3132 374 3196 uolebant.
450 3145 521 3195 rant
542 3145 648 3195 autem
670 3154 736 3195 non
750 3129 860 3197 Aetoli
881 3133 977 3199 modo
997 3134 1033 3197 in
1054 3134 1138 3197 sedi-

96 3219 246 3295 tionibus,
268 3230 399 3304 propter
418 3217 580 3303 ingentem
603 3218 667 3282 vim
690 3218 771 3282 aeris
793 3218 897 3297 alieni,
916 3220 974 3284 sed
993 3219 1138 3285 Thessali

70 3306 210 3371 setiam:
237 3326 278 3368 ex
292 3303 491 3452 contagione,
508 3304 592 3369 velut
613 3303 707 3382 tabes,
723 3305 758 3368 in
773 3305 995 3371 Perrhaebiam
1010 3328 1138 3393 quoque

71 3392 131 3468 oid
146 3403 325 3479 pervaserat
339 3396 390 3453 mu
404 3411 466 3453 nm.
508 3390 616 3464 Quum
634 3390 802 3456 Thessalos
815 3392 851 3455 in
865 3393 959 3456 armis
973 3415 1040 3457 esse
1055 3416 1139 3455 nun·

97 3479 210 3543 tiatum
232 3490 289 3552 cst,
309 3477 371 3562 Ap.
385 3475 555 3543 Claudium
575 3476 714 3563 legatum
736 3478 778 3543 ad
800 3500 852 3541 eas
872 3500 922 3541 res
943 3478 1140 3563 aspiciendas

95 3562 397 3652 componendasque
409 3575 534 3627 senatus
545 3563 637 3628 misit.
674 3564 751 3641 Qui,
764 3564 927 3649 utriusque
941 3564 1040 3650 partis
1052 3565 1141 3651 prin·

95 3654 220 3742 cipibus
234 3649 403 3737 castigatis,
419 3670 518 3735 quum
539 3649 657 3716 iniusto
678 3651 787 3714 fenore
807 3662 972 3735 gravatum
991 3672 1045 3715 ses
1065 3650 1141 3717 alie·

128 3878 145 3927 6
162 3880 309 3927 Diuites-unt
326 3880 389 3927 dens
408 3880 495 3940 lupera
510 3880 538 3925 in
554 3880 603 3925 n'n-
670 3890 683 3937 7
699 3878 864 3939 Eaeamisque
877 3882 1018 3939 praeterea]
1044 3879 1140 3927 Hnrnm

95 3944 179 4005 pulos]
193 3942 246 3997 Qui
257 3942 321 3989 ciues
330 3942 436 3990 Romani
447 3948 533 3991 ement.
558 3943 603 3991 Ge·
637 3948 790 3988 externarum
808 3942 918 3990 caedium
935 3942 1141 3990 enumerationem

98 4014 178 4055 terum
197 4006 237 4054 vix
253 4011 298 4063 est,
315 4011 342 4053 nt
361 4021 409 4053 non
429 4005 469 4053 hic
488 4004 605 4054 exciderit
637 4005 712 4052 babes
727 4004 753 4053 in
770 4005 878 4054 oratione
895 4006 1020 4064 Eumenis,
1036 4005 1091 4053 infr.
1104 4019 1141 4066 13.

98 4069 201 4131 aliquid.
239 4069 332 4118 Debuit
350 4068 415 4118 enim
437 4070 545 4130 prolecto
564 4069 604 4117 Li·
638 4068 719 4118 Gnsv.

99 4134 259 4191 nusciosum,
270 4140 376 4194 quantus
390 4148 505 4181 numerus
515 4134 605 4182 civium
669 4133 684 4180 8
701 4135 743 4181 Ea·
753 4136 905 4195 cmuecpions]
923 4133 1005 4193 Vulgo
1015 4133 1102 4195 legitur
1112 4150 1142 4182 eu

101 4197 418 4257 Lstinommqueiueorutn
429 4212 539 4259 agrorum
553 4213 605 4260 pos-
638 4200 784 4259 corisopionc.
808 4198 944 4253 Bekkems,
952 4196 1141 4244 Gronoviosuc·

99 4262 231 4311 sessionem
248 4260 334 4309 missus
344 4262 381 4311 sit.
416 4262 606 4310 Neclscilcno
639 4266 700 4321 tore,
709 4269 732 4310 et
743 4264 883 4323 eoratupionc
893 4259 1009 4323 reposuit.

100 4326 138 4375 his
155 4326 327 4387 persuademus
338 4326 363 4373 id
374 4327 405 4373 ab
416 4340 445 4375 so
456 4326 606 4387 praetermis·
672 4340 687 4389 9
703 4328 853 4375 Nuntiatum
862 4326 911 4383 est]
924 4324 1074 4381 Easetquod
1081 4321 1143 4369 Gro

102 4404 164 4438 sum.
181 4388 261 4439 Cnnr.
640 4388 725 4438 novius
736 4391 838 4447 mavult,
849 4388 936 4449 probet
946 4384 1052 4435 Crevier.
