2934 4800
411 234 508 303 LlB.
532 234 638 303 XLV.
669 234 776 303 CAP.
802 242 830 303 7.
1087 244 1147 307 179

86 391 164 436 non
177 390 281 449 ιωυε,
296 370 331 435 in
346 370 445 437 latere
462 371 691 523 ww
711 370 863 459 ungulum
878 370 1047 437 obscurum
1061 370 1143 439 deli·
1155 390 1188 443 u.
1199 392 1229 444 c.
1245 394 1301 457 5⁸4

86 458 166 521 tuit.
211 456 310 523 Pueri
327 458 409 546 regii
427 458 514 559 apud
654 479 731 522 onas
747 458 941 523 vocabantur
959 457 1139 547 principum
1150 456 1180 509 Α·
1197 458 1227 509 0·
1246 458 1298 511 [δί

84 542 195 623 liberi,
218 542 259 608 sd
280 544 493 610 ministerium
514 543 607 609 electi
625 544 718 631 regis.
764 543 814 609 Ea
832 542 954 621 cohors,
974 558 1140 631 persecuta

83 629 693 782 btbltt'ttut‘tlttl‘?
712 628 1136 783 mlllfflbil'ss
1200 736 1215 751 ··
1287 740 1293 753 ·

306 739 329 804 P
618 738 713 804 P‘P
805 739 827 783 ¹¹
880 762 890 793 ⁹
956 738 1015 817 08¹,
1056 739 1079 806 P
1145 735 1294 801 negupoen

85 808 100 838 ‘
109 822 162 865 ros
174 800 437 891 Macedonmque
450 802 538 881 alios,
552 803 609 890 qui
625 800 846 867 Samothracae
861 815 976 880 essent,
991 825 1017 867 er
1033 804 1274 917 uansffiffi

84 887 194 952 ‘irent
214 888 257 953 ad
280 888 452 967 Romanos,
474 888 734 965 incolumitatem,
758 888 999 977 libertatemque
1021 902 1055 955 et
1076 912 1191 979 suam

84 973 223 1039 ‘omnia
233 988 421 1052 servaturos,
436 998 519 1062 quae
532 987 589 1040 aut
600 996 710 1040 secum
723 974 887 1052 baberent,
902 975 1006 1041 autin
1021 974 1133 1042 Mace·

82 1059 206 1125 ‘donia
229 1059 451 1148 reliquissent’
493 1061 549 1126 Ad
576 1061 659 1126 bane
681 1082 794 1127 rocem
819 1060 963 1127 transitio
988 1062 1132 1128 omnium

79 1144 169 1210 laets
190 1160 249 1225 est,
272 1147 466 1235 nominaque
487 1147 606 1213 dobant
625 1147 667 1213 ad
688 1146 728 1213 C.
743 1147 942 1213 Postumium
968 1148 1132 1213 tribunum

80 1231 233 1297 militum.
279 1233 414 1299 Liberos
456 1256 562 1322 uoque
584 1255 696 1321 parvos
720 1233 825 1322 regios
846 1232 905 1299 lon
928 1234 1132 1301 Thessaloni-

79 1318 188 1383 censis
203 1318 340 1385 Octavio
357 1320 439 1385 tradi
462 1322 503 1385 ‘tt
526 1342 587 1385 nec
600 1320 779 1409 quisquam,
794 1332 920 1471 praeter
933 1318 1130 1407 Philippum,

79 1404 261 1469 maximum
287 1418 365 1471 natu
389 1428 431 1471 ex
455 1406 636 1484 tilliacum
661 1428 737 1493 rege
763 1428 797 1471 re
810 1406 899 1471 'etim
950 1403 1037 1471 Tum
1061 1422 1260 1476 sesel'ndttso

78 1490 251 1578 filiumque
280 1489 415 1558 Octavio
442 1491 590 1569 nadidit3
626 1492 788 1557 fortunam
816 1492 967 1579 deosque,
993 1512 1129 1580 quorum
1138 1502 1188 1539 ¹⁰¹·

78 1576 238 1665 templum
254 1590 332 1655 erat,
347 1577 434 1643 nulls
447 1600 508 1666 ope
522 1578 698 1680 mpplicem
717 1578 870 1657 iuvantes,
886 1600 1044 1643 accusans.
1088 1578 1129 1645 In

74 1664 273 1749 praetoriam
290 1686 404 1729 navem
423 1665 546 1753 imponi
565 1686 684 1731 iussus:
707 1662 823 1731 eodem
837 1676 870 1730 et
883 1664 1029 1753 pecunia,
1044 1686 1128 1752 quae

74 1748 248 1835 superbiit,
262 1748 369 1816 delata
381 1762 447 1815 este
471 1750 697 1840 extemploque
716 1749 823 1816 classis
838 1749 1058 1839 Amphipolim
1078 1773 1128 1817 re·

74 1837 172 1921 petit.
216 1835 300 1901 Inde
316 1835 469 1902 Oetaritu
482 1858 591 1925 regem
608 1838 645 1901 in
662 1848 765 1903 casua
783 1835 824 1902 ad
845 1836 1008 1903 consulem
1030 1838 1125 1917 misit,
1135 1858 1273 1911 ffluettur

73 1919 260 2022 prpemistis
292 1921 402 2000 literis,
431 1936 469 1987 ut
496 1922 532 1988 in
564 1935 719 2011 potestate
749 1945 823 1989 eum
851 1944 919 1989 esse
947 1936 981 1989 et
1009 1923 1259 2039 addueifflmi·

74 2020 185 2073 mret-

121 2092 308 2160 Secrmdam
321 2114 393 2159 eam
407 2092 548 2173 Paullus,
562 2094 645 2160 sicut
659 2107 737 2173 erat,
748 2094 912 2161 victoriam
926 2106 1022 2175 ratus,
1034 2094 1125 2163 ricti-
1190 2103 1220 2168 7.

72 2199 146 2244 mas
167 2180 286 2245 cecidit
305 2202 346 2245 eo
366 2180 499 2258 nuntio;
525 2194 568 2260 et,
583 2181 715 2247 consilio
729 2181 892 2259 advocato,
908 2180 1013 2247 literas
1033 2204 1125 2270 prae·

74 2266 156 2329 toris
169 2288 271 2353 quum
291 2268 463 2345 recitasset,
479 2267 523 2343 Q.
535 2266 667 2333 Aelium
681 2266 886 2333 Tuberonem
908 2268 1034 2334 obviam
1055 2270 1123 2357 regi

72 2351 181 2417 misit:
204 2364 327 2419 ceteros
340 2374 469 2419 manere
482 2353 517 2418 in
531 2352 689 2442 praetorio
701 2354 885 2456 frequentes
899 2353 997 2420 iussit.
1044 2354 1122 2422 Non

72 2437 153 2503 alias
165 2437 208 2504 ad
222 2439 324 2504 ullum
418 2439 557 2506 taculum
576 2453 665 2505 tanta
683 2440 855 2506 multitudo
869 2441 1014 2506 occurrit.
1059 2441 1123 2508 Pa·

71 2537 162 2590 trum
176 2538 279 2591 aetate
296 2525 364 2615 Syp
441 2548 497 2592 rex
512 2539 623 2615 captus
641 2527 676 2590 in
689 2541 791 2592 casua
806 2526 952 2592 Romana
966 2525 1122 2592 adductus

71 2623 161 2676 erat:
184 2612 509 2714 praeterquamquod
529 2635 590 2678 nee
611 2635 678 2690 sna,
692 2635 753 2678 nec
775 2612 880 2700 gentis
896 2612 980 2676 fama
993 2633 1122 2712 compa·

70 2697 204 2776 mndne,
230 2713 307 2764 tunc
332 2721 470 2764 accessio
494 2698 610 2763 Punici
634 2698 711 2763 belli
734 2699 847 2775 fuerat,
874 2697 956 2763 sicut
983 2695 1121 2764 Gentius

70 2781 288 2850 Macedonici
333 2785 468 2850 Perseus
481 2796 578 2873 caput
596 2783 672 2849 belli
685 2796 770 2851 erat:
794 2805 854 2850 nec
876 2783 974 2872 ipsius
995 2797 1120 2850 tantum

48 2871 171 2956 epatris
190 2872 317 2959 avique,
331 2893 412 2959 quos
432 2871 644 2973 sanguineae
665 2893 783 2958 genere
804 2871 913 2936 contin
944 2871 1017 2972 bat,
1035 2872 1120 2937 lama

69 2956 918 3132 mettrilffiffmfflt‘l
928 2956 1119 3110 illibi?

47 3143 143 3192 srnm
166 3127 387 3195 Macedonum
409 3129 557 3195 fecerent.
602 3128 697 3194 Pullo
718 3129 852 3195 amictus
871 3129 889 3164 ³
908 3129 963 3196 illo
983 3129 1118 3196 Perseus

48 3214 80 3278 4'
252 3227 302 3280 est
321 3227 432 3293 casua,
447 3216 537 3281 nullo
558 3237 688 3281 suorum
709 3215 772 3281 alio
794 3215 921 3294 comite,
935 3216 990 3303 qui
1013 3217 1117 3282 socius

172 3300 259 3366 'tatis
286 3301 545 3368 miserabiliorem
572 3323 648 3366 eum
676 3301 802 3368 faceret.
858 3299 1012 3390 Progredi
1040 3323 1116 3389 prae

101 3479 224 3528 Ῥοιὼ
276 3479 284 3492 ”
359 3491 419 3542 quor
440 3475 577 3540 mapulas]
610 3477 661 3526 alio
678 3478 769 3528 mite.
786 3476 869 3526 cm.
902 3475 1120 3524 anenborobius

70 3541 173 3616 Aliquid
196 3493 349 3591 intem
371 3541 496 3590 existirm
519 3541 578 3592 Ore·
609 3539 776 3590 coniecturam
803 3537 903 3588 Graevii
930 3537 1018 3602 probat
1047 3541 1118 3602 putto

70 3604 167 3666 nanos,
177 3605 221 3667 qui
232 3620 305 3654 voces
314 3613 339 3656 st
348 3611 482 3655 uterum
491 3620 578 3667 reputa
609 3607 712 3654 ambias
722 3604 848 3680 oumfllto,
858 3602 932 3651 modo
947 3615 1006 3649 mox
1018 3615 1062 3664 pro
1071 3605 1116 3664 se-

66 3669 575 3782 fffflormtlisplleeriidddiffit
608 3667 937 3804 aquapeffpugqquupqu?
957 3729 1050 3804 ponite,

67 3796 423 3859 qsoemmdmdumeonaet
604 3798 684 3845 ωοίω
709 3793 868 3853 summu]
898 3792 1023 3842 Nrmnum
1045 3808 1113 3844 sous

98 3860 508 3922 3Po11mtetar’illol’msae]
521 3859 572 3908 De·
605 3874 663 3908 eum
689 3859 741 3906 fllio
770 3856 890 3906 minorem
922 3855 1112 3908 misericordiam

67 3929 196 3984 provatum
223 3922 292 3973 bunc
317 3924 401 3972 locum
421 3923 481 3972 rarii
503 3923 574 3974 mrito
605 3924 741 3984 tobimque
755 3921 870 3970 movebat
881 3919 1112 3984 ridmtibuaquam

67 3986 212 4036 coniecmria
229 3992 364 4037 tentanum.
396 3987 468 4037 Nihil
487 3988 573 4050 probo·
605 3985 826 4049 sigrexcbcaeum
834 3985 960 4048 plangeret
967 3987 1112 4045 amicorum,

67 4050 575 4114 bilimq'aamquodauggen'tssronorius,
606 4051 751 4112 luctumque
781 4048 938 4099 incenderet:
972 4050 1038 4111 quod
1063 4049 1111 4162 ipsi

66 4116 108 4177 qui
123 4131 211 4164 rocem
226 4117 268 4166 illo
282 4122 421 4178 corruptam
435 4129 488 4164 ens
501 4120 575 4177 putat
606 4112 708 4226 oontiffi'p
728 4117 822 4176 postea,
840 4127 917 4175 quum
938 4111 964 4160 in
985 4112 1077 4176 triump
1095 4129 1111 4162 o

66 4193 97 4226 ex
105 4181 209 4240 met
222 4184 351 4242 praeterea
366 4179 433 4228 male
445 4178 573 4228 maiacum
606 4179 669 4227 lem
690 4177 705 4190 ''
723 4177 860 4228 duceretur.
894 4176 952 4225 Hoc
968 4175 1024 4224 ideo
1042 4183 1111 4226 noto·

66 4241 139 4292 luisse
162 4241 190 4291 in
211 4247 295 4292 velere
315 4241 458 4306 exemplari.
501 4242 574 4304 legit
605 4241 693 4300 rimus,
714 4240 773 4303 qrria
794 4239 926 4289 Douistius
944 4239 1010 4289 bunc
1029 4241 1112 4290 locum

66 4321 138 4369 ergo:
155 4307 233 4356 Pullo
245 4309 350 4356 netur
359 4309 468 4357 Perseus
480 4309 573 4369 inorsa·
605 4319 692 4356 nuum
702 4320 753 4355 non
762 4319 815 4355 esse
825 4303 962 4368 stupicatua
972 4310 1016 4356 est.
1029 4306 1111 4356 Gur.

67 4386 107 4420 m
125 4377 163 4423 cri
180 4377 280 4432 eadm
297 4372 364 4436 filio,
384 4372 454 4423 nullo
473 4384 574 4422 suom
924 4436 943 4495 2
