2934 4800
399 239 463 298 434
640 233 919 302 SYLLABUS
954 234 1211 302 cumcun

403 372 538 436 Donato
575 373 616 436 cle
650 371 825 437 casentino
862 373 1066 438 Gramatico.
1122 371 1246 437 Harum
1275 367 1370 434 Deoia
1397 410 1399 428 ι

405 455 559 532 ultimam,
576 469 612 520 ut
631 469 664 520 et
683 455 826 522 codicem
846 473 1044 544 sequentem,
1060 460 1123 523 mei
1143 481 1250 524 cauma
1264 456 1370 521 amaa
1396 470 1399 538 t

405 541 550 618 conferri,
566 540 646 606 Viro
667 542 885 608 Celeberrimo
906 543 969 609 lac,
982 544 1135 633 Philippo
1151 544 1372 626 D'Orrilliarn

407 627 583 692 studiorum
608 651 683 716 ergo
707 652 765 716 per
789 630 941 717 Angliam
964 635 1231 718 peregrinaretur,
1251 631 1373 716 deum

405 715 1167 870 posllesshintidiahretihigndhsdldrinhhmdditcodex
1200 803 1374 868 memmae

407 886 502 952 modo
526 887 645 952 laudati
671 888 825 953 Richardi
849 889 959 968 Mead,
981 891 1048 976 qui,
1068 905 1218 977 quartam
1240 883 1375 954 unmulh

406 973 486 1038 cada
510 975 686 1052 continens,
715 989 928 1041 trecentorum
953 1000 1112 1042 annorum
1137 993 1270 1041 aetatem
1289 971 1374 1064 μήθ

405 1060 555 1125 creditur.
602 1059 709 1126 Huius
723 1062 819 1127 etiam
836 1061 917 1128 Msti
935 1063 1138 1128 collationem
1159 1063 1297 1127 munifice
1310 1061 1376 1122 dou

406 1145 538 1212 domino
552 1169 732 1212 concessam
747 1148 916 1227 D'Orvilii‚
931 1150 984 1216 cui
1002 1163 1050 1214 tot
1065 1173 1102 1214 ac
1117 1164 1211 1215 tanta
1226 1148 1377 1226 Litium

406 1233 569 1309 debemus,
586 1233 742 1298 beneficio
756 1234 868 1300 debeo
1372 1313 1375 1322 Ι

451 1318 511 1384 XL
536 1319 723 1385 Vossianus
742 1334 791 1386 est
809 1321 913 1387 codex
931 1322 1128 1400 chartaceus,
1142 1323 1246 1387 forma
1260 1317 1377 1398 missit

407 1405 482 1471 olim
534 1429 582 1471 ars
611 1407 822 1473 bibliothecae
848 1407 1023 1474 Vossiauae
1048 1409 1185 1486 exstitit,
1209 1430 1286 1474 nune
1304 1419 1375 1468 rar:

406 1429 598 1558 bibliotheca
620 1493 749 1580 publica
769 1493 992 1560 Universitatis
1013 1495 1315 1582 Lugduno-Batarae
1329 1507 1376 1552 w

405 1591 506 1656 vatur,
522 1579 690 1644 continens
704 1579 802 1645 solam
817 1580 939 1646 decada
951 1595 1106 1668 quartam.
1147 1583 1202 1647 De
1216 1605 1254 1648 eo
1265 1579 1320 1644 ride
1329 1573 1376 1638 Cr}

406 1663 513 1750 logum
530 1664 612 1730 Bibl.
628 1665 715 1753 publ.
733 1667 984 1754 Lugduno-Bat.
1001 1693 1033 1756 μ
1050 1672 1125 1734 373.
1142 1692 1231 1733 num
1249 1664 1341 1760 Lllll
1360 1656 1377 1718 l

404 1750 515 1816 limine
530 1751 626 1817 huius
644 1752 763 1818 codicis
777 1755 945 1842 sequentia
958 1755 1182 1842 reperiuntur:
1210 1751 1376 1820 Codezlffl

404 1838 577 1903 Franciaer'
589 1841 733 1926 Philetst,
746 1851 778 1905 et
789 1843 948 1944 imprimis
958 1845 1145 1907 amicorum.
1177 1835 1376 1931 Feaeaeitqu

404 1947 486 1990 nunc
507 1933 567 2000 eat,
590 1927 672 1991 dono
694 1926 790 1991 Petri
807 1929 959 2004 iterarii,
981 1929 1117 1993 militum
1137 1929 1261 1993 strenui
1342 1926 1377 1979 et

403 2010 479 2074 dum
517 2011 658 2078 Veronae
686 2023 770 2077 esset
798 2036 883 2078 anno
912 2015 1217 2079 MDLXXXVII.
1289 2005 1375 2071 (ΗΜ

403 2117 479 2160 vero
499 2095 634 2182 ascripta
655 2110 748 2162 sunt:
779 2098 847 2164 Titi
862 2101 952 2165 Livii
966 2101 1050 2165 liber
1063 2102 1210 2164 decimu
1222 2101 1260 2163 de
1272 2093 1332 2159 uta
1341 2087 1377 2151 li*

404 2184 557 2248 cedoaico
567 2184 720 2268 feliciter
743 2185 882 2268 explicit
902 2209 1002 2252 amen.
1024 2187 1082 2271 qui
1103 2187 1190 2251 liber
1208 2195 1254 2251 ert
1269 2181 1317 2246 nei
1328 2176 1374 2239 Per.

404 2269 443 2338 de
462 2268 686 2355 Compoatellia
700 2273 832 2335 notarii.

401 2861 460 2925 Ad
470 2860 645 2945 Epitomas
655 2860 816 2926 Livianus
831 2860 890 2924 lroa
901 2861 1028 2925 codices
1039 2818 1283 2948 Maaaacriptor
1291 2843 1374 2918 cdlii&

483 3057 730 3124 ERGIANUS
759 3070 808 3123 est
835 3058 938 3123 codex
967 3059 1161 3138 chartaceus,
1191 3062 1284 3127 forma
1304 3064 1375 3145 W?

507 3168 603 3231 quem
619 3145 695 3210 olim
710 3144 850 3232 possedit
870 3144 943 3209 Nic.
958 3144 1120 3224 Heinsius,
1136 3170 1156 3211 a
1169 3170 1236 3234 quo
1249 3140 1373 3231 pensat}

401 3226 517 3294 Virum
534 3232 775 3317 Amplissimum
796 3254 834 3296 ac
854 3230 1096 3297 Nobilissimum
1116 3233 1375 3298 Iohannemautf·

401 3314 509 3403 Ber-gh
530 3316 555 3381 Ι.
573 3316 613 3383 C.
631 3340 682 3383 sae
706 3318 755 3383 ius
774 3318 909 3382 civitatis
930 3318 1155 3405 Lugdunensis
1174 3316 1373 3385 consulem,sall

400 3424 489 3467 mum
505 3342 748 3469 Rhenolandiae
759 3403 954 3481 Praetorem,
965 3419 999 3470 et
1013 3428 1165 3506 aggerum
1179 3429 1220 3471 ac
1233 3387 1374 3489 mauultl

398 3488 531 3554 licarum
557 3513 596 3555 ea
619 3492 750 3578 regione
776 3490 987 3568 Praefectum,
1011 3515 1068 3578 qur
1093 3492 1266 3557 etiamnum
1286 3474 1372 3573 Μ’·

399 3575 531 3663 eiusque
546 3599 639 3640 usum
653 3576 877 3663 benignissime
892 3577 972 3641 mihi
986 3578 1148 3642 concessit.

442 3664 484 3728 11.
510 3661 895 3727 Boannuanaaanranus
939 3676 988 3728 est
1030 3663 1132 3729 codex
1178 3663 1373 3731 membrano

398 3748 499 3813 sonna
514 3750 633 3827 maiori,
650 3749 725 3815 olim
763 3772 813 3813 ars
828 3748 1048 3828 bibliothecae,
1087 3773 1160 3814 uam
1176 3751 1211 3815 in
1230 3746 1372 3815 ueremi·

398 3836 571 3901 amicorum
594 3835 721 3923 collegit
772 3836 800 3899 ir
823 3834 1047 3901 Nobilissimus
1100 3836 1257 3903 heodorus
1276 3819 1373 3897 ΒΜ·

398 3921 516 3999 malrer,
545 3922 576 3986 S.
601 3921 737 3987 Martini
765 3921 851 4009 apud
882 3920 1082 3987 Traiectinos
1112 3922 1293 3989 Canonicus
1314 3908 1370 3976 Har,

396 4022 522 4095 praeter
547 4008 711 4159 EKitomas
736 4008 886 4073 Livianae
908 4008 1006 4073 etiam
1029 4009 1172 4073 Plinium
1196 4012 1268 4086 sive,
1283 4016 1310 4069 ut
1324 3990 1371 4071 ala

397 4110 535 4172 vocatur,
597 4094 732 4159 urelium
759 4093 922 4160 Victorem
953 4096 994 4161 de
1020 4095 1108 4160 Viris
1136 4095 1301 4161 illustribus
1318 4095 1369 4147 ⁰⁰⁰st

395 4195 537 4257 nentem,
568 4204 641 4245 cum
670 4181 765 4246 editis
793 4181 930 4246 contulit
954 4181 1015 4246 Vir
1041 4182 1273 4249 Celeberrimos
1297 4162 1370 4239 Gula·

395 4264 544 4329 Andreas
570 4266 729 4342 Dukems,
755 4266 898 4331 eiusdem
924 4268 1049 4355 collegii
1075 4283 1110 4333 et
1135 4270 1284 4335 amicitiae
1302 4248 1369 4356 aad

394 4346 475 4413 mihi
489 4348 773 4427 coniunctissimus,
788 4364 822 4416 et
835 4353 975 4440 benigne
990 4377 1118 4420 mecum
1132 4353 1345 4423 commuuicffll
