2934 4800
1082 16 1455 24 .†—-——

378 204 474 271 LIB.
497 204 609 271 XLV.
634 205 746 273 CAP.
771 214 800 273 2.
1059 214 1117 277 175

75 342 168 408 taculi
190 343 327 432 populns
350 343 386 407 in
408 342 550 409 medium
573 342 722 409 decurrit.
770 342 820 409 Eo
842 355 987 409 senatum
1010 342 1120 411 consul
1130 356 1165 407 U.
1175 356 1207 407 c.
1222 356 1278 420 ⁵⁸4

73 430 203 508 vocarit,
214 430 416 517 recitatisque
431 429 563 507 tabellis,
574 452 616 493 ex
630 429 816 495 auctoritate
828 428 960 495 Petrum
976 454 1034 520 pro
1044 432 1120 497 t’oris
1130 420 1161 471 Α-
1177 422 1208 473 ⁰·
1225 420 1280 473 ¹⁶⁸·

73 516 206 603 publicis
215 516 417 582 denuntiavit
472 515 568 603 pulo:
592 523 603 555 ‘
612 514 839 581 LAemilium
854 516 1009 605 collegam
1022 518 1121 606 signis

76 602 215 668 ‘collatis
239 626 314 668 cum
336 625 412 690 rege
464 624 555 667 erseo
576 624 754 690 pugnasse:
787 602 1004 669 Macedonum
1029 626 1121 670 exer-

76 690 191 754 ‘citum
211 712 340 755 caesum
353 687 459 755 fusum
485 711 546 765 ue;
569 710 676 789 regem
695 712 771 754 cum
789 689 898 777 paucis
916 690 1051 778 fugisse:
1075 692 1121 757 ci·

76 775 206 841 ‘vitatas
231 797 343 840 omnes
488 775 581 839 oniae
606 774 820 841 inditionem
845 776 956 877 populi
982 776 1119 843 Romani

78 862 237 927 ‘veniae’
280 860 344 926 His
362 860 488 939 auditis,
502 860 623 926 clamor
642 882 718 925 cum
739 862 862 963 ingenti
881 861 994 950 plausu
1011 877 1118 930 omu:

77 947 157 1012 ludis
180 947 309 1026 relictis,
333 947 446 1013 domos
470 969 586 1035 magna
613 969 686 1035 pars
709 946 877 1013 hominum
903 947 944 1014 ad
969 950 1121 1037 coniuges

77 1032 252 1121 hiemsque
277 1034 398 1099 laetum
422 1034 573 1098 nuntium
639 1033 774 1099 rtabant.
825 1034 954 1101 Tertius
977 1036 1121 1101 decimus

78 1119 276 1187 disseratab
292 1143 341 1198 eo,
356 1120 473 1207 quoin
486 1118 582 1184 Mace
606 1119 680 1185 onia
693 1132 871 1221 pugnatum
884 1135 942 1188 est.
986 1121 1120 1189 Postero
1187 1131 1217 1190 2.

79 1205 129 1271 die
141 1220 270 1272 senatus
282 1206 319 1271 in
332 1206 422 1272 curia
439 1205 576 1283 habitus,
590 1206 900 1295 supplicationesque
915 1208 1073 1289 decretae,
1087 1223 1121 1275 et

79 1292 381 1358 senatusconsultum
400 1292 520 1357 factum
539 1304 597 1369 est,
615 1304 652 1357 ut
673 1292 794 1371 consul,
809 1316 899 1381 quos,
915 1307 1040 1382 praeter
1061 1294 1122 1360 mi-

60 1378 146 1443 llitcs
163 1380 329 1467 sociosque
348 1378 485 1457 navales,
505 1379 686 1444 coniuratos
705 1378 846 1457 haberet,
862 1380 1055 1446 dimitteret:
1080 1380 1122 1447 de

80 1464 228 1530 militibus
248 1464 406 1552 sociisque
426 1464 589 1531 navalibus
607 1464 807 1529 dimittendis
828 1467 1005 1543 referretur,
1021 1488 1122 1555 quum

59 1548 170 1637 tlegati
187 1552 230 1616 ab
251 1551 291 1616 L
302 1550 444 1617 Aemilio
463 1550 602 1628 consule,
617 1551 768 1639 aquibus
787 1552 975 1639 praemissus
993 1552 1123 1619 tabella·

79 1637 141 1702 n‘us
159 1650 252 1715 esset,
262 1638 290 1701 '.
338 1638 427 1703 Ante
441 1637 528 1702 diem
542 1651 668 1702 sextum
684 1636 848 1703 Kalendas
865 1636 1030 1717 Octobres,
1045 1638 1217 1727 horulaeqatr'
1229 1650 1278 1701 Aa·

61 1739 75 1787 7
81 1722 140 1788 fere
154 1723 305 1801 aecunda,
316 1722 414 1811 legati
424 1722 535 1789 urbem
551 1745 683 1874 ruffin
693 1736 779 1801 sunt,
791 1737 825 1789 ct
838 1724 1003 1811 ingentem
1014 1716 1201 1791 secummm·

81 1812 320 1888 occurrentium,
350 1831 541 1909 quacunque
569 1809 581 1872 i
647 1824 670 1887 t,
721 1809 1023 1899 resequentiumque
1060 1826 1124 1879 tra-

81 1894 187 1962 hentes
201 1897 338 1973 nubam,
353 1918 389 1961 m
402 1895 506 1961 forum
521 1894 563 1959 atl
577 1895 640 1960 trib
730 1912 947 1984 perrexerunt.
987 1896 1123 1964 Senatus

82 1980 154 2048 forte
181 1982 219 2047 in
246 1982 336 2047 cuda
363 1995 451 2047 erat:
485 2004 526 2047 eo
553 1980 673 2069 legatos
700 1982 812 2047 consul
839 1982 1027 2049 introduxit.
1073 1984 1124 2050 Ibi

83 2081 199 2133 tautum
214 2081 282 2133 tem
324 2068 368 2133 ris
381 2068 508 2146 retenti,
521 2066 600 2133 dum
614 2081 823 2169 exponerent,
842 2076 1001 2157 ‘quantae
1016 2070 1122 2159 regiae

84 2155 206 2242 ‘copiae
295 2155 375 2219 'tum
396 2155 605 2242 equitumque
626 2154 779 2231 iinssent3
802 2168 882 2243 quot
899 2155 998 2222 millia
1015 2179 1056 2223 ex
1074 2156 1124 2223 his

84 2240 840 2416 {assummum
852 2241 1125 2417 silurus

86 2414 211 2500 ‘gissett
250 2414 423 2480 ematimari
461 2412 710 2480 Samothraciam
746 2415 920 2503 petiturum
931 2439 940 2493 ;
981 2430 1124 2504 paratam
1190 2485 1193 2492 ,

85 2499 227 2567 ‘clamem
247 2498 290 2565 ad
303 2522 349 2615 pe
421 2499 563 2566 uendum
580 2522 669 2566 ease:
693 2523 798 2589 neque
814 2515 907 2579 terra,
923 2523 1028 2588 neque
1045 2501 1124 2566 mari

85 2587 179 2653 ‘elabi
197 2608 300 2674 posse.
348 2522 478 2652 rmetm
498 2587 577 2652 haec
596 2586 704 2674 paullo
761 2601 791 2651 st
810 2587 844 2651 in
859 2587 1047 2652 concionem
1061 2601 1124 2652 tra·

84 2671 165 2738 ducti
199 2684 436 2760 exposuemnt:
473 2689 687 2760 renovataque
718 2610 850 2750 mutia,
880 2693 981 2758 quum
1013 2673 1124 2738 consul
1132 2683 1261 2761 supplies-

84 2759 236 2837 eduiaet,
275 2767 333 2824 ‘ut
361 2781 472 2824 omnes
500 2757 596 2824 aedes
623 2781 729 2824 sacrae
758 2759 975 2846 aperirentur,’
1003 2781 1062 2848 pro
1089 2754 1218 2826 „uorsa

85 2845 210 2934 quisque
221 2867 266 2910 ex
276 2845 429 2911 concione
439 2843 481 2910 ad
491 2844 828 2932 gratiasQendasiere
838 2844 918 2922 diis;
935 2845 1123 2934 ingentique

86 2932 178 3011 turba
198 2955 266 2997 non
287 2931 427 2996 virorum
449 2931 555 3008 modo,
573 2931 630 2996 sed
652 2931 747 2996 ctiam
769 2931 967 3010 feminarum,
983 2932 1125 2998 conferta

87 3031 145 3082 tota
157 3020 236 3084 urbe
252 3017 384 3082 deorum
399 3017 625 3082 immortalium
640 3017 767 3105 templa.
804 3017 949 3096 Senatus,
960 3033 1124 3085 revocatus

86 3102 117 3166 in
136 3105 267 3183 curiam
290 3126 329 3168 su
350 3102 545 3191 plicationes,
569 3104 611 3168 ob
633 3125 702 3168 rem
726 3105 852 3191 egregie
875 3121 996 3192 gestam
1019 3105 1059 3171 ab
1084 3105 1122 3171 L.

89 3188 217 3256 Aemilio
239 3212 317 3256 cons
351 3212 380 3268 e,
399 3189 435 3254 in
454 3190 598 3278 quinque
620 3190 689 3254 dies
712 3190 797 3254 circa
818 3191 926 3255 omnia
948 3191 1126 3279 pulvinaria

89 3273 227 3355 decrerit,
257 3275 431 3362 hostiisque
461 3277 632 3342 maioribus
659 3275 827 3341 sacrificari
857 3275 954 3344 iussit
1006 3275 1124 3356 Nares,

89 3382 160 3446 quae
180 3363 217 3428 in
240 3361 352 3463 [tiberi
367 3374 503 3463 ,param
527 3362 763 3463 instructaeque
787 3363 920 3440 stabant,
944 3376 991 3440 ut,
1008 3363 1042 3464 'si
1067 3387 1126 3464 rex

89 3461 408 3603 mmsis}
415 3447 1126 3620 fflilffiaiiffiniffililziil}

89 3616 205 3700 dimitti,
215 3635 251 3688 et
264 3643 338 3686 cum
352 3621 404 3686 his
417 3643 537 3698 omnes,
549 3620 606 3708 qui
621 3620 656 3685 iu
669 3619 809 3686 consulis
819 3620 916 3686 verba
926 3621 1123 3686 iuraverant:

88 3719 119 3769 et
136 3709 221 3795 quod
243 3707 386 3809 militum·
404 3705 575 3808 qucyrae,
595 3706 770 3808 Brundisii,
790 3707 832 3808 ad
855 3729 941 3809 mare
965 3729 1125 3808 superum,

91 3792 832 3968 &mutilitffutttffiltffilt
845 3793 1126 3946 limittit?

121 4092 295 4150 saductus
321 4093 435 4152 manee]
479 4107 513 4142 sc.
536 4093 586 4141 Illo
620 4090 920 4142 ammonianum
932 4089 1046 4140 coniecit.

94 4150 440 4219 iudmdomtuetoaquod
449 4155 587 4219 supaxxii.
654 4158 793 4218 7Inprsrst’
819 4159 890 4216 eunt]
920 4155 1043 4204 Voculam
1069 4161 1128 4204 suut

95 4216 129 4276 38.
137 4227 287 4270 manantur.
619 4219 716 4268 uncinis
730 4219 830 4268 inclusit
842 4219 949 4270 Beklrer.
961 4223 986 4267 et
997 4220 1127 4268 delendam

122 4279 297 4335 tructam·
310 4284 401 4343 Μ’]
426 4285 487 4334 Post
503 4297 588 4333 vocem
619 4285 707 4334 suadet
716 4283 862 4336 carterius

96 4352 157 4405 Μ,
171 4347 279 4411 Sigonius
298 4349 433 4409 emat,
449 4347 588 4398 Gronovius
