2934 4800
390 210 456 274 tao
765 203 1078 276 PRAEFATIO

392 370 578 458 Lipsiensis,
606 391 648 434 ex
673 391 740 458 quo
767 367 945 458 Longolius
966 371 1043 436 oiim
1067 370 1388 458 Drakenborcbioqm·

391 487 465 538 tum
486 473 625 560 priorum
649 469 803 538 librorum
822 486 975 560 excerpta
995 475 1141 538 submisit
1161 489 1194 538 et
1213 497 1293 561 qu
1308 495 1385 561 prm

392 571 559 640 Ernestius
573 575 701 663 penitus
716 595 905 640 excussums
919 589 997 653 erat,
1012 597 1107 640 usum
1122 576 1200 640 mibi
1216 577 1383 679 benigna·

390 679 591 756 conoederet,
607 689 703 766 atque
726 691 854 766 praeter
876 677 939 743 alia
959 679 1091 743 minoris
1111 681 1258 744 momenti
1274 682 1383 766 profi

390 779 545 846 eximium
567 779 662 868 plane
683 792 717 845 et
736 803 810 846 rere
833 780 965 846 unicum
986 783 1191 870 necopinanti
1210 782 1279 846 mibi
1294 783 1386 846 siim

389 885 689 950 subministraretur.
737 883 925 971 Kopitarius
939 884 1036 963 enim,
1051 904 1215 973 supremus
1227 885 1384 951 amoma

389 987 649 1054 Vindobonensis
675 1001 791 1064 custos,
815 986 993 1075 Boettigeri
1017 988 1164 1076 precibus
1189 1003 1343 1054 commotis
1356 1015 1386 1053 rs.-

389 1089 495 1155 dicem
520 1090 597 1154 olim
628 1089 937 1168 Laurishamensem,
966 1113 1054 1156 nunc
1079 1089 1346 1167 vindobonam
1362 1115 1383 1155 e:

389 1212 455 1280 quo
480 1195 668 1282 Grynaeum
692 1192 836 1279 quinque
859 1205 1046 1279 postremos,
1069 1194 1127 1280 qui
1149 1207 1315 1280 supersunt,
1333 1193 1387 1258 int

389 1293 486 1361 libros
511 1297 649 1382 primum
675 1294 838 1382 eurigame
863 1308 997 1373 constat,
1022 1296 1132 1362 denuo
1156 1310 1383 1383 pessumis

390 1412 486 1486 atquc
505 1421 571 1464 non
588 1399 690 1464 solum
711 1418 839 1464 omnem
858 1398 1033 1464 lectionum
1047 1399 1242 1476 varietatem,
1256 1400 1387 1464 saner·

388 1499 520 1567 borchio
549 1502 753 1590 cupidissime
784 1502 970 1588 expetitam,
1003 1501 1177 1589 diiigenter
1204 1503 1386 1580 enotsritsei

389 1605 487 1670 etiam
509 1605 643 1671 subinde
669 1627 727 1692 per
750 1604 898 1691 epistolas
920 1626 941 1668 a
962 1626 1015 1669 me
1038 1619 1168 1691 rogatus
1191 1606 1232 1670 de
1253 1606 1322 1672 lotis
1338 1630 1387 1671 nu·

388 1707 541 1794 pluribus,
571 1708 627 1794 qui
664 1707 803 1794 aliquam
838 1706 993 1771 haberent
1024 1707 1266 1787 dubitationem,
1293 1711 1385 1775 mdc

387 1809 474 1875 lectu
488 1809 709 1875 difficillimum
729 1811 846 1876 iterum
868 1811 1047 1898 iterumque
1069 1811 1233 1877 consuluit
1250 1827 1281 1878 et
1297 1813 1388 1898 siguis

387 1911 549 1977 literarum
564 1913 670 1999 apices
684 1914 817 1978 rimatus
829 1926 877 1978 est
882 1919 914 1978 ¹¹.
951 1911 1012 1979 His
1027 1915 1128 2001 ign'tnr
1141 1917 1301 2002 praesidiis
1309 1916 1388 1979 udum
1407 1954 1409 1998 ς

389 2015 490 2092 effeci,
507 2026 551 2092 ut,
568 2037 669 2102 quum
687 2029 811 2081 textum
834 2040 854 2081 s
874 2017 1142 2083 Drakenborchio
1164 2019 1207 2083 ad
1226 2021 1344 2084 ratimes
1355 2020 1409 2108 cri-J

389 2117 467 2182 tices
496 2117 703 2183 constitutum
729 2119 765 2182 in
789 2119 893 2206 prima
913 2119 1071 2206 tertiaque
1093 2120 1220 2186 decade
1244 2145 1283 2188 es
1304 2110 1409 2186 amm!

387 2215 576 2306 pierumque
599 2221 757 2285 sententia
778 2222 893 2308 passim
917 2222 1119 2300 correxerim,
1142 2225 1181 2287 in
1204 2238 1310 2312 quarta
1324 2232 1409 2297 nass!

388 2320 518 2398 decade,
552 2321 633 2387 libro
670 2324 868 2410 potissimum
904 2325 1064 2390 tricesimo
1102 2327 1212 2406 tertio,
1245 2351 1280 2393 sc
1310 2323 1390 2390 deno

387 2422 518 2511 quintae
533 2424 667 2491 dimidia
683 2439 783 2513 perte,
798 2428 863 2491 sive
883 2427 1029 2492 codicum
1045 2427 1293 2517 Bambergeusis
1308 2444 1332 2493 st
1342 2426 1389 2487 in·

387 2525 580 2593 dobonensis
608 2528 838 2606 auctoritatem,
864 2530 929 2593 sive
954 2531 1160 2596 coniecturae
1192 2532 1389 2620 prebendae

387 2642 523 2708 secutus,
547 2629 624 2695 locis
646 2630 812 2717 permultis
834 2632 1046 2719 suppleverim
1069 2644 1173 2720 atque
1199 2632 1387 2701 emendarem

388 2729 528 2797 Ernestii
555 2732 654 2798 editio
680 2756 699 2798 a
728 2756 780 2798 me
805 2736 970 2822 recognita
993 2759 1109 2801 novam
1136 2738 1245 2804 veluti
1268 2738 1389 2804 moos

386 2832 537 2899 familiam
570 2834 676 2901 ducat.
725 2834 824 2910 Quod
856 2860 966 2924 quum,
997 2840 1098 2905 tribus
1131 2841 1287 2909 editionis
1312 2853 1387 2904 nous

385 2934 599 3003 voluminibus
611 2938 786 3027 evulgatis,
807 2939 949 3005 Tafelius
970 2941 1195 3022 intellexisset,
1218 2940 1387 3011 meroensifi

387 3034 480 3101 Livio
499 3038 626 3105 edendo
649 3040 694 3104 ita
716 3042 843 3106 navavit
862 3065 1001 3130 operam,
1020 3055 1057 3108 ut
1075 3044 1238 3114 lectiones
1259 3048 1387 3136 optines

386 3140 523 3206 maxime
544 3142 708 3230 genuinas,
725 3166 804 3231 quas
825 3166 892 3210 non
913 3168 955 3211 ex
976 3147 1143 3213 codicibus
1157 3146 1388 3237 namucense

386 3239 629 3310 Vindobonensi
650 3248 840 3333 promiscue,
856 3248 891 3313 id
908 3249 996 3336 quod
1015 3248 1068 3315 ilie
1083 3250 1165 3317 biso
1186 3256 1325 3342 opinsms
1337 3245 1387 3315 esi,

384 3344 441 3409 sed
459 3368 500 3410 ex
518 3345 585 3412 solo
600 3345 830 3437 Bambcrgensi
852 3351 967 3438 petitas
988 3374 1064 3429 esse,
1081 3366 1149 3418 tam
1171 3377 1230 3421 res
1249 3358 1316 3443 ipss,
1326 3366 1386 3437 qum

420 3612 447 3646 rr
466 3598 526 3655 Quo
544 3596 621 3661 magis
637 3604 720 3647 autem
741 3598 894 3661 Kopitsrius,
925 3600 1016 3663 grades
1032 3603 1259 3662 reconciliatorem.
1272 3602 1322 3653 nbi
1333 3594 1385 3658 ἦῆ
1407 3591 1408 3624 ³

386 3660 444 3710 iicet
457 3663 545 3710 iterate
559 3662 651 3711 codicis
665 3662 827 3725 antiquissimi
844 3664 894 3711 ool·
926 3665 999 3724 mvit,
1010 3667 1053 3713 sed
1067 3668 1100 3714 sd
1113 3666 1234 3720 bbrsrise
1242 3669 1385 3718 Weidwffl

386 3726 446 3775 latio
467 3741 516 3773 non
540 3727 616 3789 plane
640 3742 822 3790 supervacanee
842 3742 894 3776 eme
926 3743 988 3790 quae
1004 3730 1127 3793 octoginta
1144 3742 1245 3796 septem
1259 3728 1382 3795 imperie'flf
1407 3759 1408 3792 ι

387 3790 505 3849 sidenem,
516 3789 563 3838 hoc
580 3790 660 3839 officio
679 3806 729 3840 non
746 3806 787 3838 me
804 3792 893 3853 solum,
925 3792 998 3841 huius
1013 3794 1048 3841 rei
1064 3801 1198 3857 sumptum
1215 3797 1318 3860 erogem
1328 3801 1382 3853 effi*
1407 3795 1408 3806 ¹

385 3854 428 3901 sed
438 3867 523 3902 omnes
534 3853 632 3902 omnino
644 3855 708 3903 Livii
720 3860 841 3903 amatores
851 3856 893 3903 ob-
926 3857 1047 3905 ostionem
1059 3860 1192 3920 pertinere.

385 3916 491 3976 strinxit,
499 3932 529 3965 eo
540 3918 663 3966 lubentius
675 3918 798 3981 profiteor,
806 3920 890 3968 verba:
959 3934 987 3968 rs
1005 3921 1037 3969 In
1049 3922 1213 3974 Pmefstious
1225 3924 1293 3980 enin,
1302 3924 1381 3968 mens

385 3980 548 4029 “mercedem
566 3980 757 4044 haudquaquam
777 3997 891 4045 spernen-
923 3984 1379 4052 ιιίιι)ιιιιείὶιιι,1ιιιιιειιοιίριὶῑε*Ὦωε

384 4042 443 4091 dam
471 4058 527 4092 cum
555 4044 690 4107 bibliopola
722 4046 892 4095 liberalisssmo
925 4048 1005 4096 lucem
1030 4050 1197 4115 Kreyssigiua
1220 4055 1255 4100 sir
1271 4045 1382 4107 (tarmis
1407 4081 1408 4084 =

384 4112 499 4167 pactus,”
519 4122 583 4169 quse
607 4108 632 4157 in
656 4108 770 4159 editionis
794 4111 893 4160 maioris
924 4114 1053 4175 postremis
1079 4114 1191 4176 quinque
1217 4116 1280 4164 binis
1301 4128 1313 4159 e
1332 4104 1380 4153 (ΑΒ

385 4172 536 4245 pmefadme
557 4187 581 4234 p.
601 4187 624 4237 9.
646 4174 768 4236 leguntur,
789 4190 839 4223 non
861 4177 894 4223 sd
927 4176 1101 4239 Bsmbergensi
1140 4186 1218 4242 atque
1248 4175 1379 4226 Ῡιιιιὶοδῠῦαι

383 4246 438 4280 erus
456 4233 666 4297 vituperationem,
677 4238 703 4286 id
718 4240 784 4299 quod
800 4254 827 4287 se
842 4254 893 4288 sus
925 4241 1046 4289 effusurus
1061 4242 1102 4302 εἰ,
1117 4258 1149 4291 ex
1166 4246 1213 4303 his,
1229 4256 1289 4304 quse
1303 4239 1340 4285 ‘nm
1351 4242 1380 4290 F*

385 4294 459 4355 picari
474 4310 517 4355 per
528 4297 654 4347 Graefium
667 4314 760 4359 meum,
771 4303 892 4363 optimum
924 4305 992 4364 tulit,
1002 4307 1069 4354 laete
1078 4308 1199 4370 suspicari
1209 4308 1288 4355 lieet-'⁸
