2934 4800
251 240 775 316 MANUSCRIPTORUM
808 249 954 317 LIVII.
1062 258 1124 319 421

423 579 479 646 Ad
494 582 592 648 finem
607 583 681 651 libri
696 585 776 652 VII.

115 743 308 809 Emendavi
360 744 581 812 Nicomachus
656 751 810 837 Explicit
840 754 924 822 liber
951 757 1120 843 septimae.

59 844 196 909 monn
221 846 289 910 nn
307 848 385 912 mn
405 858 464 913 nr.
487 849 580 934 eres.
614 851 797 918 naneae
811 853 1033 922 neemia
1043 845 1123 923 rt,-

58 948 138 1010 crb.
157 949 252 1031 apud
264 948 416 1014 Hennam
437 951 481 1014 ab
492 951 582 1049 prbe
614 954 730 1018 oiannn
758 955 827 1021 Titi
850 958 940 1022 Lioii
963 957 1014 1023 ici
1030 958 1121 1044 pref.

58 1049 228 1112 eonditor.
267 1049 472 1116 Victorianus
493 1055 579 1118 VIC.
614 1055 704 1118 urbis
725 1059 817 1142 apud
834 1057 956 1125 Heniia
978 1059 1021 1124 ab
1043 1062 1123 1127 orbe

57 1153 87 1232 l.
124 1135 247 1236 Π)
274 1154 482 1220 ernendabam
508 1155 580 1220 Do·
613 1158 710 1254 Q
738 1159 944 1225 Victoriannr
972 1146 1119 1250 VffC‘ss.

57 1258 150 1322 ornis
168 1257 379 1342 Symmaclio.
397 1257 479 1321 liber
501 1256 576 1322 VII.
618 1258 652 1322 V.
673 1259 724 1341 C.)
749 1261 956 1326 emendabam
979 1265 1121 1331 Domnie

56 1358 218 1443 explicit.
241 1357 367 1444 Incipit
377 1358 461 1422 liber
479 1357 574 1422 VIII.
610 1359 824 1445 Symmaclie.
875 1362 1000 1451 Incipit
1037 1367 1121 1433 liber

56 1461 234 1526 Feliciter.
620 1462 716 1527 VIII.

405 1786 459 1851 Ad
475 1787 573 1854 finem
588 1788 662 1855 libri
679 1788 777 1856 VIII.

107 1954 295 2022 Emendavi
306 1953 416 2052 ἔξεο.
441 1955 575 2020 Flaoia-
650 1958 807 2044 Explicit
833 1959 916 2024 liber
947 1960 1044 2025 VIII.
1069 1962 1118 2025 in-

54 2081 127 2124 m
153 2058 189 2123 n
206 2057 284 2122 nni
310 2057 409 2122 nnc
423 2056 458 2142 (ι.
485 2043 574 2142 Vc)
607 2061 689 2147 epe
704 2061 788 2125 noer
810 2060 927 2125 nnn.

55 2171 117 2226 ter
134 2160 248 2246 praef.
270 2158 340 2223 nrb.
362 2162 455 2244 apud
473 2161 577 2226 Term.

57 2262 95 2345 (l.
131 2259 259 2347 Henn.)
295 2261 339 2324 ab
372 2263 452 2326 nrbe
484 2264 576 2327 cond.

65 2364 279 2430 Victorianus
307 2349 406 2431 Π.
431 2367 577 2433 emenda·

60 2469 142 2533 bam
182 2468 322 2533 Domnis
361 2470 573 2554 Symmaclie.

58 2571 123 2635 lib.
166 2569 264 2635 VIII.
302 2571 422 2655 explic.
459 2571 576 2655 incipit

67 2671 193 2736 VIIII.

420 2895 475 2960 Ad
490 2894 589 2962 finem
604 2896 679 2963 libri
694 2897 758 2963 IX.

117 3061 322 3125 Wctoriannr
334 3044 575 3127 V-C’aemenda·
659 3062 726 3128 Titi
746 3062 833 3126 Livii
853 3062 896 3127 ab
919 3062 998 3127 arbe
1022 3063 1113 3128 cond.

64 3163 141 3227 barn
177 3162 317 3227 Domnie
358 3164 572 3250 Symmaclin.
607 3165 690 3229 liber
715 3162 835 3227 VIIII.
857 3164 1004 3249 explicit.
1043 3165 1116 3229 Vic-

69 3265 141 3329 mn
166 3266 244 3330 nen
270 3267 313 3330 an
339 3266 419 3331 orne
444 3267 573 3331 canna
605 3268 752 3331 ornan
774 3249 867 3331 coi
883 3266 980 3347 (rorte
1006 3254 1115 3351 Πῖ)

64 3368 123 3431 lib.
161 3366 278 3431 VIIII.
315 3370 461 3454 explicit.
519 3367 575 3431 In·
607 3368 814 3432 emendabant
848 3368 990 3432 Domnic
1022 3371 1117 3457 Sym-

66 3470 149 3555 cipit
164 3468 218 3533 lib.
238 3470 281 3533 X.
287 3469 452 3554 feliciter.
609 3469 743 3533 enachin.
760 3470 877 3555 incipit
892 3469 975 3533 liber
990 3472 1035 3535 X.

67 3724 158 3790 Idem
174 3724 227 3790 hic
244 3724 346 3791 codex
362 3724 529 3790 Leidensis
551 3724 628 3789 olim
645 3723 789 3789 chifletii
809 3724 879 3801 fuit,
897 3725 932 3788 in
955 3724 1045 3789 cuius
1066 3726 1115 3790 bi-

66 3811 226 3877 bliotheca
248 3834 322 3876 eum
346 3812 426 3876 vidit
449 3834 485 3876 ac
506 3810 640 3875 versavit
669 3810 805 3875 Gottefr.
825 3808 1053 3877 Wendelinus:
1080 3813 1114 3877 in

67 3897 199 3962 Dissert.
216 3898 302 3962 enim
317 3897 358 3962 de
375 3897 484 3962 Natali
501 3896 585 3962 Solo.
595 3895 720 3983 Legum
741 3895 914 3961 Salicarum
934 3920 1001 3998 cap.
1019 3897 1113 3963 XVI.

90 3988 186 4049 .118.
212 3982 339 4049 eosdem
363 3982 522 4061 formulas,
548 4005 626 4070 quas
650 3982 690 4047 ad
714 3982 874 4069 plenorum
899 4006 939 4047 ue
962 3983 1115 4049 librorum

66 4007 152 4135 invii
166 4071 264 4135 finem
280 4069 314 4133 in
329 4084 436 4135 nostro
451 4070 560 4136 codice
576 4068 725 4155 ascriptas
745 4067 831 4145 dedi,
848 4092 889 4132 ex
913 4069 1004 4146 ibuit,
1026 4082 1115 4135 tanta

68 4158 149 4222 inter
165 4156 222 4221 hes
239 4170 273 4221 et
292 4154 359 4221 illas
379 4156 652 4233 similitudinem
671 4154 704 4217 in
725 4155 842 4241 opertis
861 4154 958 4219 etiam
979 4156 1113 4233 mendic,

69 4266 147 4329 quae
173 4266 213 4307 ex
238 4244 357 4308 librarii
382 4242 578 4309 aberratione
605 4255 697 4304 natae
723 4253 808 4317 sunt,
834 4253 1016 4317 constanter
1038 4265 1115 4306 con-

69 4331 210 4393 sentiant.
258 4328 369 4395 locosa
382 4344 489 4395 autem
505 4336 553 4393 est
566 4324 749 4390 Wendelini
764 4326 929 4410 expositio,
941 4349 1041 4413 quum
1056 4350 1116 4413 per
