2934 4800
473 173 797 242 KREYSSIGIL
1099 183 1163 246 ³43

74 311 272 379 bendum:
297 311 504 401 ‘Apollinem
518 313 751 403 Latonamque,
768 313 908 380 Dianam
924 324 959 379 et
973 311 1160 394 Herculem,

73 398 799 573 &murmurastis
805 399 1160 556 1119..ἶίὲίῗέἕὲ

72 507 257 637 boionius
270 509 313 636 ὦ
327 571 398 638 Liv.
414 570 459 638 Π,
475 577 528 638 tl.
544 578 571 638 1.
587 571 688 672 etlib.
704 571 746 638 V.
762 574 811 642 17.
825 579 854 639 9.
870 573 1006 652 monuit,
1019 573 1055 638 in
1068 573 1158 642 hunc

72 671 251 724 nostrum
272 657 390 736 locum,
414 681 479 746 quo
501 680 568 724 non
591 671 661 738 tna,
681 671 718 724 ut
741 657 795 724 lib.
816 659 988 725 XXXIII.
1006 663 1059 726 25.
1076 665 1106 726 b
1122 673 1158 728 et

74 743 175 822 alibi,
193 744 264 809 sed
282 743 375 832 plura
392 745 571 832 iunguntur
583 745 734 823 subiecta,
750 768 809 834 per
827 745 917 833 paria
933 745 1019 812 inter
1036 769 1070 812 se
1089 747 1157 814 dis·

75 829 396 931 tinguendshaud
411 831 740 982 ffladraregidegtur.
785 830 970 983 Denique:li
962 844 999 897 ut
1017 855 1078 933 nec
1092 829 1155 900 hcc

73 929 265 1081 ffiffi
279 919 1154 1093 &zwofflaqgtossiserssptssfflmmffl

75 1087 1154 1244 2353?ltssml‘ttt‘ltl‘ltltttttltlit‘stt:

75 1273 179 1348 parte
203 1199 529 1327 sallempdonlinnant
542 1201 731 1328 serll’entiaiir
748 1262 884 1352 Dukeri,
898 1226 997 1329 cuius,
1007 1201 1087 1330 liaeo
1104 1277 1154 1330 est

78 1347 123 1412 ad
137 1347 176 1414 h.
195 1348 222 1414 l.
242 1361 338 1414 notar
359 1349 505 1414 ‘Viactir
562 1371 644 1436 oque
657 1351 787 1436 dempto
802 1351 837 1414 ia
851 1371 908 1416 eor
921 1351 992 1414 dier
1005 1349 1149 1436 vincula]

79 1433 188 1499 ‘Hoc
207 1434 423 1500 Casaubonus
442 1433 483 1498 ad
529 1445 592 1499 uet.
613 1433 684 1499 Tib.
704 1457 731 1500 c.
749 1438 800 1500 61.
816 1433 859 1499 de
878 1435 927 1512 iis,
946 1433 1004 1521 qui
1021 1435 1151 1522 publice

79 1520 217 1586 ‘vincti
236 1532 337 1598 erant,
351 1519 479 1586 videtur
491 1520 643 1608 accipere.
689 1519 842 1586 Fortassis
860 1520 902 1585 sd
921 1541 1021 1586 nexos
1040 1520 1082 1586 ob
1095 1543 1151 1588 aes

81 1605 262 1708 ‘alienum
287 1607 490 1707 pertinetlet
512 1605 770 1708 adraligionem,
790 1629 855 1694 qua
875 1605 956 1674 haec
977 1627 1065 1672 sacra
1085 1608 1152 1696 pri·

82 1699 215 1758 ‘vatim
234 1692 393 1758 celebrata
405 1693 500 1758 fisse
515 1692 595 1757 drc1t
608 1691 740 1758 Lruua'

128 1778 210 1880 lam
239 1801 329 1880 vero,
350 1801 392 1880 ne
410 1777 539 1880 'diutius
565 1777 624 1856 Te,
649 1777 766 1880 Amice
792 1777 993 1859 suavissime,
1019 1778 1055 1844 in
1079 1779 1151 1882 ipso

83 1865 253 1952 eputolae
282 1887 440 1953 pnnctpto
469 1885 582 1942 morer,
609 1864 650 1930 ad
679 1864 742 1930 ahs
770 1887 910 1953 pergam,
936 1865 1038 1932 multo
1062 1865 1149 1944 Trbr,

86 1975 107 2014 o
130 1951 223 2054 inor,
237 1951 428 2053 iucundiora
440 1964 474 2016 et
490 1951 705 2052 exoptatiore..
745 1950 856 2052 Quum
877 1951 965 2016 enim
986 1974 1028 2018 ex
1048 1951 1150 2018 literis

87 2121 166 2223 a
188 2036 953 2226 tuirstatt-taumatia?
966 2037 1150 2211 lau

88 2209 512 2362 ttffitl‘ttlttt
525 2209 637 2362 lt?
638 2231 680 2360 ⁵1³0
689 2222 1001 2362 miliniam
1023 2209 1149 2362 itit

92 2404 185 2449 cerer
215 2406 353 2471 usquam
383 2394 418 2448 et
445 2381 481 2448 in
505 2381 594 2448 Tuos
619 2317 798 2449 umpemm
813 2343 916 2449 'textu
941 2381 1148 2449 Drakenbor-

92 2466 213 2537 cbiano
249 2470 437 2548 conferrem,
473 2468 555 2533 nihil
590 2468 706 2556 reliqui
741 2469 924 2535 laciendum
958 2468 1146 2536 existimari.

95 2554 274 2644 Postquam
288 2557 386 2643 igitur
401 2554 563 2643 Spohnius
572 2554 804 2621 eruditissimus
813 2554 958 2641 mihique
968 2554 1148 2621 canssimus

94 2661 145 2705 me
159 2666 222 2730 per
234 2643 343 2708 literas
353 2641 514 2719 docuerat,
526 2663 597 2707 eom
612 2641 648 2705 in
660 2639 906 2728 locupletissima
918 2639 1054 2706 Senatus
1067 2638 1146 2728 Lip-

97 2727 209 2795 aiensis
233 2728 427 2796 bibliotheca
447 2728 606 2806 asservari,
629 2728 698 2793 sine
721 2748 812 2792 mora
833 2725 899 2791 adii
922 2724 1144 2806 Bliimnerum,

95 2814 200 2880 virum
225 2816 305 2881 iuria
329 2812 597 2881 consultissimum
622 2826 718 2901 atque
742 2813 783 2878 ad
806 2813 905 2879 bonas
926 2812 1043 2892 literas,
1089 2837 1146 2880 uas

98 2898 243 2967 doctrina
256 2914 358 2980 omst,
370 2924 500 2990 quoquo
514 2898 610 2967 modo
625 2899 777 2965 iuvandas
789 2898 1030 2987 paratissimum.
1111 2900 1146 2975 ui

98 2987 229 3071 quidem
243 2989 390 3076 precibus
404 2989 484 3054 meis
497 3010 538 3053 eo
551 2986 673 3051 facilius
687 2986 811 3064 annuit,
822 3010 887 3074 quo
901 2986 974 3051 ben'
1022 2986 1070 3052 ‘us
1080 2987 1145 3053 ism

100 3086 191 3141 antea
204 3074 291 3141 Livii
305 3074 449 3140 codicem
467 3074 744 3140 membranaceum
763 3095 805 3138 ex
823 3072 937 3139 eadem
954 3073 987 3140 br
1008 3072 1146 3139 liotbeca

100 3178 225 3227 mecum
240 3161 535 3227 communicaverat.
581 3159 640 3226 Eat
658 3172 766 3225 autem
784 3159 839 3225 ille
858 3160 926 3246 ipae
944 3158 1048 3225 codex
1065 3159 1146 3246 Lip-

101 3245 217 3325 siensis,
234 3270 276 3313 ex
293 3270 358 3335 quo
375 3246 657 3313 Drakenborchius
675 3245 753 3311 olim
771 3268 830 3334 per
843 3244 1036 3332 Longolium
1052 3257 1146 3332 qust-

103 3339 171 3398 tuor
217 3333 337 3399 riorum
362 3334 513 3401 librorum
536 3344 688 3419 excerpto
712 3355 767 3397 acc

767 3332 870 3397 eisse
894 3354 928 3397 se
951 3330 1147 3431 praedicavit

103 3427 173 3484 tom.
280 3442 312 3507 p.
329 3424 402 3485 32³.
417 3442 464 3507 sq.
481 3431 516 3484 et
529 3441 626 3507 quem
640 3430 752 3505 postea
766 3354 942 3493 lineum,
958 3416 992 3481 rd
1006 3416 1096 3503 quod
1108 3417 1145 3481 in

105 3506 292 3588 praefatione
307 3505 401 3571 Livio
403 3506 585 3656 Kraemissa
599 3527 629 3593 p.
647 3510 676 3571 9.
692 3527 740 3592 sq.
755 3503 931 3591 profitetur,
987 3502 1074 3566 nitus
1088 3523 1146 3566 ex-

105 3609 247 3657 cussurus
271 3607 348 3658 erat

106 3677 244 3766 scriptus,
274 3679 331 3765 qui
359 3700 433 3743 cum
462 3690 554 3743 textu
581 3676 710 3765 vulgato
738 3674 923 3828 diffluum
954 3672 1146 3752 conferatur,

473 3614 515 3657 ue
539 3590 656 3679 dignus
684 3612 760 3657 sane
786 3602 835 3654 est
859 3588 912 3655 bic
964 3588 1022 3655 ber
1048 3609 1147 3653 manu

107 3782 200 3847 quum
224 3762 400 3853 Longolius
422 3764 457 3830 in
482 3763 638 3852 prioribus
660 3762 749 3829 libris
857 3782 985 3861 prorsus
1006 3774 1147 3847 praeten-

107 3849 230 3929 nlserit,
246 3849 307 3916 alia
327 3872 394 3915 non
415 3849 490 3915 satis
511 3862 656 3915 accurate
678 3849 901 3935 assignarent,
920 3858 1016 3934 atque
1038 3846 1074 3911 in
1096 3868 1147 3912 re·

108 3930 195 4021 liquis
214 3938 311 4002 etiam
329 3937 383 4002 hic
397 3936 510 4014 codex,
524 3949 650 4024 praeter
670 3934 836 4021 ingentem
854 3931 1029 3998 lectionum
1043 3933 1147 3997 vanis-

108 4019 250 4089 simarum
269 4023 469 4111 farraginem,
483 4023 597 4110 probas
617 4019 788 4085 nonnullas
806 4033 838 4085 at
858 4020 989 4085 minime
1004 4030 1148 4084 contem·

110 4110 222 4175 nendas
255 4110 368 4175 offerre
398 4109 551 4174 videatur.
599 4107 712 4183 Quum
744 4106 831 4171 enirn
862 4106 927 4171 ism
959 4106 994 4169 in
1025 4104 1148 4193 aliquot

110 4188 216 4261 Iustini
238 4195 401 4261 codicibus
422 4195 561 4261 melioris
581 4206 677 4260 notae
699 4214 766 4259 non
787 4192 856 4258 sine
874 4192 981 4257 fructu
1001 4191 1149 4280 pervolu-

112 4282 206 4349 tandis
236 4282 410 4371 plurimum
439 4280 554 4348 laboris
581 4304 617 4347 ac
645 4280 742 4347 taedii
768 4279 979 4357 exhauserim,
1005 4278 1149 4346 codicem
