2934 4800
363 216 462 285 LIB.
485 216 610 285 XLIV.
644 218 757 285 CAP.
781 224 834 285 46.
1063 223 1121 288 171

70 377 188 420 mann:
212 352 311 420 simul
331 368 370 419 ut
392 353 536 419 Sinticen
557 366 722 433 evastaret,
741 368 774 421 et
797 354 838 421 ad
862 376 973 421 omnes
994 370 1126 421 conatus
1137 362 1171 413 U·
1182 362 1212 413 ⁰·
1228 362 1284 427 684·

50 442 154 528 eregis
169 441 406 529 impedimento
421 452 511 506 essct.
556 439 647 507 Inter
665 442 745 507 haec
761 440 924 507 Meliboea
942 465 962 507 a
982 442 1045 509 Cn.
1060 426 1166 509 00-ss
1182 428 1213 479 ⁰·
1229 426 1286 481 ¹⁶⁸·

71 528 155 592 tario
185 528 314 615 capitur
339 526 571 614 diripiturque:
603 526 645 593 ad
668 526 856 615 Aeginium,
882 528 923 594 sd
950 528 1037 617 quod
1067 551 1126 617 op-

70 613 283 701 pugnandum
316 612 381 679 Cn.
406 614 542 677 Anicius
572 612 697 701 legatus
728 615 841 680 mimus
874 626 951 693 erat,
981 614 1124 693 ducenti,

71 700 241 787 eruptione
263 722 306 764 ex
327 699 448 787 oppido
467 700 561 776 facta,
581 700 688 765 amissi
708 712 794 779 sunt,
815 700 932 789 ignaris
948 701 1125 789 Aeginien-

72 787 156 851 sibus
178 785 377 851 debellatum
402 808 480 851 esee.
527 785 661 864 Consul,
679 809 700 851 a
720 786 837 876 Pydna
858 787 1027 875 profectus,
1050 810 1124 853 cum
1133 806 1226 857 Gonni

73 886 139 937 toto
159 872 307 937 exercitu
323 872 378 937 die
397 872 497 937 altero
511 872 633 938 Pellam
654 874 820 961 pervenit:
844 888 886 951 et,
902 896 1003 963 quum
1023 888 1125 939 castra
1133 871 1231 947 netum
1243 888 1282 921 '⁰-

73 959 158 1023 mille
186 980 300 1045 pamas
324 957 401 1023 inde
426 960 591 1047 posuisset,
617 982 676 1047 per
700 959 822 1047 aliquot
847 958 916 1025 dies
941 960 986 1025 ibi
1012 940 1178 1027 sutivam‘·

73 1044 194 1122 habuit,
220 1044 318 1109 situm
344 1044 431 1110 urbis
456 1045 599 1133 undique
628 1046 804 1133 aspiciens3
836 1068 932 1135 quam
958 1070 1024 1113 nou
1054 1048 1124 1113 sine

74 1154 166 1195 causa
179 1130 338 1196 delectam
356 1154 424 1197 esse
443 1132 563 1219 regiam
582 1130 728 1197 advertit
775 1132 844 1199 Sita
863 1147 912 1199 est
933 1134 967 1197 in
990 1133 1124 1211 tumulo,

56 1200 225 1311 {vergente
240 1218 276 1282 in
290 1217 490 1283 occidentem
504 1218 683 1283 hibernum.
724 1217 871 1307 Cingunt
885 1218 1018 1307 paludes
1033 1220 1124 1284 inex-

75 1302 262 1391 superabilis
281 1303 460 1369 altitudinis
480 1317 599 1369 aestate
620 1318 655 1369 et
673 1305 791 1385 hieme,
809 1327 889 1393 quas
908 1318 1125 1393 restagnantes

57 1389 196 1461 siaciunt
208 1389 306 1455 lacus.
351 1390 392 1455 In
409 1391 478 1477 ipsa
491 1390 618 1479 palude,
633 1412 699 1491 qua
717 1392 863 1478 proxima
877 1392 949 1455 urbi
964 1404 1021 1469 est,
1038 1390 1125 1455 velut

55 1476 188 1554 simula,
213 1476 344 1554 eminet,
370 1478 477 1564 affieri
505 1476 609 1565 operis
637 1478 777 1579 ingentis
808 1476 973 1565 imposita:
1006 1476 1062 1565 qui
1092 1490 1126 1543 et

76 1584 202 1627 murum
232 1563 396 1641 sustineat,
425 1578 460 1627 et
489 1562 623 1629 humore
652 1562 859 1629 circumfluae
890 1562 1015 1650 paludis
1043 1562 1125 1628 nihil

76 1647 227 1713 laedatur.
274 1647 372 1714 Muto
395 1649 482 1715 urbis
504 1648 676 1715 coniuncta
697 1649 809 1737 procul
832 1647 966 1713 videtur.
1013 1648 1125 1715 Divisa

59 1748 123 1807 rest
142 1734 342 1799 intermurali
359 1735 455 1814 amni,
471 1748 505 1799 et
523 1734 636 1800 eadem
698 1748 754 1801 nte
775 1735 901 1801 iuncta:
926 1748 962 1801 ut
981 1758 1051 1813 nec,
1067 1758 1124 1825 op-

58 1833 241 1908 tpugnante
263 1834 407 1899 externo,
431 1821 554 1887 aditum
576 1822 617 1887 ab
640 1757 705 1888 ullis
726 1835 816 1909 parte
841 1820 974 1899 habeat3
1002 1843 1072 1899 nec,
1096 1823 1124 1887 si

58 1930 173 1993 uquam
188 1908 235 1972 ibi
253 1906 480 2009 rex-includat,
495 1908 596 1972 ullum
616 1908 677 2008 nisi
686 1930 756 2009 'per
774 1906 940 1973 facillimae
960 1908 1123 1974 custodiae

78 1993 1123 2168 illildlssl'fflfflifflliss‘dlllidllss

79 2164 195 2230 deinde
218 2178 344 2231 retenta
359 2165 495 2243 fuerant,
514 2166 682 2231 inventum
703 2178 760 2231 est.
806 2166 870 2231 Per
890 2190 971 2255 quos
992 2166 1061 2232 dies
1081 2165 1124 2232 ad

81 2251 199 2316 Pellam
219 2253 334 2317 stativa
345 2252 485 2331 fuemnt,
499 2252 674 2353 legationes
759 2266 880 2329 nentes,
896 2276 978 2339 quae
992 2252 1033 2318 ad
1051 2276 1124 2341 gra·

80 2338 245 2404 tulandum
259 2352 484 2418 convenerant,
499 2360 637 2404 maxime
651 2253 881 2418 exst'i'iessslia,
897 2338 1023 2406 auditae
1038 2352 1121 2406 sunt

82 2423 205 2490 Nuntio
230 2425 349 2491 deinde
378 2439 519 2514 accepto,
546 2425 663 2490 Persea
689 2424 926 2492 Samothracam
955 2427 1123 2502 traiecisse,
1133 2445 1233 2497 Deinde

81 2512 237 2597 proiectus
260 2534 281 2576 a
301 2511 392 2576 Pella
411 2511 521 2577 consul
542 2511 663 2599 quartis
685 2511 795 2577 casum
811 2511 873 2576 Am
897 2511 1030 2598 hipolim
1053 2511 1270 2598 ρετ-ΜΕΝ·

84 2598 175 2663 renit.
220 2597 332 2663 Effusa
345 2599 449 2663 omnis
463 2597 588 2664 obviam
604 2598 697 2664 turba
713 2597 815 2663 cuivis
832 2597 867 2661 in
891 2597 952 2662 'cio
966 2609 1044 2674 erat,
1060 2619 1125 2662 non

85 2818 217 2929 (trium
232 2817 364 2942 gendum
380 2817 513 2938 nedixit
522 2816 586 2928 dodi·
617 2815 1045 2940 &dilidduldlquimddiddd
1057 2816 1126 2939 ’dadi

84 2950 170 2993 mter
178 2945 236 2994 edd.
247 2959 332 2992 omnes
341 2945 407 3006 repis
416 2943 542 2993 exhibent.
617 2942 677 2990 dnm
684 2942 770 2992 adiicit
778 2941 883 2992 insulam
894 2943 974 3005 aggeri
985 2941 1125 3006 impositam

114 3009 485 3068 stamme-attamen]
504 3008 537 3056 ln
549 3022 585 3055 re
617 3010 690 3056 ens?
723 3007 822 3056 Iudicat
833 3007 915 3057 lector.
933 3007 1014 3058 Cass.

84 3069 174 3132 norun
184 3072 251 3120 inter
260 3071 412 3120 occidentem
424 3077 449 3120 et
459 3071 586 3120 meridiem
650 3069 666 3120 6
683 3071 732 3129 out
753 3079 777 3121 st
798 3087 895 3120 mursam
915 3072 1048 3132 mansu]
1076 3073 1125 3130 Qut

86 3134 159 3185 sitem.
169 3137 267 3185 Basca.
292 3135 410 3184 Similiter
416 3135 484 3198 apud
492 3135 585 3183 Herod.
618 3149 690 3196 agger
703 3141 728 3183 et
739 3151 837 3184 murum
847 3134 918 3193 arcis,
928 3134 979 3184 sive
989 3133 1084 3184 insulae
1095 3151 1125 3184 eo

87 3196 103 3246 i.
124 3213 176 3263 193,
200 3198 260 3262 :pte
279 3198 350 3257 ἥλων
369 3197 517 3261 remim
543 3197 588 3245 τὸν
617 3199 692 3245 modo
706 3205 820 3260 sumptae
834 3199 1125 3260 quosxponumuaau

88 3262 222 3324 xsuupvdr.
618 3263 704 3321 toust,
711 3269 736 3311 et
743 3265 843 3312 duston
852 3265 1016 3324 circumeas
1025 3265 1126 3326 paludis

119 3327 349 3390 tlmsupcradisu
357 3328 509 3386 altitudinis]
523 3326 588 3375 Vult
618 3327 684 3374 nitu
697 3327 817 3376 laedatur.
850 3327 966 3377 Ceterum
984 3341 1034 3375 non
1051 3325 1125 3376 facile

90 3387 168 3439 lirim
180 3392 287 3454 paludes
302 3391 355 3443 has.
369 3397 502 3466 propterea
521 3389 588 3452 quod
619 3389 786 3452 intelligimus,
802 3390 844 3452 qui
861 3391 943 3438 minus
958 3405 1030 3452 agger
1045 3390 1125 3438 laede·

90 3453 152 3502 lacus
175 3460 342 3517 restagnantes
367 3469 394 3502 m
421 3469 463 3503 ass
491 3469 588 3516 semper
619 3455 897 3528 raturabsquaquam
913 3467 987 3502 saxea
1001 3467 1126 3501 murorum

90 3533 171 3578 quam
191 3519 334 3577 infundunt,
352 3533 487 3592 nunquam,
505 3533 536 3566 ac
556 3533 588 3566 ne
619 3517 704 3566 moles.
739 3519 871 3566 videretur
892 3515 974 3578 potius
994 3515 1126 3564 dicendum

90 3581 532 3708 fflmfflmaendxlilfflmm
547 3597 589 3644 pe.
620 3579 1128 3704 idddiisdlliuiddidtdiddddliildempdiuffi
1162 3639 1170 3656 '

120 3712 221 3770 Ποία
246 3712 340 3768 meula,
364 3710 466 3769 emim]
501 3707 590 3758 Inserit
621 3709 741 3758 laedatur.
764 3709 1128 3770 Adenmsensumoptsremus

93 3771 224 3822 &monus
247 3788 332 3822 rocem
358 3790 407 3822 ors
427 3773 475 3820 hoc
498 3773 589 3821 modo:
621 3779 650 3820 ut
663 3771 738 3822 taeile
752 3772 836 3834 refingi
853 3775 952 3834 possent
966 3769 1031 3820 Livii
1046 3773 1127 3824 verbe.

92 3837 152 3885 reiut
181 3839 264 3887 imula
289 3840 379 3887 minat
404 3833 477 3900 (ars)
503 3837 589 3899 rpperi
620 3836 702 3886 cuv.

92 3903 164 3960 operis
176 3903 281 3962 lugeatis
295 3902 415 3963 inpositu-
448 3901 531 3961 Atque
540 3900 589 3949 hoc
654 3901 859 3961 71ntermurnti]
899 3899 957 3948 vox
989 3899 1125 3952 rarissima:

93 3963 488 4022 quidemclsrinsestdubitsmus
497 3969 590 4023 tamem
622 3961 691 4012 citius
709 3978 794 4011 sensus
812 3978 864 4012 esse
882 3962 985 4022 videtur,
1000 3964 1064 4013 inter
1082 3967 1126 4014 du·

93 4026 357 4078 mitadeden'tLiritra
377 4026 589 4089 landuinum&
622 4027 711 4089 plicam
726 4041 823 4076 murum
838 4027 939 4087 fluente,
948 4043 1045 4074 murum
1061 4029 1127 4078 urbis

93 4089 288 4141 turinterdmnco
317 4091 589 4153 usquoddsmaedifici·
621 4091 835 4141 etmurumareis.
852 4091 933 4141 Cast.

94 4167 158 4201 orum
167 4155 297 4205 interseeo
344 4154 590 4216 rentium,arcliquis
653 4156 668 4202 8
684 4155 787 4203 Aditum
802 4191 808 4204 .
821 4191 827 4206 .
839 4191 846 4204 .
860 4151 962 4216 Mbeat]
983 4153 1069 4204 Ullum
1085 4157 1127 4205 ha-

95 4217 202 4268 aadificiia
220 4219 327 4269 disisam
348 4234 393 4280 per
415 4218 481 4266 vicos
501 4218 590 4280 quibus
621 4219 678 4266 beat
689 4217 771 4265 locum
783 4233 827 4280 per
837 4233 910 4281 qnam
922 4217 982 4266 adiri
993 4219 1076 4280 possit.

96 4281 194 4344 undique
203 4285 313 4346 cingitur.
347 4281 442 4339 Quidni
457 4281 530 4344 igitur
541 4282 590 4330 ltoc
653 4283 828 4356 9Faeillimoe
849 4281 984 4340 emutire]
1009 4297 1042 4332 sc.
1063 4283 1129 4332 Pons

97 4344 143 4392 tere
159 4361 226 4396 sensu
242 4353 324 4397 moer
340 4346 383 4394 hic
399 4347 506 4395 insutum
525 4360 590 4394 sum-
622 4361 664 4408 qm
672 4345 789 4396 facillime
800 4345 916 4396 ctutodiri
928 4345 1016 4408 potuit.
1032 4345 1128 4394 nucu.
