2934 4800
378 259 472 326 am.
499 237 611 328 'xan
645 261 747 327 css.
772 267 822 326 es.
1068 265 1106 326 61

107 389 189 456 Belli
200 406 388 480 apparatum
401 419 466 460 non
477 396 688 462 differendum
700 411 899 463 censuerunt.
934 397 974 463 C.
982 395 1108 462 Licinio
1120 415 1153 465 υ.
1165 417 1194 467 c.
1211 417 1267 478 580·

66 479 197 576 praetori
216 480 386 568 negotium
407 482 510 560 datur,
526 497 563 548 ut
580 507 620 548 ex
639 484 799 549 veteribus
814 485 1108 572 quinqueremibus,
1116 481 1148 529 A.
1165 481 1195 530 ⁰1
1212 493 1268 542 ¹⁷²·

65 585 97 625 m
111 565 272 630 navalibus
288 567 415 634 Romae
430 569 601 648 subductis,
618 593 699 658 quae
722 586 851 659 possent
870 572 943 636 usui
964 595 1041 649 esse,
1056 595 1107 636 re·
1164 548 1215 612 27·

64 649 175 728 liceret,
198 667 392 742 pararetque
415 679 510 720 naves
531 657 608 744 quin
634 681 654 720 u
696 658 770 722 'uta
817 657 852 723 Si
894 657 950 722 uid
971 658 1014 722 ad
1032 681 1106 724 eum
1116 632 1257 746 {pllffl

65 758 226 835 numerum
247 741 448 827 explendum
465 741 597 820 deesset,
611 681 823 808 &addemme
840 681 978 832 cobegae
1001 745 1035 808 in
1056 744 1107 809 Si-

65 822 161 887 ciliam
177 827 343 905 scriberet,
359 843 395 892 ut
410 851 471 905 eas,
487 852 569 916 quae
584 830 618 893 in
636 829 744 896 Sicilia
757 854 852 896 naves
867 847 980 908 essent,
996 832 1108 896 relice-

64 925 117 1007 ret,
129 925 223 1008 atque
240 914 422 1000 expediret,
435 929 471 981 ut
482 915 687 981 Brundisium
702 918 805 1017 primo
820 942 947 1018 quoque
965 914 1106 1005 tempore

43 1009 142 1064 auum
156 1014 296 1083 possent.
347 1000 456 1066 Socios
470 1003 595 1067 navales
608 1002 747 1068 libertini
762 1003 881 1069 ordinis
899 1029 933 1069 m
947 1005 1058 1091 viginti
1074 1017 1107 1068 et

64 1082 199 1169 quinque
230 1109 332 1152 naves
358 1111 399 1153 ex
423 1089 545 1154 ¹civibus
570 1089 724 1154 Romanis
749 1088 788 1155 C.
807 1090 951 1156 Licinius
980 1105 1108 1178 praetor

64 1168 190 1233 scribere
206 1170 332 1238 iussus:
358 1177 391 1238 iu
406 1175 548 1263 quinque
563 1189 596 1240 et
610 1176 722 1264 viginti
738 1200 846 1264 parem
860 1200 1028 1242 numerum
1042 1177 1104 1242 Cu.
1118 1210 1120 1213 ·

67 1251 196 1353 Sicinius
217 1260 315 1324 sociis
338 1261 524 1348 imperaret:
549 1261 634 1327 idem
646 1278 776 1362 praetor
789 1263 933 1351 peditum
949 1278 1020 1328 octo
1035 1265 1108 1327 mil·

64 1339 112 1416 11³»
120 1343 373 1433 quadringentos
388 1349 512 1435 equites
525 1349 566 1413 ab
580 1350 671 1413 socirs
683 1349 793 1414 Latini
807 1351 944 1414 nominis
955 1351 1105 1437 exigeret

67 1424 157 1494 Hunc
167 1431 307 1498 militem
339 1434 374 1498 ui
383 1433 545 1499 Brundisii
554 1437 720 1534 acciperet,
731 1449 827 1522 atque
839 1436 872 1499 in
883 1435 1107 1501 Macedoniam

68 1513 205 1594 mitteret,
218 1519 262 1583 A.
272 1458 394 1586 Atilius
406 1519 567 1598 Serranus,
581 1544 636 1608 qu1
648 1522 752 1608 priore
767 1545 850 1587 anno
862 1522 1105 1608 praetoriuerat,

50 1598 215 1686 deligitur.
265 1606 332 1671 Cn.
346 1606 482 1672 Sicinius
522 1622 625 1672 raetor
646 1623 682 1672 ut
703 1609 877 1674 exercitum
899 1623 1043 1696 paratum
1066 1609 1107 1672 ad

71 1687 283 1756 traiiciendum
315 1693 455 1771 haberet,
511 1693 675 1782 ‚Popillio
700 1695 821 1760 consuli
851 1719 892 1760 ex
920 1696 1107 1761 auctoritate

71 1789 184 1840 senatus
200 1777 240 1843 C.
254 1779 404 1844 Licinius
425 1795 552 1868 praetor
572 1781 690 1860 scribit,
705 1797 742 1847 ut
765 1796 798 1846 et
819 1782 977 1869 legionem
992 1805 1106 1847 secuu-

50 1857 144 1937 sdan,
160 1885 241 1950 quae
265 1867 405 1932 maxime
427 1881 576 1932 veterana
596 1868 632 1931 in
654 1868 826 1956 Liguribus
850 1883 927 1946 erat,
950 1882 983 1933 et
1004 1869 1106 1935 socios

70 1943 169 2012 Latini
189 1953 333 2018 nominis
347 1967 497 2041 quattuor
518 1953 617 2018 millia
636 1955 792 2042 peditum,
811 1955 965 2020 ducentos
982 1956 1107 2042 equites

70 2028 172 2098 Idibus
185 2035 367 2106 Februariis
382 2039 544 2105 Brundisii
558 2040 665 2106 adesse
681 2042 813 2106 iuberet
861 2041 933 2107 Hac
954 2041 1051 2106 classe
1073 2055 1106 2107 et

70 2115 126 2183 hoc
147 2127 291 2192 exercitu
315 2125 376 2192 Cn.
395 2127 532 2193 Sicinius
557 2127 750 2214 provinciam
774 2127 999 2193 Macedoniam
1024 2129 1106 2192 obti-

71 2225 148 2304 pere,
163 2209 266 2278 donec
290 2237 450 2280 successor
463 2214 595 2292 veniret,
610 2215 720 2294 iussus,
742 2227 908 2302 prorogato
929 2215 963 2278 in
986 2237 1107 2279 annum
1152 2255 1156 2266 ι

70 2295 201 2379 lmperio.
249 2300 302 2366 Ea
322 2301 437 2379 omnia,
461 2323 542 2388 quae
564 2314 691 2366 senatus
712 2302 845 2380 censuit,
867 2301 944 2388 imp'
1023 2301 1107 2366 faeta

71 2392 145 2446 sunt
188 2383 520 2477 Duodequadraginta
561 2387 782 2477 uinqueremes
801 2412 843 2454 ex
863 2388 1028 2454 navarbus
1048 2387 1106 2453 de-

71 2462 192 2535 ductae:
217 2476 276 2561 qui
291 2474 464 2540 deduceret
478 2412 757 2554 easbrundisium,
769 2476 807 2542 L
818 2476 950 2541 Porcius
960 2474 1106 2565 Licinius

71 2559 277 2655 praepositis:
306 2561 474 2627 duodecim
490 2585 529 2627 ex
547 2561 655 2627 Sicilia
675 2563 796 2627 missae.
841 2561 897 2626 Ad
911 2562 1106 2625 frumentum

72 2635 152 2704 classr
166 2648 384 2734 exercituique
405 2648 615 2713 coemendum
637 2648 671 2711 in
695 2648 846 2735 Apuliam
863 2648 1105 2735 Calabriamque

73 2733 129 2789 tres
148 2727 241 2819 legati
264 2734 361 2813 missi,
380 2734 452 2800 Sex.
463 2734 614 2822 Digitius,
631 2734 669 2799 T.
683 2734 857 2811 Iuventius,
874 2734 922 2799 M.
936 2733 1103 2799 Caecilius.

74 2808 122 2874 Ad
142 2820 248 2885 omnia
268 2835 454 2971 praeparata
478 2820 539 2887 Cn.
558 2820 694 2886 Sicinius
717 2836 851 2909 praetor,
873 2820 1042 2910 paludatus
1063 2844 1105 2886 ex

72 2898 142 2963 urbe
155 2906 326 3003 profectus,
372 2908 547 2973 rundisium
563 2908 658 2972 venit

112 2983 206 3057 Entu
220 3016 321 3082 prope
337 2995 413 3059 anni
430 2993 468 3060 C.
482 2993 637 3081 Popillius
651 2994 760 3059 consul
776 2995 913 3059 Romam
932 2994 1027 3060 rediit
1048 2995 1106 3061 ali-
1162 3000 1213 3060 28.

73 3088 183 3153 quanto
196 3082 306 3158 serius,
323 3105 418 3168 quam
439 3096 565 3146 senatus
584 3096 768 3146 censuerat:
793 3082 846 3146 oui
882 3082 963 3146 rimo
977 3104 1104 3170 quoque

55 3162 205 3247 stempore
227 3169 427 3268 magistratus
447 3167 554 3245 creari,
571 3190 671 3255 quum
686 3181 809 3233 tantum
824 3105 941 3233 bellum
959 3169 1107 3233 immine·
1138 3219 1159 3276 ρ

56 3256 125 3321 Πθῒ,
139 3269 157 3311 e
171 3254 333 3341 republica
346 3256 449 3319 visum
468 3268 543 3319 erat.
589 3253 701 3342 Itaque
724 3277 789 3319 non
811 3254 958 3319 secundis
980 3255 1107 3319 auribus

75 3324 196 3401 Parrum
207 3340 335 3406 auditus
349 3355 397 3406 est
409 3340 529 3418 consul,
539 3364 640 3429 quum
654 3341 689 3405 in
703 3340 782 3406 aede
795 3340 946 3405 Bellonae
957 3340 998 3405 de
1013 3341 1107 3405 rebus

76 3528 118 3626 up
131 3518 207 3574 &sior
221 3527 335 3587 meaos]
359 3526 390 3575 cl
401 3526 473 3588 supr.
484 3526 517 3575 ix.
530 3526 568 3587 38.
600 3522 992 3639 meaim,go.11atinonignifieet
1003 3524 1107 3585 cleopa

114 3598 166 3647 ·49·
601 3602 710 3651 xxxin5
729 3626 736 3638 .

104 3648 174 3704 40¹³·
184 3654 292 3703 Sicinius
311 3662 411 3718 praetor
431 3661 460 3702 ut
480 3656 568 3705 casroi·
634 3652 985 3714 dimmiamampublioo]
1014 3651 1046 3699 Iu
1061 3655 1108 3700 ete·

78 3709 134 3769 tam]
161 3716 207 3773 Qut
228 3720 360 3769 exercitam
379 3719 452 3781 vulgo
474 3719 569 3781 legitur.
601 3723 712 3779 reotypa,
734 3732 808 3778 quam
830 3716 924 3778 paravit
946 3715 1109 3779 Kreyssigius,

79 3769 125 3825 0¹⁰
136 3785 264 3831 eternium
280 3798 311 3831 ex
328 3783 496 3832 emendatione
509 3784 569 3833 Gro
603 3782 710 3830 editione
731 3781 819 3843 legitur
838 3782 974 3831 immineret
993 3782 1109 3843 reipubli-

79 3844 384 3905 ”strenuissumus
569 3860 576 3873 ‘
602 3847 703 3905 oae,eed
715 3861 791 3909 quum
802 3845 855 3907 ipse
865 3846 1108 3907 poeteaemendatio·
1156 3852 1169 3861 ·

108 3906 166 3959 5Εἰ
182 3914 254 3960 wotos
271 3914 356 3961 Latini
373 3912 490 3971 neminie]
520 3912 570 3959 Pro
602 3925 659 3959 nem
679 3910 861 3959 Bekkerienam
879 3912 1022 3966 immineret,
1038 3927 1052 3958 e
1070 3926 1107 3959 re

80 3965 144 4038 ’πῖθ’
158 3970 284 4035 legendum
300 3975 390 4025 toeidm
406 3982 491 4024 monet
507 3974 569 4024 (iro
599 3976 699 4038 publica
717 3974 867 4037 probaverit,
883 3974 949 4022 haud
969 3974 1109 4021 dubitanter

80 4036 168 4093 Μῦες
183 4040 223 4087 sed
238 4041 374 4089 mutatione
386 4040 448 4088 nihil
462 4056 523 4103 opus
536 4055 571 4087 es·
603 4040 667 4087 banc
677 4039 807 4087 lectionem
817 4038 844 4086 in
855 4043 950 4087 textum
961 4036 1065 4098 reposui.

81 4100 476 4163 *θβθῐιιεπῑῦτενίειεῒῡηίωηὴ
494 4104 573 4153 Haud
638 4106 757 4164 7'Vt'mm
769 4105 834 4162 wat]
864 4102 930 4151 Olim
947 4102 1040 4148 ireseum
1055 4106 1110 4149 eret

82 4164 124 4202 soro
140 4176 168 4210 an
185 4170 256 4217 uetat
275 4183 319 4230 per
337 4168 515 4231 appositionem
534 4184 570 4215 re·
602 4168 642 4215 hic
656 4168 789 4229 legebatur,
798 4167 865 4227 qued
876 4162 999 4213 Crevierio
1010 4168 1035 4210 et
1047 4163 1110 4210 Dra-

83 4224 186 4295 ⁵PP¹¹deat
203 4233 440 4294 sequentimembro
456 4240 572 4295 quattuor
603 4230 753 4279 kenborchio
774 4231 918 4276 mendosum
937 4241 989 4273 esse
1007 4226 1110 4297 videtur.

82 4286 149 4352 ”idib
157 4296 271 4354 peditum
282 4302 307 4345 et
317 4298 402 4348 Latini
413 4298 517 4345 nominis
528 4310 571 4356 po·
604 4295 686 4342 Voces
696 4296 789 4341 iussum
800 4298 826 4339 et
836 4293 915 4338 ouum
925 4290 952 4337 in
964 4290 1112 4335 membranis

85 4346 132 4419 lup,
141 4368 208 4415 quam
218 4362 336 4411 minum
351 4376 439 4409 maren
454 4360 571 4420 scriptum
604 4356 701 4419 saepius
712 4359 901 4405 commutantur.

84 4406 153 4476 fumes
164 4428 188 4471 ut
198 4425 263 4485 quod
279 4424 343 4473 idem
356 4430 431 4485 atque
441 4440 472 4472 en
483 4424 573 4473 Latino
607 4426 612 4439 ¹
