2934 4800
385 192 450 253 302
769 180 884 250 ΤΙΤῙ
913 182 1049 251 LIVII

384 319 556 387 difficulter
579 318 676 385 etism
701 340 804 407 pauca
828 319 925 385 rerba
950 342 992 385 ex
1017 320 1119 385 tribus
1144 320 1228 385 versi
1341 320 1377 381 ’“ι
1408 330 1410 339 ’

385 407 528 494 margine
542 418 679 482 exstant,
693 405 873 493 quibusque
892 406 976 470 nihil
994 408 1251 495 suprascriptum
1267 342 1379 491 soffia:

386 516 452 581 quo
476 493 561 559 facto
586 514 705 580 parem,
729 489 780 556 vel
805 492 900 579 longe
924 492 1076 579 profecto,
1104 493 1144 558 id
1167 492 1258 579 quod
1278 512 1381 557 sum
1407 538 1408 553 2

384 592 496 667 postea
516 578 634 658 docuit,
649 578 801 643 maiorem
825 579 959 664 gratiam
977 578 1116 644 Brunsio
1141 602 1205 643 suo
1224 576 1384 643 relaturosd

385 688 461 731 eum
489 686 666 767 accurrem,
697 662 799 779 Hem,
822 664 903 751 quid
937 664 1102 766 hactenus,
1134 665 1257 752 inquit,
1273 662 1384 764 “lats

386 752 817 924 :orassent
839 749 1386 924 proportionata

385 946 469 989 unae
491 924 693 989 membranae
714 923 788 999 sint,
811 936 963 1009 quantam
985 922 1194 1011 elegantiam,
1216 935 1388 1009 quantana

386 1021 536 1075 tustatem
557 1030 633 1096 prae
655 1032 689 1073 se
707 1008 820 1085 ferant,
836 1008 1061 1075 animadverte.
1107 1009 1233 1096 Itaque
1254 1008 1309 1073 boo
1326 1006 1388 1091 potio

385 1116 515 1197 agamus
537 1117 663 1171 censeo,
684 1106 722 1159 ut
744 1094 824 1180 quid
847 1095 933 1181 ipsae
956 1117 1065 1159 secum
1087 1096 1210 1172 ferant,
1232 1090 1389 1181 penitmdr

384 1182 549 1270 piciamus,
572 1204 634 1246 nee
658 1193 733 1245 ante
759 1180 801 1245 de
824 1180 970 1246 manibus
992 1180 1208 1269 deponamus,
1231 1202 1318 1267 quam
1336 1192 1388 1248 tos

385 1282 651 1370 quantaecunque
675 1288 731 1331 eae
755 1278 838 1344 sunt,
862 1268 1119 1354 percurrerimus.
1169 1266 1313 1333 Omnino
1331 1263 1389 1326 ssia

385 1377 451 1420 stre
466 1355 501 1420 in
515 1352 628 1441 vulgus
641 1365 719 1417 nota
738 1365 835 1439 atque
854 1353 940 1418 edita
959 1354 1136 1432 continent,
1152 1376 1188 1418 m
1258 1372 1307 1415 um
1319 1368 1387 1435 opus

407 1443 523 1507 retium
545 1439 721 1515 fecerimm,
737 1439 763 1503 si
787 1439 903 1526 scripta
923 1460 997 1503 eum
1021 1439 1116 1504 editis
1138 1462 1181 1505 co
1219 1434 1387 1509 eructatio

446 1540 539 1593 tenus
552 1526 696 1614 ignoras
710 1524 905 1626 ineditaque,
920 1524 1014 1613 louge
1030 1526 1174 1613 profecto
1191 1524 1301 1589 maius.
1336 1517 1389 1583 He

384 1612 448 1678 ille.
494 1612 650 1677 Brunsius
668 1624 963 1698 autem,qu1unus
1057 1611 1183 1677 tulliaco
1207 1611 1305 1676 lentes
1321 1624 1387 1670 mou

385 1699 421 1764 in
434 1722 510 1765 eum
524 1720 617 1763 usum
631 1696 790 1775 attulerat,
802 1698 903 1762 aciem
914 1697 949 1761 in
961 1697 1021 1763 titu
1034 1698 1045 1761 i
1056 1698 1193 1787 vestigia
1207 1693 1388 1765 intendente

384 1784 484 1850 veluti
503 1806 562 1871 per
575 1797 787 1861 transennam,
803 1782 830 1849 si
849 1784 894 1849 ita
912 1782 1002 1871 loqui
1016 1782 1062 1848 fas
1076 1797 1135 1863 est,
1151 1780 1386 1871 suprascriptum,t

384 1870 548 1935 literanum
561 1869 660 1934 semel
674 1869 789 1935 iterum
814 1893 854 1935 ue
869 1892 891 1957 p
966 1870 1073 1947 iciens,
1085 1870 1207 1937 diserte
1219 1866 1334 1934 tandem

385 1956 495 2058 TITI·
513 1954 614 2057 Lm
641 1954 728 2056 Ltu.
746 1893 870 2021 xdls.
945 1969 978 2020 ta
998 1955 1197 2043 praeclarum
1225 1955 1329 2019 herese

384 2042 1385 2215 iffiiissiotimnffloiiiiiddti‘iiddgii'ssffl

384 2214 577 2281 inhonorum
592 2212 770 2291 delituerat,
786 2214 820 2279 in
835 2212 940 2279 lucem
955 2228 989 2279 et
1003 2214 1036 2278 in
1052 2228 1216 2301 aspectum
1231 2208 1359 2301 prodiit³¹.

406 2561 450 2628 u
480 2563 1082 2642 &eonsummatos
1102 2553 1371 2648 rasponus

386 2733 497 2811 Nouo,
517 2746 674 2820 quantum
696 2757 812 2821 operae
830 2735 969 2822 positum
988 2735 1029 2801 sit
1051 2757 1071 2799 a
1094 2734 1270 2800 clarissimis
1287 2725 1346 2797 sirit
1359 2730 1377 2780 “i

384 2818 466 2884 illud
490 2833 648 2898 eruerent,
672 2841 768 2884 nemo
793 2821 958 2886 aestimare
984 2843 1057 2886 vere
1082 2823 1211 2908 poterit,
1237 2817 1289 2906 qui
1309 2825 1379 2904 ooo

384 2905 538 2992 seriptum
569 2906 674 2992 ipsum
706 2929 772 2971 non
801 2907 925 2972 viderit.
972 2905 1079 2972 Huius
1108 2908 1196 2973 euim
1226 2907 1376 2976 montautpfl

384 2989 465 3055 adeo
498 3001 653 3056 vetustate
690 3005 866 3080 corruptae,
899 2992 981 3059 adeo
1017 2994 1175 3059 obsoletae
1209 2991 1376 3080 fugientesqu

383 3075 494 3141 literae
515 3090 600 3154 sunt,
617 3079 724 3165 utqui
746 3101 786 3143 ex
806 3079 876 3166 ipso
894 3101 994 3145 norae
1015 3080 1187 3168 scripturae
1207 3075 1378 3177 marpilltff‘⁵

383 3185 492 3229 versus
515 3176 636 3242 extant,
656 3163 681 3226 ii
703 3187 851 3252 magnam
874 3165 1004 3251 quidem
1025 3180 1147 3253 partem
1170 3189 1237 3230 non
1257 3181 1312 3228 stne
1328 3147 1376 3216 db

384 3250 502 3314 cultata
516 3248 579 3337 legi
594 3250 726 3337 possint,
741 3251 840 3315 ceteri
857 3265 964 3316 autem
982 3274 1047 3316 non
1065 3253 1168 3317 solum
1180 3263 1302 3403 propter
1312 3253 1378 3326 vetffiff

385 3348 493 3413 tatem,
523 3357 632 3406 verum
663 3336 759 3400 etiam
784 3349 914 3424 propter
941 3339 1160 3415 recentiorem,
1203 3357 1300 3424 equs
1317 3329 1374 3391 loffli

384 3444 503 3499 sumus,
527 3421 714 3509 scripturam
737 3423 802 3499 vix,
827 3445 863 3487 ac
886 3445 927 3488 ne
950 3425 1005 3488 vix
1029 3424 1169 3511 quidem,
1193 3423 1375 3512 dignemur·

385 3507 448 3573 His
471 3508 568 3595 igitur
590 3507 829 3573 difficultatibus
852 3531 953 3595 quum
975 3510 1074 3575 ferme
1099 3511 1306 3582 obruerentur,
1324 3487 1374 3561 fimi

384 3593 522 3659 multum
547 3594 669 3658 itineris
694 3607 779 3658 certe
808 3595 1025 3673 confecissent,
1074 3595 1211 3683 luneque
1236 3599 1273 3662 ab
1293 3592 1374 3667 iuctP¹⁰

383 3679 588 3757 destitissent,
602 3679 663 3744 nisi
687 3678 879 3745 alteralteri
901 3695 1026 3769 praesto
1048 3619 1166 3762 diisset,
1182 3659 1373 3762 animoqued

383 3789 465 3852 opus
479 3767 658 3852 urgendum
714 3766 967 3854 rficiendumque
983 3767 1166 3835 addidisset
1212 3757 1372 3854 Acpwifflb

382 3852 411 3916 si
447 3851 513 3915 uod
528 3874 577 3916 res
592 3865 650 3929 est,
689 3852 772 3917 icere
786 3853 1022 3932 volumus,.non
1037 3855 1204 3920 minimum
1221 3857 1373 3920 momentssfli

383 3949 421 4004 ut
474 3936 529 4003 irii
552 3938 651 4025 ipsius
673 3939 777 4005 verbis
802 3951 883 4017 utar,
907 3940 948 4005 ad
974 3940 1035 4006 hoc
1057 3940 1225 4025 κειμήλιον
1247 3963 1285 4007 ex
1301 3933 1371 4000 situel
