2934 4800
253 223 642 294 FRAGMENTUM
673 226 769 294 LIB.
800 228 897 295 xcl.
1047 235 1111 298 sts

57 354 156 444 longe
178 360 379 446 gravissimae
401 374 508 427 essent
528 375 642 450 partes,
657 364 729 451 plus
747 387 844 452 quam
864 365 925 430 sibi
941 366 1112 432 deberetur

57 443 226 512 tribueret.
270 445 374 533 Igitur
395 448 560 515 obtinebat
580 450 665 516 inter
687 473 743 516 eos
763 449 889 516 erudita
906 451 1111 530 familiaritas,

57 551 143 614 quae
179 531 352 619 plurimum
384 532 426 599 ad
461 557 646 601 communes
681 537 841 625 proiectus
874 538 976 604 valeta
1014 553 1112 626 atque

58 616 214 702 equidem
227 641 412 720 persumum
426 619 539 721 babeo,
555 620 727 688 Brunsium
748 623 892 724 plurimis
912 624 948 727 in
965 623 1042 726 lqcia
1055 626 1110 726 rix

59 706 779 878 tttffittttffitffltbtffi
788 707 1114 862 ‘tttlttlttt

59 872 140 938 haec
170 899 283 941 comm
312 877 482 944 concordia
509 880 669 945 infirmata
696 881 758 946 fuit
786 903 885 969 pravo
910 883 1111 970 quorundam

60 957 223 1028 luvenatii
244 963 401 1030 fautorum
424 964 540 1043 studio,
582 967 615 1030 ui
638 967 792 1032 honorem
814 991 952 1046 omnem,
970 969 1028 1057 qui
1049 969 1111 1034 illis

61 1049 261 1134 temporibus
280 1051 316 1114 in
338 1049 519 1116 huiusmodi
540 989 636 1118 ribus
657 1075 791 1154 magnus
812 1055 1054 1143 percipiebatur,
1069 1055 1111 1121 ad

61 1131 154 1199 illum
175 1158 277 1200 unum
300 1135 486 1202 trabebant:
511 1136 681 1204 Bnrnsium
705 1140 876 1228 rmpigrum
898 1141 1029 1228 quidem
1052 1142 1111 1207 ho-

63 1219 184 1285 minem
198 1244 266 1287 esse
280 1222 433 1302 serebant,
446 1223 503 1288 sed
514 1225 570 1312 qui
585 1247 690 1313 neque
705 1225 836 1313 ingenio
849 1249 956 1314 neque
966 1226 1113 1294 doctrina

63 1303 163 1372 labori
182 1307 307 1395 parsit
355 1308 454 1386 Quod
473 1330 574 1396 quum
595 1311 636 1375 ad
658 1311 754 1376 buius
774 1334 866 1377 aures
886 1311 1062 1391 accidisset,
1085 1313 1112 1378 is

64 1391 196 1458 moleste
211 1393 284 1459 tulit
299 1416 333 1460 se
347 1396 529 1460 contemni:
553 1396 647 1462 simul
662 1409 771 1462 autem
784 1398 845 1463 sibi
859 1397 1109 1464 animadvertere

65 1478 149 1544 visua
163 1493 211 1546 eat
223 1480 320 1546 hosce
335 1503 496 1547 sermones
510 1481 601 1548 alteri
616 1505 681 1548 non
693 1506 923 1572 usquequaque
934 1483 1110 1572 displicere.

66 1561 178 1654 Itaque
202 1589 268 1632 uon
293 1582 484 1654 conquestus
506 1567 636 1657 quidem
660 1593 733 1634 eum
757 1568 813 1636 illo
835 1585 894 1649 eat,
916 1569 975 1636 sed
996 1569 1112 1636 laboris

66 1652 247 1720 societatem
262 1653 376 1720 tacitus
387 1653 546 1720 dissolvit:
569 1653 737 1721 Iuvenatio
751 1655 977 1745 apographum,
988 1679 1113 1722 summa

68 1735 130 1803 lide
152 1739 281 1818 factum,
304 1739 445 1818 tradidit,
468 1740 502 1804 in
522 1764 588 1828 quo
609 1743 718 1808 omnia
738 1764 888 1831 expressa
908 1758 1010 1822 erant,
1028 1766 1111 1831 quae

127 1847 166 1891 ue
181 1826 224 1892 ad
236 1825 328 1891 illum
343 1825 429 1892 diem
450 1827 766 1916 investigaverant&
789 1842 882 1916 capto
896 1841 1004 1896 autem
1018 1829 1112 1896 initio

70 1930 88 1972 a
130 1913 228 1978 umus
250 1912 370 1978 ultimis
392 1913 558 1992 columnis,
573 1937 656 2002 quae
675 1914 768 1986 facile
789 1915 949 2003 leguntur,
964 1916 1006 1981 ad
1028 1916 1112 1982 diffi-

71 1995 174 2064 ciliora
192 1999 310 2065 sensim
331 2000 498 2087 progressi,
513 2013 632 2066 ceteras
652 2000 784 2152 quidem
804 2001 871 2068 fere
891 1999 1109 2080 absolverant3

71 2085 176 2150 tertiae
199 2084 255 2151 illo
279 2098 421 2173 tempore
445 2085 580 2152 nonita
604 2100 751 2164 mutum,
773 2101 883 2152 sextae
904 2111 1007 2176 paene
1030 2089 1111 2154 nibil

70 2165 182 2236 lectum
202 2184 279 2237 erat.
324 2170 427 2259 Igitur
441 2171 483 2238 de
502 2170 633 2259 reliquis
652 2195 685 2238 ae
700 2171 867 2261 desperare
884 2174 1111 2261 pronuntiarit,

71 2276 169 2344 neque
187 2258 249 2324 sibi
266 2257 367 2324 otium
386 2281 455 2324 esse
474 2257 709 2346 progrediendi,
746 2259 844 2347 uippe
858 2260 911 2324 cui
926 2261 1014 2326 brevi
1029 2273 1111 2326 tem·

72 2363 142 2442 pore
163 2345 202 2411 ab
224 2345 303 2411 urbe
326 2343 591 2433 proficiscendum
613 2282 955 2427 essettqluvenatium,
973 2359 1011 2413 ut
1031 2369 1112 2448 opus

74 2430 126 2495 nbi
149 2433 327 2520 perliceret,
350 2433 493 2498 hortatus
515 2445 572 2497 est
618 2430 763 2510 Interim,
785 2432 886 2499 dilato
906 2434 988 2501 forte
1012 2432 1111 2513 abitu,

73 2518 276 2607 perfectisque
295 2518 554 2584 Kenuieottisuis
575 2540 598 2582 n
638 2518 720 2597 otiis,
741 2540 848 2584 amore
869 2519 916 2583 rei
938 2518 1064 2595 ductus,
1079 2532 1113 2586 ct

75 2600 160 2669 sind
180 2604 311 2671 fortem
334 2618 372 2671 ut
394 2618 477 2671 esset
522 2626 565 2670 uo
587 2540 692 2692 pedam
714 2604 833 2669 faceret
857 2625 891 2669 se
916 2603 1113 2671 honestiores

75 2690 338 2855 niet
353 2690 450 2843 nst
464 2689 1112 2864 :ursimannus

76 2858 183 2929 deinde
204 2863 240 2928 in
261 2800 395 2952 daniam
416 2800 529 2964 redux,
544 2886 585 2965 ‘l‘
607 2863 666 2929 bac
689 2824 906 2964 imendatiore
928 2825 1113 2995 recensioqti

76 2944 977 3113 lttttttffitttl‘ttt‘'t‘ltelttttltlltt
989 2973 1111 3125 &a

78 3118 255 3207 elegantiam
269 3144 335 3187 non
351 3123 516 3210 aequabat,
530 3121 768 3210 taedii‘plenum
779 3144 860 3210 opus
870 3144 937 3189 non
947 3145 1112 3211 aggressus

77 3218 136 3285 est;
157 3232 197 3274 ex
219 3209 408 3275 eruditionis
429 3209 521 3296 copia
542 3208 805 3273 commentarium
824 3209 1015 3275 concinnare
1035 3232 1113 3275 eon·
1189 3240 1192 3245 ·

78 3304 190 3361 tentus:
207 3308 304 3382 atque
318 3295 395 3361 hinc
409 3294 464 3359 illa
477 3310 588 3360 exorta
597 3306 646 3359 est
659 3294 744 3360 iuter
758 3307 925 3383 utramque
936 3296 1113 3361 editionem

78 3376 285 3469 discrepantia,
301 3402 358 3469 per
372 3380 497 3458 multas,
535 3402 594 3447 uae
609 3392 736 3447 secutae
749 3394 835 3457 sunt,
850 3394 1031 3469 propagata.

115 3465 180 3556 ligo
190 3490 267 3533 vero
279 3468 345 3556 qui,
357 3488 457 3568 quum
468 3402 612 3533 rodoam
623 3465 811 3543 evolverem,
823 3466 903 3531 baec
917 3466 1111 3553 ignorabam,

79 3564 106 3616 et
118 3554 165 3618 eui
183 3576 350 3705 nunquam
372 3575 404 3618 ru
426 3566 567 3619 mentem
581 3565 713 3619 venerat
726 3551 768 3617 de
784 3551 949 3617 Romanae
963 3552 1115 3619 editionis

79 3636 246 3742 integritate
285 3640 418 3717 abitare,
435 3662 516 3727 quae
531 3662 589 3727 per
602 3638 826 3739 repetitionem
842 3636 1063 3740 Ernestianam
1077 3640 1112 3704 in

79 3722 942 3901 lttttt1tdttdttlltttt?ttt‘⁰1ttttttf
957 3746 1115 3900 {bii-‘53

106 4056 132 4099 4¹⁸
148 4042 217 4093 llaee
245 4044 422 4093 mulirmanttu
447 4042 486 4101 iis,
508 4058 572 4105 quae
604 4038 790 4091 ethneellarii
799 4040 906 4089 Praestat
914 4057 940 4103 p.
954 4040 1114 4103 medlips.

81 4116 143 4165 supra
152 4114 200 4157 not
212 4126 235 4167 a
246 4122 279 4156 ex
291 4106 391 4157 Brundi
404 4104 480 4155 literis
489 4106 522 4155 sd
532 4121 572 4155 me
637 4118 668 4166 43
687 4104 745 4154 vid.
762 4118 835 4167 quae,
849 4112 878 4152 ut
888 4104 1020 4153 editionem
1036 4104 1114 4154 Ham·

82 4166 135 4217 datu
153 4172 268 4235 excerpsi.
302 4171 351 4221 Sed
375 4169 520 4219 Iurenatius
541 4185 573 4219 ne
606 4171 751 4232 burgensem
763 4168 878 4218 Romam
891 4173 917 4217 et
931 4168 1079 4231 perfectione
1089 4176 1115 4218 et

83 4228 207 4284 inchoatum
228 4236 329 4299 quidem
355 4234 419 4283 illud
444 4232 574 4297 fragmenti
607 4238 717 4295 tempore
729 4232 1116 4295 prioremessedoeersm,eontrs

84 4299 233 4373 emptum
254 4315 294 4359 ea,
310 4314 360 4362 qua
380 4312 425 4361 par
443 4304 503 4357 erat,
520 4297 574 4347 dili·
607 4295 692 4347 monui
704 4296 729 4345 in
743 4296 847 4345 Eleneb.
861 4296 916 4345 edd.
926 4297 1010 4357 fragm.
1020 4297 1115 4345 Liviani

86 4360 573 4415 mummoemmconvertiaovitetur.
608 4359 680 4424 p.67.
