2934 4800
373 208 469 276 LIB.
493 208 619 277 XLIV.
649 210 763 278 OAP.
788 216 840 279 39.
1074 219 1134 281 163

58 350 132 419 9‘et
145 345 301 412 adversus
314 368 374 413 nos
388 347 514 413 (inerim.
560 347 629 414 Iam
646 347 791 413 omnium
810 347 958 436 primum,
974 360 1129 437 quantum
1142 368 1175 419 υ.
1186 372 1217 421 c.
1232 373 1287 435 ssse

79 437 236 497 ‘numero
256 455 315 498 nos
335 447 508 520 praestent,
522 434 685 499 nemiuem
704 446 844 500 vestrum
865 456 924 499 neo
944 448 1019 501 ante
1038 434 1130 523 igno-
1138 434 1170 485 A.
1186 438 1217 487 ⁰·
1234 436 1288 489 ¹⁶⁸·

77 524 193 596 ‘rasae
209 532 245 583 et
259 518 411 585 hesterno
424 519 477 586 die
491 520 682 609 explieatam
695 520 857 585 intuentes
871 520 972 585 aciem
986 520 1131 587 animad-

77 604 240 683 ‘sertim
257 618 382 671 certum
402 605 514 673 babeo.
560 606 612 671 Ex
632 606 694 671 hae
715 619 822 671 nostra
840 606 998 695 paucitate
1017 626 1130 695 quartu

79 696 171 789 ‘pars
200 690 342 756 rnilitum
371 692 529 780 praesidio
554 691 791 780 impedimentis
816 692 927 757 relicta
951 706 1037 759 eret:
1068 717 1128 761 nec

81 777 670 931 lffiffibtmfflffibff
689 778 730 844 ⁰⁴¹
745 778 1127 931 “imiimffl

82 949 271 1026 ‘credimus
287 950 376 1036 quod
397 974 439 1015 ex
457 950 508 1015 bis
526 951 645 1029 eastris,
660 888 826 1038 ildabbibus
845 951 904 1016 bae
923 966 1017 1017 nocte
1038 975 1129 1017 man·

64 1036 208 1112 1‘simus,
223 1036 343 1101 exituri
365 1036 401 1100 in
423 1038 524 1102 aciem
547 1036 705 1103 hodierno
726 1049 782 1102 aut
806 1060 965 1103 summum
991 1039 1128 1104 erastino

83 1120 202 1199 ‘diesi
215 1122 264 1187 ita
274 1122 445 1199 videbitur,
456 1123 518 1187 diis
530 1124 614 1189 bene
628 1123 819 1201 iuvantibus,
832 1124 963 1189 sumus?
993 1123 1127 1189 Nihilne

83 1208 243 1286 ‘interese
265 1221 374 1273 utrum
396 1208 541 1287 militem,
563 1232 660 1297 quem
685 1231 792 1296 neque
814 1210 882 1276 viee
906 1208 995 1275 labor
1019 1210 1126 1287 bodie,

84 1299 206 1381 ‘neque
226 1294 334 1382 operis
351 1294 538 1382 fatigaverit,
553 1294 744 1383 requietum,
758 1296 919 1383 integrum
937 1296 971 1360 in
990 1296 1127 1361 tentorio

85 1387 158 1447 ‘uro
176 1402 268 1445 arma
288 1402 402 1469 erpere
422 1381 541 1459 iubeas,
563 1397 660 1469 atque
681 1381 717 1446 in
734 1382 837 1447 edem
856 1381 988 1469 plenum
1002 1382 1127 1459 vitium,

84 1466 263 1552 ‘vigentem
285 1479 320 1531 et
336 1489 468 1554 oorpore
487 1482 521 1532 et
543 1469 650 1533 animo
668 1467 809 1533 educas?
831 1488 871 1532 an
895 1467 992 1555 longo
1014 1468 1127 1533 itinere

83 1552 278 1640 ‘iistigatum
293 1565 328 1618 et
349 1576 445 1641 opere
464 1553 590 1632 semum,
605 1553 789 1619 madentem
803 1553 929 1631 sudore,
944 1552 1128 1619 ardentibus

83 1639 152 1703 ‘siti
171 1639 329 1717 faucibus,
352 1662 407 1705 ore
430 1652 526 1726 atque
549 1639 650 1705 oculis
672 1638 801 1727 repletis
823 1639 964 1727 pulvere,
988 1652 1126 1705 torrente

83 1725 279 1791 ‘meridiano
298 1725 374 1804 sole,
392 1725 475 1791 hosti
495 1726 625 1791 obiicias
644 1726 776 1804 recenti,
792 1726 947 1814 requieto,
985 1726 1019 1791 ui
1040 1725 1128 1792 nulla

83 1818 134 1876 ‘re
148 1826 224 1877 ante
239 1824 444 1899 consumptas
457 1813 539 1878 vires
553 1813 595 1878 ad
608 1812 765 1899 proelium
779 1812 923 1879 adserat?
961 1748 1052 1891 buis,
1091 1836 1127 1877 ro

84 1897 196 1963 ‘deum
210 1898 331 1963 fidem!
350 1898 395 1963 ita
408 1910 617 1987 comparatus,
633 1898 684 1964 vel
697 1899 782 1965 iners
796 1912 892 1986 atque
907 1898 1052 1977 imbellis,
1063 1834 1127 1965 idr-

84 1984 258 2049 ‘timimum
283 1985 387 2051 virum
412 2007 479 2050 non
503 1985 639 2050 vicerit?
685 1984 800 2060 Quid?
830 1985 918 2072 quod
942 1985 1049 2051 hostes
1069 2006 1128 2073 per

83 2076 262 2135 ‘summum
277 2072 380 2135 otium
394 2071 609 2137 instruxerant
627 2071 739 2149 aciem,
754 2085 975 2159 reparaverant
993 2072 1125 2150 animos,

84 2158 227 2223 ‘stabant
255 2158 423 2257 compositi
451 2158 517 2223 suis
544 2158 680 2245 quisque
710 2158 898 2233 ordinibus?
928 2158 1020 2223 nobis
1049 2172 1126 2225 tuno

83 2249 233 2330 ‘repente
255 2242 481 2331 trepidandum
500 2244 536 2309 in
559 2244 627 2310 acie
649 2243 835 2309 instruenda
855 2256 931 2321 erat,
950 2258 983 2309 et
1003 2244 1126 2311 ineom-

63 2328 1126 2503 ²3biii‘simiii‘diib'iiuii.iiiii¹i'ui·⁰ii¹i.ii³diini¹d
1224 2391 1234 2410 ·

83 2504 257 2589 ‘provisam
324 2503 495 2580 ustionem,
511 2516 615 2568 tutum
639 2502 680 2567 ad
702 2525 773 2568 eam
797 2503 858 2568 iter
881 2502 1045 2590 praesidiis
1067 2503 1127 2568 im·

83 2596 93 2627 ‘
100 2589 220 2676 positis,
246 2603 411 2676 exporata
431 2590 516 2654 cirea
537 2590 664 2665 omnia;
692 2612 734 2654 an
756 2588 837 2654 nihii
855 2589 956 2653 nostri
974 2587 1127 2654 habentes

83 2684 227 2762 ‘praeter
246 2674 371 2740 nudum
393 2698 551 2763 eampum,
565 2676 600 2739 in
619 2698 685 2763 quo
706 2675 943 2762 pugnaremus?
987 2673 1126 2742 Maiores

84 2763 195 2827 ‘vestri
221 2775 326 2827 eastra
349 2763 474 2827 munite
497 2774 624 2848 portum
650 2761 693 2828 ad
717 2783 829 2826 ornnes
854 2783 944 2826 casus
969 2761 1126 2828 exercitus

84 2848 263 2914 ‘duoebant
276 2870 361 2914 esser
384 2847 470 2914 unde
486 2847 564 2935 adp
696 2847 832 2925 exirent,
844 2870 909 2935 quo
924 2847 1031 2914 iactati
1046 2861 1126 2914 tem·

84 2941 225 3020 ‘pestate
248 2957 375 3022 pugnae
396 2869 745 3021 mmmmm
791 2933 880 3012 Ideo,
898 2957 1000 3021 quum
1020 2935 1125 3000 muni-

85 3021 218 3086 ‘mentis
233 3044 275 3086 ea
290 3021 491 3108 saepsissent²
502 3019 661 3108 praesidio
674 3042 804 3107 quoque
818 3019 923 3086 rabdo
936 3021 1124 3100 firmabant3

85 3107 200 3192 ‘qnod
226 3106 286 3194 qui
314 3107 422 3174 eastris
450 3120 566 3171 exutus
593 3118 671 3184 erat,
700 3106 826 3172 etiarnsi
854 3105 1027 3208 pugnando
1057 3109 1125 3174 soie

86 3193 238 3271 ‘ricimet
253 3215 313 3280 pro
327 3193 412 3258 victo
433 3192 610 3258 haberetur.
658 3191 772 3258 Castra
792 3205 867 3258 sunt
886 3193 997 3258 victori
1017 3215 1126 3281 recep-

86 3279 254 3357 ‘taculum
269 3278 353 3346 victo
367 3278 554 3366 pertbgium.
602 3277 709 3355 Quam
724 3278 816 3344 multi
831 3280 998 3357 exereitus,
1011 3280 1127 3366 quibus

87 3365 208 3465 ‘minus
230 3387 382 3453 prospera
403 3387 529 3453 pugnae
552 3364 680 3430 fortuna
701 3364 772 3442 suit,
796 3366 878 3430 intra
900 3365 1017 3430 vallum
1040 3389 1128 3430 com·

88 3545 97 3573 ί

66 3451 194 3616 yffi
219 3464 363 3538 ternpore
388 3473 457 3529 suo,
481 3450 642 3516 interdum
668 3465 830 3516 momento
855 3464 935 3537 post,
960 3452 1127 3537 eruptione

223 3537 377 3603 victorem
405 3537 530 3604 bostem
557 3537 774 3625 pepulerunt?
817 3535 926 3601 Patria
954 3535 1053 3600 altera
1080 3551 1129 3603 est

88 3710 589 3836 aarum]
654 3705 1128 3767 ¹

88 3843 200 3896 qnuuor
212 3838 324 3900 equitnm
337 3836 417 3886 millia
429 3836 543 3884 babuisse
553 3835 589 3885 di·
621 3835 784 3884 inordinatam
800 3839 875 3894 atque
888 3833 1073 3896 moornpodtam
1085 3833 1128 3882 bu-

89 3898 148 3948 dtur
160 3915 229 3964 apr.
240 3900 293 3950 xlii
305 3911 344 3960 51.
377 3900 484 3948 Aemilio
499 3901 589 3948 duode-
621 3900 765 3958 mrbsernus,
775 3897 818 3946 sed
833 3902 914 3946 cetera
928 3897 1021 3960 egregie
1034 3905 1128 3960 psrsts,

89 3963 183 4025 triginta
192 3964 313 4027 podiensi,
323 3965 373 4012 duo
383 3964 493 4025 equitnm
510 3963 589 4012 millia
620 3963 646 4013 id
657 3969 702 4022 est,
713 3967 792 4010 eastra
802 3961 905 4021 munita,
916 3962 1038 4024 provisam
1053 3976 1127 4023 aqna·

90 4026 510 4091 nlegiombusliomsnisetsooiali
520 4041 589 4076 exer·
620 4027 730 4075 tionem.
743 4062 749 4075 .
761 4061 787 4075 ..
804 4025 870 4074 Tum
891 4026 1037 4087 respondet:
1062 4025 1128 4074 itane

91 4089 148 4149 sita,
156 4107 252 4140 necnon
267 4091 360 4140 auxilia
376 4091 457 4140 Attali
472 4096 498 4140 et
513 4091 589 4140 Miss-
621 4091 700 4154 parati
711 4089 921 4147 oonourrissemus,
931 4104 964 4137 an
974 4087 1057 4150 potius
1067 4088 1128 4137 nihil

90 4154 155 4213 gruis
164 4155 231 4204 baud
239 4171 328 4220 magna
335 4161 413 4207 arant.
424 4156 455 4204 ef.
463 4169 529 4217 supr.
537 4154 589 4205 xlii.
622 4154 697 4203 nostri
707 4154 833 4214 habentes,
845 4159 941 4216 praeter
956 4152 1048 4200 nudum
1064 4167 1128 4202 eam·

92 4229 128 4276 3¹·
138 4223 164 4266 et
173 4234 238 4281 supr.
249 4235 287 4270 rr.
624 4233 693 4282 pum,
703 4218 729 4265 iu
741 4232 789 4280 qno
800 4230 970 4280 pugnaremus.
987 4216 1068 4265 cmv.

124 4295 134 4327 1
151 4284 205 4330 Ast
213 4282 341 4346 man]
359 4285 544 4334 adsumam.
560 4283 591 4332 et
656 4297 671 4343 3
690 4283 872 4344 ramponem]
891 4279 1037 4342 Opportuna
1049 4279 1102 4329 sibi.

92 4355 157 4406 supr.
167 4360 240 4397 ¹¹1¹·
251 4361 289 4409 3⁵·
894 4411 954 4470 Η
