2934 4800
259 199 648 270 FRAGMENTUM
680 203 777 272 LIB.
807 203 902 272 xci
1044 201 1107 274 307

56 335 190 402 scientia
205 337 338 424 opinio?
383 337 486 426 Atqui
501 339 541 404 de
562 339 617 405 tali
638 351 791 427 tantoque
806 342 874 406 viro
888 363 989 428 quum
1008 341 1108 406 multa

56 422 116 485 iam
129 423 170 487 ab
180 423 272 488 initio
288 425 410 575 ιἳὲἰιιιο
421 447 479 512 per
489 425 728 512 ignobilitatem,
742 427 861 492 deinde
872 449 931 514 per
941 426 1104 506 invidiam,

58 509 266 596 ‘scriptorum
278 533 314 575 ce
345 523 378 575 ta
391 512 487 588 snnt’
503 525 540 576 ut
553 513 662 577 scribit
675 512 850 590 Sallustius,
863 527 931 578 tum
946 513 981 577 in
995 527 1104 600 postu·

57 615 137 658 mam
160 595 232 660 eius
252 596 368 661 famam
389 596 517 661 videtur
536 598 672 664 voluisse
694 599 790 664 etiam
812 599 944 688 grassari
966 599 1102 680 fortuna,

57 701 163 779 quum,
177 704 261 769 quae
276 681 318 748 de
333 705 381 762 eo,
394 696 431 747 ut
444 683 521 748 alias
535 697 740 773 praeteream,
751 685 986 750 immortalitate
997 685 1104 773 dignis

57 765 217 832 literarum
240 791 369 834 marrim
395 771 610 836 monumentis
634 769 801 836 Sallustius
822 783 856 836 et
877 771 989 836 Livius
1012 794 1104 837 man·

57 851 216 932 darem,
240 876 280 919 ea
300 855 342 920 de
365 855 471 920 medio
493 878 621 956 prorsus
643 857 813 922 sustulerit.
861 856 984 934 Quanti
1005 858 1103 944 igitur

57 937 114 1003 hoc
132 940 424 1024 ἀποσπασμάτιον
442 941 623 1007 faciendum
645 943 695 1020 sit,
712 943 746 1008 in
768 963 834 1031 quo
854 957 919 1008 tam
938 945 1102 1032 ceteroqui

58 1026 177 1173 pusillo,
194 1039 303 1092 tamen
321 1041 385 1094 tarn
404 1027 504 1093 multa
518 1028 559 1094 de
579 1029 709 1094 homine
729 1029 785 1094 illo
805 1029 1014 1118 explicantur,
1029 1029 1102 1095 nul·

71 1111 113 1175 'us
126 1112 236 1264 adhqrc
246 1113 304 1200 qni
318 1128 431 1193 exstet,
443 1135 604 1203 quemque
615 1115 765 1204 equidem
777 1114 921 1194 viderim,
931 1117 1102 1205 scriptione

133 1213 180 1264 rts

60 1219 212 1373 collllqne
236 1286 316 1351 haec
363 1287 471 1352 uidem
497 1309 557 1364 res,
583 1287 633 1352 vel
659 1288 686 1353 si
710 1311 777 1353 una
801 1301 893 1365 esset,
919 1287 1101 1354 mehercule

61 1385 171 1456 quanta
194 1373 305 1438 esset?
392 1373 414 1438 d
436 1372 499 1438 alia
521 1375 652 1461 insuper
674 1373 832 1440 accedunt
852 1374 955 1440 nihilo
977 1374 1102 1440 levioris

61 1459 230 1524 momenti:
257 1458 411 1525 nonnulla
430 1458 579 1524 videlicet
601 1461 731 1526 nomina
753 1481 873 1539 eorum,
889 1461 947 1548 qui
970 1459 1101 1526 Sertorii

62 1557 158 1691 partes
184 1546 288 1610 secuti
317 1558 402 1622 sunt
428 1567 510 1633 quae
540 1544 635 1611 huius
663 1567 751 1611 nunc
779 1547 948 1635 fragmenti
977 1569 1038 1635 ope
1066 1548 1101 1611 in

72 1653 156 1695 ocem
177 1631 351 1718 prodeunt,
365 1631 486 1720 aliquot
507 1633 604 1697 etiam
627 1633 818 1720 oppidorum
841 1655 879 1698 ac
899 1629 1100 1734 populorum.

64 1716 150 1781 Adde
165 1717 332 1806 antiquam
351 1718 509 1784 scribendi
529 1718 804 1798 consuetudinem,
819 1734 887 1785 tum
904 1719 1003 1798 illam,
1018 1741 1101 1809 quae

64 1802 185 1890 singulis
201 1805 304 1870 verbis
317 1826 358 1871 ex
372 1827 470 1882 more,
485 1817 542 1870 aut
562 1805 641 1870 scito
663 1806 847 1885 scribendis,
862 1819 917 1871 aut
934 1807 1002 1871 inte
1041 1830 1102 1872 un·

65 1890 166 1973 gendis
196 1893 388 1970 continetur,
417 1905 451 1957 et
480 1889 703 1979 dpdoqpodlav
729 1915 888 1971 vocamus,
918 1905 988 1957 tum
1002 1829 1102 1958 ¹barre

66 1973 196 2056 alteram,
222 1976 323 2044 multo
351 1977 515 2043 latioribus
540 1979 800 2066 comprehensam
829 1979 992 2056 limitibus,
1017 2001 1100 2066 quae

66 2072 153 2128 toturn
181 2063 397 2153 scriptionem,
430 2064 561 2152 eiusque
591 2077 787 2142 contextum,
816 2065 1102 2143 continuationem,

67 2145 241 2236 dispositum
262 2150 515 2239 contemplatum
538 2173 603 2239 quo
625 2149 695 2216 loco
717 2152 897 2230 maioribus,
913 2175 979 2239 quo
998 2152 1103 2217 mino-

67 2233 142 2301 ribus
168 2237 270 2302 literis
298 2249 482 2314 uterentur3
514 2259 579 2325 quo
608 2249 702 2325 pacto
730 2259 845 2303 novam
873 2239 1022 2326 paginam
1051 2239 1103 2303 in·

69 2319 217 2403 choarent,
247 2345 312 2413 qno
340 2345 459 2389 novum
488 2345 633 2401 versum3
666 2324 797 2412 quando
826 2325 1100 2413 interpungerent,

69 2411 184 2493 qnando
211 2411 320 2477 literas
343 2412 427 2477 inter
452 2432 486 2476 se
512 2424 686 2487 necterent,
735 2409 842 2476 uando
871 2412 967 2476 etiam
993 2410 1103 2476 dedita

69 2515 152 2579 opera
179 2498 487 2586 praetermitterent3
525 2509 693 2584 ceteraque
751 2497 824 2561 uius
855 2496 989 2597 generis,
1019 2519 1101 2583 quae

70 2602 156 2665 qnam
179 2596 254 2649 sunt
278 2585 347 2686 ipsa
371 2606 430 2671 per
453 2605 487 2649 se
514 2582 556 2649 ad
578 2583 835 2671 cognoscendum
859 2582 1008 2659 mcunda,
1033 2595 1102 2647 tum

71 2666 214 2735 mhsbiles
232 2669 495 2735 adiudicandum
511 2670 551 2734 de
572 2682 639 2735 toto
657 2669 718 2735 boo
737 2691 854 2756 genere
877 2669 996 2734 habent
1017 2668 1103 2733 utili·

72 2763 158 2833 tates3
181 2780 246 2844 qua
264 2756 306 2821 de
325 2780 360 2822 re
379 2779 445 2822 non
464 2755 608 2844 pluribus
626 2755 806 2843 disputabo,
822 2776 922 2843 quum
940 2755 1102 2821 neminem

71 2836 196 2908 fiturum
218 2842 360 2921 arbitrer,
383 2842 450 2931 qui,
473 2841 568 2908 modo
590 2866 610 2907 a
631 2840 735 2907 Musis
757 2864 823 2907 non
846 2864 947 2930 usque
973 2864 1101 2929 quaque

73 2922 178 2994 alienus
191 2928 242 3008 sit,
257 2952 404 2996 revocare
419 2950 489 2994 eam
505 2929 538 2994 in
553 2928 687 2994 dubium
703 2929 810 3017 possit

109 3012 168 3080 Sed
190 3016 401 3082 dimittendus
422 3038 457 3080 es
481 3014 662 3103 aliquando,
686 3014 804 3080 Lector
828 3015 990 3092 benevole,
1013 3014 1102 3102 quod

74 3110 165 3165 nmen
177 3124 256 3190 pace
272 3114 327 3167 tua
340 3124 406 3167 non
421 3112 496 3167 ante
510 3101 633 3179 faciam,
645 3123 741 3201 quam
756 3124 815 3189 pro
828 3102 948 3190 patriae
959 3101 1100 3178 caritate,

74 3204 178 3274 proque
191 3211 298 3255 meoe
368 3188 454 3253 illam
470 3186 585 3266 studio,
603 3188 746 3263 Qum'tes
760 3210 880 3265 omnes,
896 3189 980 3253 cives
1001 3210 1099 3265 meos,

74 3290 127 3335 non
140 3274 267 3361 quidem
288 3208 486 3353 didonem,
502 3287 558 3339 aut
578 3272 737 3352 adhorter,
752 3274 840 3361 quod
861 3296 927 3339 non
944 3273 1047 3339 debeo
1069 3286 1102 3337 et

75 3376 193 3442 pesum,
208 3362 359 3427 maiorem
383 3362 416 3426 in
439 3361 569 3426 modum
593 3362 754 3427 obsecrem
781 3373 876 3447 atque
903 3359 1050 3435 obtestor,
1066 3372 1103 3422 ut

75 3461 108 3506 sse
127 3450 284 3533 patiantur
307 3448 342 3513 in
367 3460 528 3536 posterum
551 3446 724 3525 thesauros,
745 3446 801 3533 qui
824 3445 909 3533 apud
934 3467 967 3509 se
990 3443 1103 3509 delite-

77 3546 161 3611 scunt,
185 3534 312 3601 ostendi
340 3558 376 3600 ac
405 3534 549 3621 patelieri
578 3532 637 3599 sibi
667 3535 707 3599 ab
732 3532 850 3598 exteris
877 3545 911 3596 et
939 3529 1104 3617 inquilinis

77 3610 248 3699 hominibus,
276 3634 309 3687 et
333 3621 447 3686 borum
468 3620 662 3707 diligentiae,
685 3642 752 3685 non
777 3640 862 3696 suae,
886 3618 1011 3695 horum,
1037 3639 1104 3682 non

78 3702 130 3765 suis
147 3705 303 3774 laboribus
323 3706 431 3772 deberi
453 3706 686 3794 praeclarorum
709 3703 859 3806 pristinae
882 3726 957 3768 suae
979 3703 1104 3767 virtutis

78 3806 107 3851 ac
125 3793 290 3859 nobilitatis
309 3805 588 3859 monumentorum
608 3792 832 3857 detectionem.
880 3789 1043 3855 Gloriatus
1063 3790 1105 3854 sit

79 3871 140 3939 olim
159 3878 282 3959 Cicero,
303 3879 391 3967 quod
407 3878 609 3944 Archimedis
630 3900 663 3943 se
687 3877 821 3955 nlcrum,
843 3876 1005 3965 Syracusis
1026 3875 1104 3940 dum

79 3975 155 4041 esset
171 3966 377 4054 indagaverit,
397 3964 549 4053 quodque
576 3900 792 4029 ‘nobdissima
816 3960 970 4027 Graeciae
996 3962 1106 4026 civitas

81 4050 137 4112 ‘sui
157 4052 230 4117 civis
253 4054 348 4117 unius
371 4051 543 4117 acutissimi
566 4063 810 4115 monumentum
834 4049 1018 4151 ignorasset,
1043 4048 1106 4112 nisi

81 4133 130 4197 ‘ab
149 4136 274 4203 homine
294 4138 450 4226 Arpinate
472 4136 654 4203 didicisset.’
698 4134 812 4213 Nobis,
831 4158 858 4201 sr
881 4147 989 4200 nostra
1010 4156 1107 4222 opera

81 4232 239 4289 nostronrm
261 4237 471 4290 monumenta
491 4224 526 4288 in
544 4222 649 4288 lucem
669 4222 885 4300 extrahantur,
901 4243 967 4286 non
985 4234 1049 4287 tam
1072 4219 1107 4285 id

80 4302 228 4386 gloriosum
258 4312 327 4389 erit,
355 4333 450 4399 quam
481 4310 672 4375 inhonorum
702 4323 736 4375 et
764 4309 944 4396 inglorium,
955 4309 997 4457 2si
1026 4307 1107 4371 deli·

916 4414 939 4457 x
