2934 4800
330 167 390 228 108
436 186 441 192 ’
712 162 826 231 ΤΙΤΙ
852 161 986 229 LIVII

172 307 206 356 U·
218 306 248 357 0·
263 308 319 369 5⁸²·
329 297 391 364 tius
416 298 451 362 in
476 295 642 386 populares
663 321 736 364 suos
761 311 887 388 praetor
909 299 1073 364 Romanus
1101 297 1247 385 superbe,
1273 319 1381 372 avare,

171 371 202 422 Α
219 372 249 422 ⁰·
265 383 319 431 ¹⁷⁰·
328 384 500 449 crudeliter
523 384 667 450 fecisset:
697 385 815 450 deinde
864 408 921 450 uae
948 399 1016 450 tum
1042 406 1142 472 quum
1168 384 1315 448 maxime
1341 382 1382 447 L.
1442 420 1443 423 κ

329 469 520 536 Hortensius
534 470 659 536 faceret
692 409 993 548 ‘Quemadmodum
1008 471 1114 537 omnia
1128 470 1198 547 sibi,
1210 470 1314 535 etiam
1332 470 1382 548 iis,

330 566 433 644 ‘quae
462 558 631 645 patiantur,
662 558 805 636 tristiora,
835 558 985 646 patienda
1013 580 1079 622 esse
1106 557 1227 622 ducant
1230 557 1383 706 ΙΓοῑὶυε,

330 651 448 743 ‘quam
472 643 535 708 fide
558 643 736 722 decedant3
762 645 817 722 sio,
840 644 928 732 quod
953 645 993 708 ad
1016 643 1201 708 Lucretium
1268 657 1384 708 orten-

331 737 495 817 ‘srumque
524 730 682 808 attineret,
711 731 801 810 scire,
828 731 927 796 tutius
955 731 1050 795 fuisse
1079 729 1226 795 claudere
1255 743 1383 816 portas,

330 824 341 854 ‘
375 839 448 882 uam
461 817 495 880 in
510 818 621 883 urbem
636 840 690 882 eos
704 818 856 905 accipere.
899 817 966 892 Qui
981 816 1263 894 exclusissenteos,
1279 815 1403 886 Eme-3

331 840 460 980 ‘illam
476 903 707 991 Amphipolim,
724 903 922 980 Maroneam,
940 903 1078 980 Aenum,
1094 902 1271 967 incolumes
1288 925 1380 966 esse:

331 990 437 1077 ‘apud
450 1013 483 1054 se
500 990 616 1077 templa
630 990 776 1055 omnibus
791 991 983 1055 ornamentis
997 989 1182 1078 compilata3
1206 988 1381 1076 spoliaque

331 1075 502 1163 ‘sacrilegii
524 1075 563 1142 C.
576 1076 763 1141 Lucretium
781 1077 914 1142 navibus
934 1077 1069 1141 Antium
1084 1075 1257 1153 devexisse,
1275 1075 1383 1140 libera

331 1171 483 1250 ‘corpora
503 1163 537 1226 in
559 1163 742 1228 servitutem
762 1163 899 1250 abrepta,
922 1163 1063 1228 fortunas
1084 1161 1240 1227 sociorum
1261 1162 1382 1250 populi

331 1249 492 1313 ‘Romani
504 1248 644 1338 direptas
663 1269 740 1327 esse,
756 1262 788 1314 et
802 1249 944 1336 quotidie
962 1248 1064 1349 diripi.
1111 1245 1207 1326 Nam,
1222 1270 1263 1312 ex
1283 1249 1382 1314 insti-

331 1343 341 1374 ‘
351 1347 419 1400 tuto
436 1334 475 1400 C.
486 1334 638 1415 Lucretii,
654 1336 862 1402 Hortensium
880 1359 1008 1423 quoque
1028 1357 1063 1400 ru
1081 1335 1171 1400 tectis
1191 1333 1300 1400 hieme
1322 1357 1381 1423 pa·

331 1422 428 1488 ‘riter
446 1435 541 1510 atque
563 1437 680 1488 aestate
702 1421 828 1488 navales
847 1423 947 1488 socios
968 1422 1094 1499 habere,
1115 1435 1148 1486 et
1169 1420 1281 1486 domos
1306 1445 1381 1486 suas

331 1508 458 1596 ‘plenas
473 1511 565 1575 turba
578 1509 705 1575 nautica
718 1531 805 1585 esse3
826 1509 944 1574 versari
961 1509 1045 1574 inter
1058 1531 1101 1587 se,
1117 1507 1277 1592 coniuges,
1295 1507 1381 1574 libe·

331 1604 464 1682 ‘rosque
485 1618 567 1672 suos,
590 1597 705 1682 quibus
726 1595 807 1660 nihil
828 1618 933 1683 neque
955 1595 1059 1660 dicere
1080 1595 1171 1682 pensi
1193 1595 1243 1671 sit,
1265 1617 1290 1658 n
1339 1618 1379 1660 ne

332 1681 471 1746 ‘lacere’
514 1682 682 1746 Arcessere
701 1682 736 1745 in
751 1694 895 1746 senatum
913 1681 1098 1748 Lucretium
1112 1680 1240 1768 placuit,
1258 1695 1298 1746 ut
1339 1682 1380 1747 is·

330 1779 470 1854 captaret
491 1789 606 1844 coram,
628 1781 839 1855 purgaretque
861 1790 937 1832 sese.
984 1767 1135 1833 Ceterum
1158 1766 1258 1832 multu
1279 1767 1378 1854 plura

263 1897 272 1906 -
331 1875 478 1940 praesens
492 1851 622 1931 audivit,
637 1875 734 1940 quam
748 1853 782 1917 in
800 1855 962 1919 absentem
977 1855 1057 1920 iacta
1071 1867 1178 1930 erant3
1201 1866 1235 1918 et
1248 1855 1379 1940 gravio-

331 1961 380 2003 res
440 1939 541 2005 tentio
611 1962 653 2004 ue
667 1962 824 2005 accessere
839 1955 1033 2006 accusatores
1047 1940 1111 2006 duo
1127 1940 1246 2005 tribuni
1260 1939 1376 2027 plebis,

331 2024 387 2091 Μ’.
419 2027 565 2092 uventius
639 2026 712 2092 alna
733 2039 766 2091 et
789 2025 850 2092 Cn.
865 2027 1022 2092 Aufidius.
1067 2025 1097 2091 Ii
1118 2048 1184 2091 non
1205 2027 1240 2090 in
1259 2041 1378 2092 senatu

331 2111 426 2177 modo
445 2135 520 2177 eum
541 2111 727 2190 lacerarunt,
745 2113 802 2178 sed
823 2112 857 2177 in
879 2114 1064 2178 concionem
1086 2113 1182 2178 etiam
1203 2128 1376 2201 pertracto,

174 2209 321 2261 &nauare
332 2198 439 2263 multis
467 2198 598 2264 obiectis
648 2199 757 2278 robris,
787 2199 874 2264 diem
903 2200 1061 2265 dixerunt
1122 2199 1258 2265 Senatus
1286 2200 1377 2266 iussu

173 2291 296 2337 sponsum.
334 2283 596 2351 Chalcidensibus
613 2222 654 2361 ἅ
665 2285 814 2351 Maenius
825 2300 951 2374 praetor
961 2285 1139 2374 respondit:
1164 2295 1174 2326 ‘
1185 2287 1279 2363 Quae
1290 2287 1376 2352 bene

332 2372 481 2438 ‘meritos
495 2394 572 2451 sese,
587 2385 621 2438 et
637 2384 720 2451 ante,
736 2386 770 2439 et
784 2373 818 2437 in
833 2395 872 2438 eo
891 2372 984 2451 bello,
1001 2373 1088 2461 quod
1107 2385 1243 2461 geratur,
1259 2373 1301 2438 de
1314 2397 1377 2461 po-

323 2460 426 2548 '‘pulo
441 2459 587 2525 Romano
602 2460 719 2537 dicant,
735 2482 773 2526 ea
786 2472 820 2525 et
834 2460 913 2525 scire
928 2483 1002 2526 vera
1016 2483 1070 2525 eos
1086 2460 1202 2525 referre
1216 2474 1375 2538 senatum,

332 2555 392 2624 ‘et
406 2546 539 2634 perinde
558 2570 596 2613 ac
615 2546 761 2624 debeant,
776 2561 866 2635 grata
882 2568 958 2612 esse.
1007 2546 1098 2623 Quae
1117 2546 1200 2613 facta
1216 2570 1237 2611 a
1252 2547 1292 2631 C,
1306 2547 1377 2612 Lu·

333 2634 457 2710 ‘cretio,
473 2634 604 2721 fierique
619 2634 659 2699 ab
674 2633 712 2698 L
725 2632 897 2699 Hortensio
915 2633 1109 2721 praetoribus
1124 2634 1280 2698 Romanis
1294 2658 1376 2721 que·

333 2728 476 2794 ‘rantur3
507 2743 545 2784 ea
569 2743 675 2807 neque
702 2719 795 2797 facta,
822 2742 926 2807 neque
955 2720 1025 2785 fieri
1049 2719 1211 2785 voluntate
1235 2735 1375 2799 senatus,

333 2812 447 2891 ‘quem
472 2827 537 2869 non
560 2829 650 2892 posse
673 2807 862 2881 existimare,
885 2808 941 2892 qui
967 2806 1053 2884 sciat,
1076 2804 1194 2872 bellum
1217 2805 1318 2885 Persi,
1343 2823 1376 2874 et

333 2900 425 2955 ‘ante
440 2890 524 2954 Phili
547 2914 589 2977 po
603 2892 685 2978 patri
699 2893 777 2971 eius,
793 2892 934 2958 intulisse
949 2891 1103 2981 populum
1119 2892 1301 2958 Romanum
1315 2917 1375 2981 pm

334 2976 496 3041 ‘libertate
517 2913 681 3055 graeciae,
697 3001 763 3043 non
782 2993 820 3045 ut
838 3002 877 3044 ea
893 3003 913 3045 a
931 3003 961 3043 rn
1005 2979 1162 3045 'suatibus
1179 2980 1256 3045 socii
1276 2993 1374 3067 atque

334 3063 445 3127 ‘amici
459 3065 663 3149 paterentur?
685 3064 808 3130 Literas
822 3088 855 3130 se
868 3065 909 3131 ad
923 3065 962 3131 L.
1011 3067 1182 3132 ortensium
1194 3080 1374 3153 praetorem

335 3148 484 3214 ‘daturos
498 3171 583 3226 ease3
606 3173 688 3237 quae
704 3149 930 3217 Chalcidenses
944 3166 1118 3240 querantur
1135 3166 1213 3230 aeta,
1229 3176 1268 3219 ea
1282 3176 1375 3219 sena-

335 3235 400 3300 ‘tui
420 3257 484 3300 uon
501 3235 642 3321 placere:
666 3238 693 3301 si
711 3238 768 3324 qui
789 3239 824 3302 in
841 3240 1023 3305 servitutem
1040 3238 1132 3304 liberi
1151 3240 1320 3318 venissent,
1336 3254 1374 3305 ut

334 3331 406 3387 ‘eos
420 3322 651 3409 conquirendos
665 3324 768 3411 primo
783 3348 909 3412 quoque
931 3339 1082 3477 tempore,
1097 3325 1373 3414 restituendosque

333 3410 387 3473 ‘in
402 3406 577 3475 libertatem
592 3424 732 3475 curaret:
756 3412 911 3477 sociorum
926 3436 986 3477 nav
1017 3413 1083 3477 ium
1098 3413 1269 3492 neminem,
1305 3436 1395 3485 rae-4

332 3506 399 3562 ‘ter
413 3496 585 3581 magistros,
601 3497 636 3561 in
655 3497 791 3584 hospitia
805 3497 921 3564 deduci
938 3494 1075 3587 aequum
1089 3500 1236 3564 censere'
1317 3522 1373 3565 aec
1447 3526 1448 3577 l

333 3583 505 3648 Hortensio
527 3584 613 3649 iussu
629 3600 756 3649 senatus
775 3585 898 3671 scripta
945 3584 1083 3650 Munera
1104 3586 1216 3650 binum
1236 3586 1373 3652 millium
1447 3586 1448 3627 ³

332 3670 411 3733 acris
424 3670 535 3756 legatis
545 3671 647 3748 missa,
659 3684 692 3735 et
703 3670 848 3736 vehicula
862 3670 1011 3736 Mictioni
1025 3672 1150 3759 publice
1165 3671 1277 3750 locata,
1289 3696 1393 3759 quaes

332 3776 406 3818 eum
433 3754 639 3821 Brundisium
664 3756 829 3822 commode
855 3756 1071 3857 perveherent.
1119 3757 1158 3824 C.
1174 3758 1370 3836 Lucretium,
1447 3758 1448 3779 ¹

333 3840 387 3905 ubi
407 3839 484 3917 dies,
500 3864 581 3927 quae
597 3843 684 3908 dicta
701 3856 778 3921 erat,
793 3856 890 3921 vemt,
907 3845 1025 3910 tribuni
1045 3845 1086 3909 ad
1105 3844 1260 3933 populum
1280 3870 1371 3912 aceu-

331 3939 448 4004 sarunt,
468 3926 662 4016 multamque
682 3929 789 3995 decies
806 3944 935 3995 centum
956 3931 1090 3997 millium
1109 3932 1188 3997 aeris
1210 3931 1368 3999 dixerunt.

364 4126 384 4187 3,
396 4114 444 4171 our
454 4116 671 4176 exclamantem]
689 4132 722 4166 a.
735 4117 836 4166 naue
900 4120 1032 4179 μῶκος
1046 4121 1137 4181 maa]
1166 4099 1270 4170 suana
1286 4122 1370 4187 populi

331 4179 438 4236 urbrum,
447 4192 511 4239 quae
522 4185 606 4240 postea
616 4186 795 4231 enumerantur.
868 4182 975 4231 Romani
991 4182 1102 4246 impensa
1114 4184 1231 4247 praebita,
1242 4193 1308 4235 certo
1319 4202 1369 4250 pre·

332 4244 649 4368 cfhuppiaiiiixml'gmm]
672 4260 706 4295 sc.
718 4244 835 4295 Navium.
867 4246 902 4295 tio
913 4247 1105 4310 redemptoribus
1115 4248 1235 4299 condicto.
1252 4250 1333 4300 caer.
