2934 4800
319 184 511 252 FRANC.
547 186 834 254 GOELLERI.
1039 195 1104 256 335

58 320 199 406 ‘copiam
215 319 298 398 fecit,
315 317 412 384 Bern.
430 318 680 386 Rottendorfius.
728 319 803 386 Scio
819 320 914 386 firisse
929 321 1013 388 viros
1027 324 1105 390 doc·

57 406 222 484 ‘tissimos,
246 405 301 492 qui
327 406 368 470 de
394 405 491 471 huius
616 407 683 472 enti
709 408 841 474 veritate
867 407 1102 488 dubitaverint3

57 491 129 556 ‘sed
158 491 193 556 hi
226 492 306 580 passi
340 506 416 556 sunt
448 492 546 581 aliqui
602 492 789 573 humanum,
819 508 853 560 et
881 495 976 582 quale
1008 497 1106 564 modo

57 578 219 644 ‘ridebam
233 579 267 643 in
282 577 333 642 Fr.
344 577 499 657 Asulano,
512 579 568 666 qui
583 581 617 644 in
632 580 742 647 limIne
756 581 852 668 primi
863 582 941 647 tomi
953 581 1104 662 Aldinae,

57 667 231 730 ‘accusatis
255 665 462 753 typographis
488 665 689 744 Florentinis,
715 668 859 753 queritur
886 668 975 734 aliud
1002 692 1105 757 genus

57 751 199 817 ‘sceleris
215 751 406 817 commisisse
423 750 639 820 Basileenses:
662 753 827 818 historiam
841 755 928 820 enirn
943 756 1106 843 quandem

58 845 178 903 ‘rerum
197 838 415 904 Romanarum
430 840 490 904 sub
504 839 634 906 nomine
650 839 812 906 Paterculi
826 840 972 919 edidisse,
988 843 1104 931 inquo
1205 916 1210 926 .

58 924 153 988 ‘nihil
178 925 247 990 iere
271 923 425 990 Latinum
452 925 585 1012 legetur,
632 926 698 992 uod
722 926 863 1014 Augusti
888 939 1032 1016 tempora
1053 952 1105 994 re·

59 1010 189 1088 ‘doleat
202 1012 320 1098 quibus
333 1033 408 1076 eum
421 1012 562 1078 floruisse
579 949 685 1078 velint.
721 1012 884 1078 Nimirum
899 1013 935 1078 in
949 1013 1104 1081 similibus

60 1097 274 1184 ‘deprehensa
287 1098 372 1162 fraus
387 1097 492 1178 efficit,
508 1113 545 1165 ut
565 1099 709 1164 nondum
730 1099 813 1165 bene
829 1101 995 1188 perpensis
1007 1101 1104 1166 etism

61 1184 175 1249 ‘verbis
190 1184 269 1250 boui
283 1184 450 1249 diffidant?

96 1269 228 1336 Etenim
255 1271 425 1348 intereos,
449 1271 505 1358 qui
528 1296 548 1337 a
571 1271 659 1337 Livii
683 1295 782 1337 manu
806 1271 868 1337 hoc
890 1272 1104 1358 fragmentum

60 1357 108 1438 (17
135 1358 243 1444 priora
267 1357 372 1444 capita
397 1357 470 1423 libri
497 1358 686 1443 XXXIII.)
709 1381 776 1423 esse
799 1369 1021 1446 pernegarent,
1044 1356 1107 1424 fuit

61 1441 83 1506 l.
100 1443 139 1508 G.
157 1444 292 1510 Vossius
315 1443 356 1509 de
377 1441 462 1508 Hist.
484 1443 555 1510 Lat.
577 1443 602 1510 L
624 1468 651 1509 c.
671 1449 721 1510 19.
743 1444 807 1509 rid
829 1444 946 1508 Thom.
969 1443 1106 1509 Heamii

61 1530 149 1614 praef.
176 1530 266 1618 apud
292 1529 532 1596 Drakenborch.
561 1545 636 1597 tom.
664 1531 741 1598 Vll.
766 1554 797 1619 p.
825 1535 898 1596 315.
952 1529 1106 1596 Ceterum

63 1616 153 1681 editio
170 1616 320 1682 Romana
338 1617 474 1704 repetita
487 1631 536 1682 est
550 1619 667 1683 Venet.
684 1639 733 1705 ap.
750 1616 820 1682 Ioh.
838 1616 931 1705 Bapt.
949 1616 1105 1695 cinnum,

63 1700 203 1768 informa
219 1703 375 1790 octuplice
391 1727 464 1768 ann.
484 1703 685 1770 MDCXVI.
721 1703 846 1768 Eodem
861 1726 946 1768 anno
957 1702 1105 1780 Parisiis3

64 1785 279 1856 Paderbornae
305 1789 379 1854 deni
405 1814 446 1855 ue
475 1812 559 1854 anno
586 1789 808 1856 MDCXVlI.
836 1791 914 1856 item
943 1789 1109 1874 informa

65 1875 213 2028 ididptlioe
239 1877 356 1942 librum
383 1814 553 1943 ltxxltl.
582 1875 650 1941 Ioh.
681 1873 841 1942 Ηοιτίοιι6
865 1876 950 1942 notis
975 1876 1107 1943 adiectis

132 1985 141 2025 1

104 2047 274 2126 Quoniam,
290 2049 346 2136 qui
368 2048 543 2114 editionem
564 2049 741 2137 principem
765 2048 992 2138 Moguntinam
1015 2072 1108 2116 cura-

67 2149 178 2213 remnt,
195 2135 297 2200 multa
319 2151 437 2201 temere
460 2149 494 2201 et
537 2159 571 2201 ro
592 2136 721 2202 arbitrio
741 2149 915 2214 mutarunt,
931 2136 1107 2202 editionem

69 2217 286 2288 Frobenianam
313 2223 390 2286 anni
415 2223 492 2288 MD
531 2223 628 2288 XXI.
656 2221 881 2288 conferendam
906 2245 974 2288 esse
997 2223 1108 2287 existi·

69 2309 150 2386 mari,
164 2309 217 2374 cui
239 2307 377 2396 praefuit
392 2307 557 2386 Gelenius,
573 2308 622 2373 vir
642 2309 676 2373 in
698 2308 749 2372 his
770 2309 865 2374 rebus
886 2331 1011 2374 summa
1031 2331 1106 2374 cum

69 2390 222 2482 diligentia
235 2394 351 2461 versari
363 2393 483 2475 solitus,
499 2396 556 2483 qui
570 2395 639 2461 cod.
656 2395 788 2461 unicum
805 2395 889 2473 MS,
904 2395 992 2461 unde
1007 2394 1107 2461 editio

70 2476 254 2578 lloguntina
268 2482 446 2570 parabatur,
459 2482 607 2548 secundis
621 2482 706 2547 curis
720 2483 881 2548 recensuit
917 2481 1021 2567 quue
1033 2504 1110 2569 ope-

71 2586 106 2631 ns
118 2592 181 2634 non
195 2570 264 2635 sine
279 2591 396 2655 magno
406 2568 512 2634 fructu
527 2592 578 2633 me
590 2568 774 2656 suscepisse,
787 2567 878 2631 valde
890 2567 1015 2654 gavisus
1026 2590 1106 2631 sum.

106 2653 223 2721 Passim
248 2678 357 2721 causas
379 2656 639 2755 corruptelarum,
642 2656 781 2807 opassim
804 2676 910 2718 veram
935 2652 1008 2717 libri
1032 2652 1107 2719 MS.

71 2736 229 2809 lectionem
253 2754 441 2807 memoratas
462 2742 579 2820 rnveni,
596 2765 640 2828 qu
706 2740 769 2805 uisi
790 2740 984 2829 contigisset,
1000 2740 1109 2805 multis

72 2823 138 2892 locis
152 2828 330 2916 vulgarium
352 2827 524 2893 lectionum
547 2829 703 2917 originem
725 2827 876 2915 indagare
895 2827 1011 2891 frustra
1032 2827 1109 2891 alla·

73 2909 216 2981 borabam.
264 2914 351 2980 Nam
365 2915 406 2980 de
426 2937 484 2980 suo
504 2915 614 2980 codice
634 2914 713 2979 haec
730 2913 886 2980 Gelenius
905 2913 1048 3001 prodidit
1066 2912 1109 2979 ad

74 2995 132 3065 Liv.
150 3001 320 3069 XXXIII.
340 3007 392 3067 21.
430 3001 552 3076 ‘Quod
571 3024 645 3066 rero
667 3001 767 3066 editio
785 3000 979 3088 Mogontina
1001 2999 1054 3065 hic
1075 3012 1110 3065 et

75 3086 151 3152 ‘aliis
184 3088 263 3153 locis
299 3087 514 3176 degenerarit,
545 3088 580 3151 in
609 3110 704 3151 causa
739 3087 799 3152 fuit
830 3110 951 3175 priscus
980 3085 1109 3152 charac-

76 3177 141 3251 ‘ter,
170 3197 231 3240 nec
261 3173 322 3240 hoc
351 3175 458 3239 seculo
488 3174 587 3239 cuivis
619 3172 706 3239 lectu
734 3173 853 3238 facilis’
912 3172 1022 3238 Editio
1055 3173 1111 3237 illa

76 3254 210 3327 Frobenii
264 3284 349 3326 anno
402 3262 624 3327 MDXXXI.
693 3259 836 3325 Basileae
880 3259 967 3323 edita
1009 3260 1111 3324 forma

76 3346 188 3413 maiore.
237 3346 429 3413 Prodierunt
465 3347 500 3411 in
536 3346 596 3412 hae
633 3345 773 3411 editione
810 3345 949 3432 primum
981 3344 1111 3409 decadis

102 3558 115 3608 6
130 3562 168 3611 De
180 3561 313 3623 Burrieno,
323 3562 440 3625 scripturn
456 3562 481 3609 in
493 3562 571 3610 Bibli-
604 3566 656 3611 tate
676 3576 822 3624 progressus,
841 3558 986 3622 Moguntiae
1005 3559 1112 3621 philoso-

78 3622 119 3673 ou.
130 3626 173 3675 scri
193 3632 274 3677 torum
287 3626 312 3675 S.
324 3628 355 3685 1,
367 3642 440 3689 opere
456 3626 572 3675 inchoato
605 3626 698 3689 phium,
708 3626 798 3674 deinde
814 3630 840 3673 et
853 3624 888 3672 ibi
902 3633 928 3672 et
941 3624 1112 3672 Paderbornss

78 3688 133 3737 atti
180 3692 265 3740 eneira
278 3706 335 3739 ann.
351 3690 570 3749 MD011.‚conti-
602 3689 753 3753 theologn'sm
771 3687 951 3746 scholasticam,
970 3692 996 3735 et
1018 3702 1112 3736 sacram

79 3761 140 3801 nuto
158 3756 190 3803 ab
209 3756 346 3817 Alegembe
367 3768 444 3815 usque
465 3754 497 3803 ad
514 3770 571 3803 ann.
603 3754 749 3829 scripturam
760 3753 845 3802 multis
855 3752 926 3800 annis
936 3751 1026 3800 docnt.
1061 3751 1111 3800 De

79 3813 247 3877 MDcxnlt,
265 3819 388 3883 recognito
408 3822 433 3866 st
452 3818 572 3879 producto
604 3817 645 3866 siit
655 3823 718 3866 mter
728 3818 845 3865 mortnles
855 3815 935 3864 vivere
943 3816 1063 3865 Coloniae
1071 3815 1113 3865 dis

79 3878 104 3926 ul
118 3898 206 3931 mnnm
224 3883 331 3933 Iubilaei
347 3882 542 3932 MDOLXXV.
558 3896 574 3930 a
607 3879 1113 3943 onAngust.164r.''edd.11ck.inPan·

81 3940 224 3996 Natbenaele
250 3946 364 3997 Sotrello.
389 3943 477 4009 (Rom.
505 3944 574 4007 1676.
607 3946 681 3994 theon
697 3946 721 3995 d.
738 3942 950 3993 BembGelehrt.
965 3945 1113 4005 ann01815.

80 4004 124 4083 sol)
143 4026 165 4073 p.
184 4009 240 4073 463.
264 4012 423 4060 “torsisse
442 4010 575 4068 Hortarer«,
608 4010 631 4058 d.
647 4008 670 4058 8.
687 4010 750 4071 Aug.
765 4024 801 4057 nr.
818 4006 855 4056 16.
871 4023 895 4070 p.
911 4022 981 4057 2120.
998 4024 1023 4056 n.
1042 4022 1113 4057 arar.

81 4080 167 4123 nubens
177 4074 264 4138 Belga,
271 4080 346 4137 gente
357 4074 449 4133 Eburo,
458 4073 576 4123 dioecesis
607 4072 727 4123 Biblioth.
752 4071 892 4123 coloniens
920 4086 969 4121 cur.
997 4076 1023 4120 st
1048 4072 1113 4121 stud

82 4132 218 4199 leodiensis,
238 4138 361 4201 ingressus
381 4138 406 4186 in
433 4138 575 4187 societatem
609 4135 1060 4199 loseph.}1mzueim.s1.1>moyt
1069 4137 1113 4186 SS.

82 4200 208 4251 sedecennis
223 4219 289 4252 anno
303 4200 382 4268 1691,
397 4207 422 4251 et
434 4207 491 4250 rote
505 4206 574 4264 quae
607 4200 696 4249 Theoi.
708 4200 783 4249 Dect.
795 4206 820 4248 et
835 4200 941 4262 Regent.
953 4199 1046 4263 Gymn.
1059 4199 1113 4248 Tri·

82 4266 128 4312 tror
144 4268 262 4328 professus
279 4273 325 4317 est
359 4267 386 4315 Is
401 4281 458 4315 cum
474 4280 576 4329 magnos
607 4270 715 4315 coronat.
732 4262 1084 4328 (Colon.fol.1747.)p.18r.

83 4323 166 4379 {sehet
180 4330 206 4380 in
220 4330 287 4395 poesi
301 4337 328 4381 et
342 4331 368 4379 iu
383 4328 487 4379 oratoria
499 4330 575 4379 facul·
