2934 4800
350 204 416 265 380
719 192 1032 266 PRAEFATIO

350 357 589 445 perversiusque
611 367 669 422 aut
688 356 769 445 fingi
790 369 846 422 aut
866 356 998 443 cogitari
1020 354 1132 442 possit,
1158 364 1267 417 utrum
1286 349 1362 438 puin
1408 318 1409 363 l

350 458 460 545 megia,
486 480 529 524 eu
553 459 727 547 poeniteat,
754 456 843 544 quod
868 457 949 523 haee
974 454 1195 523 deliramenta
1221 452 1254 517 in
1277 466 1364 517 mnu

351 560 493 625 tionibus
515 560 558 625 ad
581 560 774 626 tricesimum
800 558 932 625 tertium
957 557 1043 624 Livii
1066 556 1194 623 librum
1220 574 1366 621 commm-

352 662 497 741 raverim,
512 662 671 727 incertum
684 661 796 727 bsbeo.
831 658 1003 726 Praeterea
1016 658 1177 736 Tufelius,
1191 678 1289 745 quum
1301 654 1368 741 plne

352 784 519 851 operarum
539 786 669 841 errores,
688 762 788 829 veluti
811 762 881 828 Lis.
903 758 947 827 X.
968 766 1021 827 46.
1042 760 1096 826 ubi
1115 763 1322 845 lacemque
1335 778 1369 843 ps

353 866 560 952 locorumque
572 866 779 952 publicorum
799 888 819 931 a
838 864 1006 954 typothete
1028 863 1104 952 poni
1127 882 1250 949 pexus
1270 874 1318 935 m,
1331 880 1370 921 nm

353 966 527 1032 eorrexerit
551 977 586 1031 et
610 964 765 1032 lectiones
788 989 808 1031 a
829 988 882 1031 me
905 966 958 1031 vel
982 979 1124 1053 receptes
1150 962 1209 1028 vel
1233 960 1371 1049 repudium

352 1087 466 1159 patum
493 1082 640 1135 accurate
668 1067 866 1145 iudicaverit,
894 1068 954 1134 hac
980 1068 1049 1155 ipsa
1072 1066 1207 1132 incuria
1236 1064 1335 1139 effecit
1351 1082 1372 1125 tt

352 1172 487 1239 editioni
512 1170 620 1260 poullo
645 1183 718 1258 post
743 1191 764 1236 a
789 1168 1140 1257 Beumgmen.cm³i⁰
1170 1168 1371 1243 „domm
1407 1211 1408 1216 ,

353 1297 420 1363 qua
433 1286 549 1353 textus,
561 1294 660 1361 quem
673 1285 799 1352 vocant,
811 1296 853 1339 ex
868 1272 984 1338 Tafelii
998 1272 1138 1337 editione
1156 1271 1329 1358 descriptus
1338 1285 1371 1341 ει,

353 1377 527 1444 nonnullae
550 1390 793 1464 aspergerentur
814 1376 987 1453 labeculae,
1006 1387 1040 1441 et
1062 1374 1166 1462 plura,
1190 1395 1277 1460 quse
1295 1368 1370 1437 l'rfll

354 1479 568 1569 negligentiae
596 1478 767 1545 tribuenda
794 1490 910 1557 essent,
940 1479 981 1543 ab
1006 1477 1126 1542 editore
1158 1474 1371 1542 doctisdmob

354 1583 473 1661 critica,
510 1603 606 1670 quam
643 1580 769 1659 adiecit,
803 1580 1009 1646 annotatione
1044 1579 1124 1645 mihi
1161 1579 1369 1667 imputarentur.
1407 1589 1408 1612 ¹

249 1766 252 1770 ἵ
358 1684 489 1752 Codicis
517 1695 625 1749 eutem
654 1681 900 1769 Bambergensis
928 1680 1036 1768 copias
1064 1703 1084 1745 a
1110 1680 1270 1745 Goellero
1291 1700 1371 1765 srppe

355 1785 470 1852 ditatas
484 1782 852 1872 Bsumgerten·Cmsius
872 1784 918 1849 its
936 1784 970 1849 in
990 1804 1058 1849 rem
1077 1804 1168 1850 arram
1190 1782 1369 1857 convertito
1407 1785 1408 1802 ¹

354 1910 376 1953 a
389 1885 506 1953 Tsfelii
524 1887 704 1952 temeritate
723 1886 784 1953 sibi
804 1884 916 1953 sedulo
934 1898 1069 1965 caveret,
1085 1886 1283 1973 iniuriaque
1294 1880 1370 1948 abillo

355 1988 435 2055 mihi
456 1987 558 2055 illatas
579 2010 645 2054 non
667 1989 776 2068 semel,
791 1988 848 2055 sed
869 1988 994 2075 saepius
1011 1987 1211 2067 defenderet,
1227 2000 1262 2054 et
1278 1986 1309 2050 in
1324 1981 1367 2070 ple

354 2094 472 2180 risque,
494 2092 529 2157 id
550 2092 638 2180 quod
659 2092 727 2181 ipse
749 2093 791 2158 ed
813 2092 885 2158 Liv.
902 2090 1066 2157 XXXIV.
1090 2098 1144 2159 22.
1163 2092 1317 2181 prossus
1332 2098 1368 2159 ἃ,

354 2214 408 2259 me
431 2208 628 2282 sequeretur,
653 2194 712 2260 sed
737 2206 774 2260 ut
798 2216 888 2261 susm
912 2194 1069 2259 rationem
1096 2206 1232 2261 teneret.
1281 2191 1366 2256 Verm

353 2296 442 2361 enim
459 2319 536 2362 vero
554 2298 591 2362 in
613 2310 703 2363 tanta
723 2297 897 2364 lectionum
914 2299 1065 2365 varietate
1084 2322 1122 2365 ae
1136 2299 1312 2366 diversitate
1323 2292 1366 2357 fieri

354 2423 421 2468 non
449 2401 564 2489 potuit,
595 2402 675 2489 quin
704 2403 866 2468 interdum
896 2426 915 2468 a
941 2403 1010 2469 viro
1039 2402 1225 2472 doctissimo
1260 2398 1364 2483 miliqu

353 2505 513 2572 carissimo
539 2505 759 2584 dissentirem
792 2505 880 2595 quod
906 2507 954 2572 uti
979 2507 1165 2594 priusquam
1191 2498 1366 2593 collegim-

353 2627 453 2687 mum,
468 2607 586 2674 deinde
601 2608 762 2673 affinitatis
781 2606 1014 2674 necessitudine
1035 2631 1110 2676 cum
1128 2632 1169 2675 eo
1184 2609 1364 2693 coniungere,

352 2707 453 2775 literis
482 2710 751 2798 consignaverunt,
777 2710 822 2776 its
851 2731 893 2776 ne
924 2733 1010 2774 nunc
1036 2710 1179 2797 quidem,
1205 2709 1298 2776 animi
1321 2703 1364 2769 ete

353 2810 490 2876 candore
516 2811 729 2878 iamdudum
754 2824 931 2900 perspecto,
954 2811 1080 2900 publice
1106 2812 1304 2900 pronuntiare
1322 2827 1363 2870 nou

353 2911 506 2979 dubitavi.
553 2912 721 2991 Quantum
743 2926 860 2992 sutem,
875 2935 975 3001 quum
997 2914 1077 2980 mihi
1098 2936 1165 2980 non
1185 2916 1234 2982 ite
1251 2913 1360 3002 placem

354 3026 390 3080 ut
412 3016 527 3080 erroris
550 3017 714 3083 convictus
738 3017 773 3082 in
796 3015 930 3082 eliorum
953 3015 1145 3082 sententiam
1166 3017 1317 3084 discedere
1333 3032 1362 3075 rt-

353 3139 472 3195 cusem,
488 3115 830 3207 Baumgurten-Crusii
849 3116 969 3183 iudicio
991 3117 1167 3198 tribuerim,
1186 3142 1229 3185 ex
1248 3141 1283 3186 eo
1298 3113 1362 3204 pods

352 3218 469 3285 simum
485 3219 684 3308 intelligitur,
699 3219 788 3308 quod
804 3219 840 3284 in
857 3231 1047 3309 stereotypa,
1063 3243 1160 3309 quam
1175 3234 1295 3300 vocant,
1308 3213 1362 3284 Liri

353 3319 505 3400 editione,
531 3345 613 3410 quse
638 3334 750 3411 postea
775 3321 962 3388 Tauchnitii
986 3322 1139 3410 impensis
1163 3339 1273 3412 perata
1292 3333 1318 3386 et
1337 3311 1363 3380 sl

353 3424 473 3491 codicis
487 3423 730 3514 Bambergensis
749 3425 868 3512 pariter
886 3447 923 3490 eo
938 3424 1199 3492 vindobonensis
1216 3427 1305 3494 fidem
1317 3418 1363 3486 dil·

218 3535 222 3544 '
352 3527 480 3615 gentius
503 3528 678 3616 composita
700 3539 758 3606 est,
773 3527 851 3593 alios
872 3527 958 3593 Livii
981 3526 1067 3594 locos
1090 3551 1132 3595 ex
1152 3529 1222 3597 eius
1240 3530 1361 3596 voluntate

352 3631 554 3719 corrigerem,
569 3629 648 3696 alios
662 3629 769 3696 eidem
784 3630 952 3696 obsecutus
969 3629 1011 3694 ed
1027 3631 1172 3698 lectionis
1185 3632 1319 3721 vulgatus
1333 3627 1362 3688 ln·

353 3734 533 3821 tegritatem
553 3755 744 3799 revocarem.
788 3731 963 3820 Propterea
981 3730 1129 3799 Beklrero
1146 3756 1286 3822 quoque,
1297 3745 1361 3819 quun

352 3831 471 3902 codicis
499 3834 756 3902 vindobonensis
787 3834 999 3913 collationem,
1025 3835 1067 3901 de
1098 3859 1163 3923 qua
1191 3859 1287 3925 supra
1309 3851 1363 3899 oon·

351 3937 533 4016 memoravi,
549 3937 592 4003 ad
605 3960 680 4004 eum
694 3939 950 4016 transmitterem,
962 3959 1155 4027 magnopere
1170 3953 1281 4006 auctor
1292 3937 1332 4012 fni,
1341 3942 1361 3995 υἱ

351 4038 412 4104 hac
426 4040 532 4127 potius
547 4039 633 4106 Livii
647 4039 799 4120 editione,
812 4063 908 4128 quam
924 4039 1117 4107 Ernestieua
1130 4065 1150 4106 a
1163 4064 1215 4108 me
1230 4037 1361 4130 recognita

351 4161 435 4224 quae
449 4141 657 4206 inexcusabili
671 4165 792 4222 eorum,
807 4145 865 4232 qui
885 4144 1124 4233 typothetarum
1143 4145 1310 4234 specimina
1320 4159 1360 4206 cot·

351 4238 485 4322 figenda
498 4256 700 4328 acceperunt,
714 4246 860 4312 socordis
878 4246 1022 4334 pluribus
1042 4248 1165 4316 lacunis
1184 4261 1218 4316 et
1237 4241 1361 4338 permulti

1405 1967 1408 2082 l

1405 2137 1408 2274 l
