2934 4800
478 185 576 288 ma.
599 221 692 290 xm
725 211 893 294 aaut.
1172 235 1210 296 ιι

154 359 297 426 Albinus
319 343 541 448 ex'Hispania
563 358 699 425 Romam
722 381 823 462 quum
844 361 1058 441 revertiment,
1080 377 1299 434 senatusue.
1314 396 1371 448 574·

126 447 197 512 siis
212 469 232 512 a
252 446 299 512 M.
313 447 436 512 'litiuio
454 459 600 547 praetore
614 446 708 512 datus
727 469 762 513 m
782 446 861 513 aede
883 447 1036 516 Bellonae
1056 449 1098 515 ad
1112 447 1251 518 disse-A
1268 449 1298 500 ⁰·
1317 450 1371 512 ¹⁷⁸·

154 534 273 599 rendae
287 555 347 612 res,
360 555 439 621 quas
584 546 630 610 ut,
639 533 911 622 postulandosque
922 533 1059 601 honores
1069 538 1209 618 meritos,

154 635 195 684 ut
209 619 272 685 diis
286 618 456 685 immortali
480 643 517 685 us
531 620 573 685 ha
613 633 701 685 retur
715 619 825 686 honos.

203 705 327 772 Eodem
348 719 491 794 tempore
506 720 539 772 et
559 707 594 770 in
613 705 760 772 Sardinia
774 729 924 795 magnum
940 709 1115 776 tumultum
1129 733 1209 790 esse,
1219 726 1347 777 hunus

10 785 17 810 ¹
127 799 147 851 6
155 793 258 859 literis
272 793 312 860 Τ.
327 791 460 859 Aebutii
474 794 626 881 praetoris
640 794 804 880 cognitum
820 807 878 872 est,
893 817 972 882 quas
986 796 1155 864 filiuseius
1168 798 1210 864 ad
1219 793 1348 842 tunsurus

131 893 305 949 tsenatum
324 879 481 946 attulemt
526 879 668 958 ilienses,
688 879 848 947 adiunctis
868 881 1053 948 Balarorum
1073 884 1210 963 auxiliis,

155 981 304 1056 pacatam
323 967 518 1054 provinciam
535 967 734 1032 invaserant:
757 989 819 1034 nec
837 968 877 1032 iis
896 967 1037 1034 invalido
1056 973 1210 1050 exercitu,

155 1067 193 1119 et
209 1075 325 1142 magua
343 1067 433 1142 parte
450 1052 632 1142 pestilentia
650 1053 829 1141 absumpto,
848 1055 948 1120 resisti
967 1069 1100 1144 potarat
1147 1057 1211 1123 Ee·

155 1139 235 1206 dem
256 1154 290 1205 et
314 1139 485 1206 Sardorum
507 1139 603 1227 legati
624 1141 833 1218 nuntiabant3
864 1155 999 1220 orantes,
1021 1155 1060 1208 ut
1080 1144 1211 1210 urbibus

155 1226 270 1292 saltem
282 1227 360 1312 (iam
376 1226 462 1291 enim
474 1249 564 1313 agros
578 1226 758 1315 deploratos
768 1226 853 1306 ease)
861 1251 955 1328 opem
966 1243 1094 1295 senatus
1104 1230 1209 1296 ferret

157 1312 252 1378 Haec
271 1313 398 1401 legatio,
414 1327 579 1413 totumque
594 1313 683 1400 quod
702 1313 745 1378 ad
766 1313 945 1380 Sardiumm
964 1315 1153 1402 pertinebat,
1169 1317 1211 1382 ad

156 1422 259 1464 novos
273 1401 474 1488 magistratus
488 1413 641 1464 retectum
656 1412 713 1464 est.

205 1488 319 1574 Aeque
346 1485 531 1551 miserabilis
556 1485 674 1573 legatio
701 1486 730 1550 L
753 1485 884 1563 ciorum,
906 1487 964 1574 qui
990 1487 1210 1554 crudelitatem
1220 1502 1352 1566 Lyciorum

135 1572 372 1650 8Rhodiorum‚
389 1573 504 1660 quibus
517 1573 557 1636 ab
572 1573 611 1637 L.
624 1509 778 1638 Cornebo
794 1572 943 1662 Scipione
954 1575 1099 1640 attributi
1109 1589 1209 1655 eraut,
1218 1569 1339 1631 ΨΜ·

161 1661 391 1746 querebantur:
421 1659 551 1742 ‘Fuisse
572 1660 632 1728 sub
654 1659 776 1724 ditione
798 1658 970 1726 Antiochi:
997 1683 1068 1726 eam
1089 1663 1210 1763 regiam

162 1747 374 1823 ‘servimtem
386 1745 532 1811 collatam
544 1769 617 1810 cum
632 1746 791 1833 praesenti
806 1759 899 1825 statu,
911 1747 1103 1834 praeclaram
1115 1749 1211 1814 liber-

84 1909 91 1920 ·
160 1834 402 1914 ‘tatemvisam
449 1832 525 1897 Nou
539 1832 668 1920 publico
687 1845 814 1898 tantum
827 1855 862 1898 se
876 1835 977 1920 premi
992 1835 1136 1922 imperio,
1152 1835 1210 1902 sed

131 1911 171 2008 ξ’
179 1919 320 2007 singulos
331 1921 450 1985 iustum
461 1920 528 2007 pati
539 1919 710 1985 servitium.
757 1919 852 1985 quta
866 1943 899 1985 se
914 1922 1066 2008 coniuges
1080 1921 1210 1988 liberos·
1267 1994 1270 2002 ,

159 2007 929 2180 {diffiiflltiniliiitbeiffilffi
938 2031 947 2072 ²
965 2008 1210 2162 {immid

132 2179 307 2245 a‘odioms
325 2179 405 2256 fieri,
424 2180 501 2244 iuris
520 2178 618 2244 etiam
638 2180 811 2267 usurpandi
832 2203 946 2257 causa3
968 2163 1010 2245 ire
1026 2117 1089 2282 bam
1110 2182 1210 2247 dubio

159 2265 330 2344 ‘habeant
352 2265 433 2331 nihil
451 2267 534 2330 inter
550 2288 583 2331 sa
605 2278 638 2332 et
657 2280 788 2354 argento
807 2281 917 2353 parata
935 2269 1092 2368 maucrpia
1111 2269 1210 2334 inter·

161 2353 269 2422 ‘esna'
312 2351 424 2419 Motus
439 2353 489 2418 his
503 2365 639 2431 senatus,
650 2353 757 2419 literas
768 2352 929 2442 Lyciisad
944 2354 1089 2421 Rhodtos
1103 2354 1207 2422 dedit:

133 2439 255 2511 a‘Nec
270 2440 387 2531 Lycios
403 2440 549 2517 Rhodiis,
561 2462 621 2505 nec
636 2439 717 2505 ullos
728 2440 782 2505 alii
793 2442 953 2541 cuiquam,
963 2442 1020 2529 qui
1034 2442 1101 2507 uati
1116 2442 1209 2508 liberi

161 2527 255 2605 ‘sirit
272 2528 304 2592 iu
319 2528 503 2593 servitutem
523 2527 591 2591 dari
606 2526 740 2613 placere.
785 2526 903 2613 Lycios
920 2529 966 2592 ita
984 2528 1044 2593 sub
1065 2527 1210 2595 Rhodio-

162 2624 253 2679 ‘rum
267 2614 363 2680 simul
376 2614 509 2702 imperio
524 2628 557 2679 et
572 2612 672 2679 tutela
685 2636 763 2691 esse,
778 2627 814 2678 ut
829 2614 864 2677 in
878 2614 1000 2679 ditione
1015 2614 1126 2703 populi
1142 2616 1209 2682 Ro-

162 2702 270 2766 ‘mani
285 2702 427 2767 civitates
441 2701 542 2765 sociae
558 2700 641 2764 aint'
773 2708 777 2713 ’

206 2788 377 2876 Triumphi
392 2787 509 2853 deinde
524 2810 565 2853 ex
586 2786 744 2874 Hispania
757 2786 822 2852 duo
841 2786 986 2853 continui
1000 2788 1073 2853 acti.
1117 2788 1209 2854 Prior
1296 2838 1306 2856 .

196 3041 210 3091 5
226 3030 671 3093 Addiceeraudasreledisrerendos
739 3044 749 3077 ι
766 3033 844 3079 Iusto
857 3047 884 3081 se
899 3033 1025 3093 minyas]
1048 3032 1106 3081 Sese
1120 3032 1211 3094 pariter

164 3094 303 3144 Gronoritu
314 3095 463 3155 emendavit,
474 3096 592 3158 probante
602 3096 671 3143 Dou·
704 3094 866 3156 coniugesque
877 3110 907 3143 ac
917 3096 1005 3143 liberos
1016 3096 1105 3146 vexari.
1138 3097 1209 3145 Simi-

162 3158 223 3208 iatio
234 3164 260 3207 et
270 3158 401 3208 Crevierio.
704 3158 760 3207 liter
769 3160 841 3207 iusta
851 3174 895 3221 pro
907 3174 993 3221 aeque,
1002 3160 1100 3222 pariter,
1108 3175 1209 3223 usurpa·

195 3221 460 3273 dbltesisT.Aabutii
466 3226 600 3286 praetoris]
619 3222 671 3272 Hic
703 3228 830 3285 tur‘supr.
851 3223 929 3274 mii.
952 3238 988 3283 14.
1006 3224 1109 3273 mviii.
1128 3240 1168 3289 ²9·
1184 3230 1211 3273 et

163 3287 283 3337 habemus
304 3293 330 3335 ct
354 3302 444 3336 nomen
469 3293 494 3336 et
520 3288 670 3350 provinciam
702 3286 769 3337 alibi.
948 3302 953 3313 ·

163 3350 238 3400 unius
252 3366 266 3399 a
281 3351 432 3413 praetoribus
443 3352 515 3400 huius
525 3353 592 3410 anni,
603 3352 671 3401 cuius
736 3354 909 3402 clericalium
916 3354 1068 3415 amrpaadi]
1082 3352 1211 3400 Naufruo-

164 3415 257 3464 mentio
273 3416 428 3464 interciderat
443 3430 498 3465 cum
515 3416 553 3475 iis,
564 3432 626 3478 quae
639 3432 670 3464 ax
703 3413 744 3463 tha
757 3417 863 3465 alicuius
878 3422 922 3465 aut
934 3416 1093 3465 emolumenti
1104 3432 1157 3477 sps,
1168 3415 1211 3464 sed

164 3480 235 3529 initio
241 3479 315 3529 huius
322 3480 376 3529 libri
383 3480 510 3543 deperdita
516 3486 579 3529 utut.
589 3482 670 3531 caer.
702 3481 778 3541 plane
790 3486 817 3528 ut
828 3481 940 3529 dominos
949 3495 1002 3529 asse
1012 3481 1151 3541 probarent.

199 3545 343 3605 7Ilicmst]
363 3543 416 3600 Qui
432 3560 497 3606 supr.
513 3544 547 3592 xl.
565 3558 601 3609 19.
619 3560 669 3593 mc-
736 3548 821 3606 3Neo
842 3546 927 3606 Lycios
947 3544 1062 3602 Rhodiis]
1093 3542 1211 3605 Polybius

136 3604 140 3613 ’
164 3614 298 3657 morantur.
331 3608 426 3657 Verum
438 3608 578 3663 Sardorum.
590 3607 668 3683 quiin
703 3606 1211 3671 Exc.Leg.6o.tmdithocdecretnmmul-

165 3672 242 3721 dariis
255 3672 380 3721 montibus
393 3672 537 3720 habitabant
553 3678 578 3719 et
592 3686 672 3721 rncur·
704 3671 737 3719 tia
749 3686 904 3733 nequaquam
922 3671 1056 3733 placidare:
1082 3678 1212 3735 propterea

165 3736 245 3786 aionas
260 3736 286 3785 in
303 3743 463 3799 campestrem
479 3736 602 3797 regionem
618 3750 672 3797 pro-
705 3736 771 3797 quod
784 3734 891 3783 Romani
906 3735 1045 3784 riderentur
1055 3735 1081 3784 id
1092 3752 1172 3798 agere,
1183 3742 1211 3785 nt

167 3802 260 3850 vinciae
277 3806 378 3863 mutae
394 3800 528 3849 identidem
541 3800 673 3859 feriebant,
706 3799 886 3847 committerent
900 3800 964 3848 iuter
974 3816 1000 3849 se
1015 3800 1126 3849 Rhodios
1139 3800 1211 3863 Lyci·

164 3872 215 3914 tres
227 3870 392 3914 memorantur
405 3864 491 3923 tribua,
504 3864 606 3913 Ilienses
622 3864 673 3912 sire
706 3878 790 3925 osque,
801 3864 833 3911 ad
847 3864 1025 3913 exhauriendos
1039 3870 1173 3927 apparatus
1186 3869 1213 3912 et

166 3928 672 3989 Iolai‚Balari‚ctCorsioaui.cs.Niebhr.
705 3928 831 3976 thesaruos
849 3928 1011 4004 Rhflffifflms
1029 3943 1132 4002 quorum
1155 3943 1212 3976 cum

166 4010 218 4105 tq.
231 4006 325 4116 ⁵<ilicibus
338 4093 346 4106 .
361 4092 369 4107 .
383 4058 496 4105 attributi
517 4056 602 4119 nant]
633 4056 674 4105 Ex
706 3992 1213 4128 {qmrqopgqqtgavseurqpiepgltqqrprppreffi'

166 4128 265 4171 muts
275 4122 372 4170 decreto
383 4136 448 4183 supr.
459 4121 551 4171 xxxvii.
564 4134 603 4182 55.
707 4120 766 4184 Lag.
776 4118 814 4169 61.
827 4120 924 4182 Lycios,
935 4121 976 4183 qui
988 4120 1038 4167 iarn
1049 4119 1212 4180 vicuacquis

200 4189 325 4250 plastem
330 4183 530 4248 paritet-uitium]
547 4186 675 4234 Veramac
708 4190 793 4233 verant
815 4185 968 4234 Rhodiorum
993 4182 1110 4244 imperiis,
1127 4181 1212 4231 audito

167 4250 267 4313 plerum
274 4250 423 4299 servitutem.
438 4248 480 4298 Sic
488 4249 547 4299 alibi
556 4251 623 4311 apud
631 4265 673 4297 no-
706 4250 874 4298 Romanorum
884 4262 998 4311 mponso
1005 4246 1213 4297 rursustamultu-

168 4320 243 4363 atnam
262 4316 324 4364 irato
341 4316 458 4373 merita,
475 4315 537 4364 iusto
554 4316 673 4377 episima
705 4314 741 4363 ari
752 4314 869 4376 coepisse.
885 4315 966 4363 Gaas.

168 4380 249 4429 cml
