2934 4800
326 229 643 300 EDITIONUM
675 231 819 299 LIVII.
1030 238 1095 300 455

81 369 264 434 meritus
292 385 349 448 eet,
376 385 473 457 atque
502 369 589 434 hunc
614 370 807 445 thesaurum,
834 379 890 433 out
914 378 1001 433 certe
1027 369 1096 434 eius

84 469 264 539 partem,
288 458 379 523 nobie
400 457 554 533 serverin
582 457 638 543 qui
662 469 769 520 utrum
793 454 891 519 hodie
913 455 1020 519 adhuc
1042 478 1096 520 su·

86 542 240 626 penit,
256 557 311 607 eut
325 544 380 608 ubi
395 544 501 621 lateat,
518 543 674 607 incertum
689 554 746 606 est.

60 632 107 690 Β.
146 626 314 778 Venetilis
336 631 421 716 apud
437 630 558 694 Aldum
579 629 722 716 quinque
745 627 849 704 tomis,
863 627 899 691 in
919 627 1021 692 formo
1041 649 1095 692 oo·

60 718 104 776 9.
181 729 261 778 octu
297 717 355 781 ice.

60 804 107 862 O.
149 738 293 865 Primii
316 816 421 867 tomus
444 802 587 867 continet
606 802 718 867 decem
741 799 861 887 primos
881 799 965 864 Livii
987 798 1092 878 libros,

68 885 182 950 Lad
203 887 295 952 cuius
316 887 435 953 calcem
457 889 535 953 hoec
555 887 679 953 adiecta
695 904 789 952 sunt:
817 899 851 950 et
873 884 1040 950 ‘Venetiis
1059 887 1094 950 in

60 993 67 1033 :
121 981 137 1009 ‘
155 972 300 1038 aedibus
320 974 409 1052 Aldi,
430 988 464 1040 et
484 974 633 1039 Andreae
653 973 763 1050 soceri,
784 994 892 1036 mense
911 972 1093 1050 Decembri,

59 1059 396 1126 t3.M.D.XV111.’
447 1060 614 1126 Secundus
644 1059 763 1124 bellum
792 1058 952 1123 Punicum
981 1081 1094 1124 secun-

116 1144 241 1209 dum:
263 1145 303 1209 ad
318 1146 415 1210 finem
431 1161 538 1212 autem
550 1147 629 1210 haec
641 1158 716 1210 notu
727 1143 858 1208 chronol
901 1145 949 1209 'ca
959 1146 1094 1231 ascripta

121 1245 209 1294 est:
240 1231 407 1296 ‘Venetiis
433 1234 467 1296 in
492 1232 624 1297 aedibus
651 1230 739 1307 Aldi,
766 1246 799 1294 et
825 1231 879 1294 An
904 1253 956 1294 roe
981 1233 1092 1307 soceri,

123 1326 137 1354 ‘
157 1340 274 1382 mense
295 1318 474 1384 Februario.
493 1319 700 1384 M.D.XIX.’
744 1316 873 1380 Tertius
887 1330 1034 1402 quartum
1055 1316 1094 1380 li·

122 1404 271 1467 brorum
293 1403 423 1483 decade,
444 1405 504 1470 hac
527 1404 567 1468 ad
591 1404 689 1468 tinem
713 1402 822 1466 addita
840 1402 1090 1488 subscriptione:

126 1498 140 1526 ‘
158 1487 312 1554 Venetiis
355 1491 388 1554 in
428 1492 560 1556 aedibus
598 1489 685 1566 Aldi,
725 1502 758 1552 et
795 1487 946 1552 Andreae
982 1489 1093 1566 soceri,

126 1585 141 1613 ‘
157 1575 266 1640 mensi
296 1575 479 1642 Novembri.
513 1576 710 1642 M.D.XXJ
766 1573 907 1649 Quartus
935 1574 1094 1661 complec-

128 1663 346 1812 {iu‘riiii
362 1660 1095 1814 titttittiffltpitttittittt

131 1857 182 1898 ex
207 1834 344 1912 ibentur‚
375 1859 433 1900 sue
462 1770 662 1922 prueiiputiril
683 1770 843 1919 epitome3
879 1833 1021 1898 secundo
1050 1833 1091 1900 L.

133 1920 292 1996 Florum;
321 1922 413 1986 tertio
434 1921 562 2009 Polybii
585 1920 797 1986 Historiarum
819 1918 914 1984 libros
937 1921 1091 2006 quinque,
1198 1983 1206 2004 ,

135 2005 280 2072 Nicolao
295 2007 425 2072 Perotto
446 2009 617 2095 interprete
637 2007 672 2070 in
690 2005 832 2091 linguam
847 2004 995 2070 Latinam
1015 2029 1094 2070 con·

133 2115 257 2158 versos.
304 2095 358 2158 Ad
374 2094 471 2159 finem
488 2093 615 2159 tandem
635 2091 713 2156 tomi
731 2104 833 2154 exstat
847 2090 927 2155 haec
941 2092 1093 2178 temporis

135 2193 238 2243 nota:
264 2178 430 2245 ‘Venetiis
449 2181 483 2244 in
503 2179 634 2244 aedibus
649 2177 738 2253 Aldi,
759 2189 792 2240 et
808 2176 959 2242 Andreae
981 2179 1092 2257 soceri,

138 2275 273 2330 ‘mense
304 2265 433 2332 Martio.
462 2267 509 2331 M.
520 2265 680 2331 D.XXl.’
735 2262 845 2338 Quum
873 2277 984 2350 postea
1012 2264 1094 2330 liber

139 2351 229 2415 Livii
254 2351 513 2439 quadragesimus
535 2351 656 2439 primus
679 2363 712 2416 et
737 2362 888 2437 quattuor
911 2366 1091 2438 sequentes,

139 2440 209 2502 sive
239 2460 347 2503 eorum
377 2440 561 2527 fragmenta,
592 2460 633 2503 ex
661 2436 924 2501 bibliothecarum
953 2438 1093 2502 tenebris

141 2524 226 2589 eruti
246 2526 333 2588 etin
354 2548 372 2589 a
415 2541 495 2589 rtem
514 2525 618 2589 lucem
638 2524 788 2610 protracti
810 2536 924 2599 essent,
940 2522 1093 2588 haeredes

142 2608 233 2687 Aldi,
248 2632 290 2673 ne
305 2548 532 2697 quididitioni
550 2632 625 2675 tuae
640 2609 773 2685 deesset,
789 2631 900 2672 recens
917 2608 1093 2696 publicatos

145 2696 230 2760 Livii
252 2695 347 2760 libros
369 2698 427 2783 ipsi
452 2719 580 2784 quoque
604 2695 688 2783 typis
711 2695 777 2759 suis
799 2694 1041 2782 descripserunt,
1060 2708 1094 2761 et

169 2795 295 2846 uottuor
331 2784 465 2848 rioribus
480 2784 574 2847 tomis
588 2782 737 2869 quintum
755 2782 852 2858 hunc,
867 2782 957 2868 quusi
972 2804 1091 2869 uppen-

143 2806 258 2944 dicem
316 2868 476 2935 diderunt.
525 2868 602 2932 Eius
620 2868 677 2931 fini
696 2868 838 2932 subiecta
856 2881 905 2932 est
917 2868 997 2933 hoec
1012 2884 1094 2933 tem·

146 2953 1093 3106 iiiini'iiiioiiiniiini'ieiidiiiidaeu‘iiiimib‘}

148 3125 244 3191 Maio·
266 3088 556 3192 M.D.Xxfssll!
603 3124 757 3210 Quinque
776 3125 811 3187 hi
830 3127 918 3203 tomi,
934 3088 992 3191 etio
1006 3128 1095 3213 quis·

171 3234 209 3276 ue
234 3234 328 3289 anno,
359 3226 574 3277 memorantur
601 3210 688 3297 apud
718 3208 882 3274 Maittaire
910 3212 945 3274 in
972 3212 1092 3278 Annnl.

147 3236 296 3448 {ppogra
319 3298 351 3363 h.
371 3312 447 3364 tom.
469 3297 513 3363 II.
534 3320 565 3384 p.
587 3302 661 3362 316.
683 3300 758 3361 336.
780 3300 853 3361 598.
874 3301 949 3363 613.
969 3311 1003 3361 et
1017 3300 1092 3364 787.

186 3385 253 3449 uiue
267 3320 416 3449 editionis
430 3399 561 3471 quartus
576 3396 679 3448 tomus
697 3382 794 3447 hodie
806 3382 996 3469 plerumque
1011 3406 1031 3447 a
1044 3406 1096 3451 re·¹

149 3471 240 3556 liquis
254 3470 416 3548 dividitur,
432 3484 466 3535 et
480 3470 569 3558 quasi
587 3470 651 3534 huc
669 3492 734 3533 non
749 3468 911 3555 pertinens
925 3469 1095 3555 separatim

150 3569 357 3634 memoratur-3
392 3579 491 3642 quum
516 3572 623 3621 tamen
650 3554 769 3632 titulus,
796 3553 852 3641 qui
878 3568 966 3619 tomo
990 3556 1095 3641 primo

151 3643 339 3792 praefigitur,
361 3642 425 3720 illa,
448 3665 530 3730 quae
553 3656 620 3707 toto
642 3664 739 3741 opere
760 3641 1016 3718 continebantur,
1038 3664 1095 3709 ex·

174 3729 267 3807 ibent,
293 3730 389 3793 etium
419 3742 505 3793 tomo
530 3742 644 3815 quarto
669 3742 787 3793 inserto
811 3726 1001 3791 nominatim
1027 3749 1095 3791 me·

152 3828 255 3879 moret
302 3814 333 3879 le
362 3829 468 3879 autem
499 3813 609 3879 titulus
638 3814 668 3878 ei
698 3814 860 3900 appositus
889 3826 947 3890 est,
972 3814 998 3876 si
1028 3836 1095 3878 non

153 3923 246 3988 quum
271 3914 376 3965 tomus
400 3901 521 3987 primus
545 3900 704 3977 ederetur,
728 3912 814 3963 certe
839 3922 940 3985 quum
963 3913 1096 3985 quartus

153 3987 296 4073 prodiret,
319 4001 490 4073 antequam
516 3987 647 4074 quintus
670 3986 860 4061 adderetur;
893 3986 984 4049 cuius
1007 3984 1096 4050 nulle

153 4074 192 4136 ibi
205 4073 327 4138 mentio
341 4074 486 4138 occurrit.

73 4160 155 4224 1520.
176 4158 326 4236 Venetiis,
343 4160 375 4223 in
391 4160 492 4225 formu
506 4160 626 4225 maiori.

194 4244 286 4310 Hunc
312 4245 497 4323 editionem,
543 4268 617 4310 uam
643 4268 694 4309 me
721 4266 873 4331 umquam
898 4244 1007 4309 videre
1029 4266 1096 4309 non

156 4332 289 4409 memini,
317 4346 470 4397 memorat
536 4332 659 4396 eittaire
685 4331 718 4395 in
744 4331 862 4396 Annei
888 4330 1094 4421 Typograph.
