2934 4800
367 200 462 266 LIB.
488 200 596 266 XLII„
630 200 742 264 CAP.
765 205 818 266 46.
1063 205 1102 268 77

50 359 153 436 quum
163 337 199 402 in
209 359 334 402 summo
344 337 527 425 magistratu
537 336 806 425 essct(Prytanin
815 338 876 426 ipsi
885 338 1015 426 vocant)
1023 339 1105 404 mul·
1115 357 1150 406 U.
1161 355 1191 406 c.
1207 356 1262 417 581.

50 437 89 488 trs
109 423 311 488 orationibus
328 424 503 511 pervicerat
522 423 678 500 Rhodios,
694 438 739 502 ut,
755 425 879 502 omissa,
894 448 989 513 quam
1011 449 1104 514 saepe
1114 422 1145 470 A.
1162 422 1192 471 ὓ
1210 431 1263 481 ¹7¹·

50 533 166 574 vanam
177 511 307 598 experti
318 525 432 587 essent,
445 532 556 598 regum
567 509 777 576 fovendorum
789 535 855 598 spe,
867 512 1044 578 Romanam
1055 537 1106 578 so·

49 597 203 662 cietatem
218 603 333 686 (unam
349 609 417 662 tum
432 597 467 662 in
486 597 576 662 terris
590 596 640 662 vel
658 598 786 675 viribus,
801 598 852 663 vel
867 599 931 664 fide
946 598 1106 688 stabilem)

50 685 239 750 retinerent.
288 683 436 749 ‘Bellum
448 684 613 750 imminere
629 707 701 750 cum
717 685 851 750 Perseo:
875 686 1107 752 desideraturos

52 771 242 836 ‘Romanos
262 770 401 836 eundem
422 769 565 836 navalem
585 793 604 836 a
649 785 781 850 aratum,
797 795 894 859 quem
911 796 1015 860 nuper
1035 774 1106 840 An·

52 858 183 936 ‘tiochi,
201 881 300 945 quom
323 857 431 944 Philip
453 859 553 922 iaute
573 859 613 924 be
636 882 657 924 o
670 858 832 924 vidissent
878 858 1107 946 Trepidaturos

51 953 142 1010 ‘turn
165 958 304 1033 repente
326 967 423 1032 paran
487 944 593 1022 classe,
615 968 715 1032 quum
738 946 895 1011 mittenda
913 959 1014 1024 esset3
1044 948 1107 1012 nisi

52 1031 209 1097 ‘reficere
233 1055 340 1108 navos,
361 1031 423 1098 nisi
445 1032 598 1097 instruere
621 1031 783 1097 navalibus
804 1033 897 1097 sociis
918 1055 975 1098 coe
999 1033 1104 1099 issent,

52 1117 112 1182 ‘ld
132 1141 174 1183 eo
195 1119 298 1206 magis
318 1118 412 1184 enixe
429 1118 612 1183 faciundum
633 1141 710 1194 esse,
732 1131 769 1184 ut
787 1119 921 1184 crimina
942 1120 983 1185 de
1015 1135 1047 1185 ta
1066 1122 1106 1185 ab

52 1204 226 1270 ‘Eumene
241 1205 307 1272 fide
318 1227 424 1270 rerum
435 1203 633 1270 refellerent’
677 1204 739 1270 His
752 1205 886 1283 incitati,
898 1207 1108 1294 quadraginta

52 1292 185 1356 navium
198 1293 332 1357 classem
346 1292 530 1356 instructam
542 1305 684 1356 ornatam
708 1314 748 1357 ue
760 1291 871 1379 legatis
886 1292 1040 1358 Romanis
1051 1293 1108 1357 ad-

53 1379 271 1456 venientibus,
287 1392 324 1442 ut
343 1400 408 1442 non
423 1401 462 1444 ex
520 1392 637 1443 ctatam
657 1378 697 1442 ad
722 1379 911 1443 ortationem
928 1402 995 1444 esse
1010 1402 1108 1467 appa·

55 1480 150 1542 reret,
182 1465 400 1531 ostenderunt
457 1401 518 1530 {lle
529 1465 608 1530 haec
637 1463 756 1552 legatio
782 1487 933 1552 magnum
962 1465 1003 1529 ad
1032 1489 1109 1529 con-

57 1551 213 1617 ciliandos
238 1552 362 1616 auiuros
386 1550 562 1616 civitatium
588 1549 685 1618 Asiae
708 1566 904 1616 momentum
925 1551 994 1616 fuit
1041 1551 1109 1616 De·

59 1638 174 1704 cimius
193 1662 276 1704 unus
297 1639 366 1702 sine
381 1638 446 1703 ullo
465 1638 592 1715 effectu,
608 1651 770 1738 captarum
785 1637 882 1703 etiam
900 1639 1108 1725 pecuniarum

58 1725 100 1788 ab
115 1727 242 1813 regibus
256 1725 437 1813 Hlyriorum
452 1725 629 1812 suspicione
645 1724 780 1802 msamis,
796 1726 935 1791 Romam
949 1724 1053 1790 rediit.

101 1811 248 1890 Perseus,
261 1834 362 1899 quum
377 1815 418 1877 ab
429 1811 587 1898 colloquio
604 1811 821 1878 Romanorum
833 1812 867 1876 in
881 1811 1105 1877 Macedoniarn
1163 1819 1215 1880 46.

57 1921 129 1964 rece
153 1899 230 1964 isset
249 1921 328 1976 sese,
348 1897 468 1986 legatos
489 1898 624 1964 Romam
646 1897 687 1964 de
710 1899 865 1964 inchoatis
887 1922 959 1963 cum
983 1898 1107 1963 Marcio
1116 1900 1217 1951 Perseus
1225 1903 1259 1951 le

35 1923 297 2051 sconditionibus
311 1984 398 2073 pacis
413 1985 515 2050 misit:
539 1997 572 2050 et
588 1985 778 2072 Byzantium
790 1999 823 2050 et
838 1984 991 2050 Rhodum
1002 1973 1183 2078 literasffil'·⁸
1195 1967 1260 2077 {let

58 2072 174 2158 legatis
184 2073 330 2138 ferendas
345 2071 442 2138 dedit
488 2070 528 2136 In
539 2070 637 2138 literis
651 2072 764 2138 cadem
778 2073 936 2137 sententia
945 2072 987 2136 ad
998 2094 1108 2136 omnes
1118 2047 1235 2143 Rhodum

58 2173 145 2224 erat:
186 2159 396 2226 ‘collocutum
425 2181 458 2224 se
488 2181 561 2223 cum
593 2158 810 2223 Romanorum
840 2157 970 2245 legatis)
1015 2160 1107 2235 Quae
1116 2159 1200 2207 mittit.

59 2247 211 2324 audisset,
227 2268 373 2333 quaeque
394 2244 535 2322 dixisset,
556 2247 601 2309 ita
620 2244 781 2333 disposita,
803 2258 839 2310 ut
854 2245 997 2333 superior
1014 2245 1108 2310 finisse

58 2332 91 2396 in
107 2333 341 2422 disceptatione
356 2331 457 2397 videri
472 2345 585 2419 posset
631 2331 731 2420 Apud
750 2331 895 2397 Rhodios
908 2331 1004 2420 legati
1018 2331 1110 2396 addi-

59 2420 189 2499 derunt,
206 2419 399 2486 ‘Confidere
415 2442 526 2507 pacem
541 2420 699 2485 futuram:
723 2419 903 2484 auctoribus
918 2421 1004 2484 enim
1021 2418 1110 2483 Mar-
1150 2448 1153 2451 ·

46 2508 130 2573 fcio
156 2524 256 2595 atque
283 2506 384 2571 Atilio
410 2507 521 2571 missos
547 2505 683 2573 Romam
710 2506 838 2593 legatos.
886 2505 919 2569 Si
942 2517 1110 2591 pergerent

61 2594 225 2661 ‘Romani
244 2607 354 2659 contre
373 2592 484 2658 foedus
504 2615 630 2658 movere
650 2592 780 2671 bellum,
800 2607 870 2655 tum
890 2592 977 2655 omni
999 2592 1109 2677 gratia,

60 2682 205 2747 ‘omnio
262 2680 449 2745 enitendum
463 2679 530 2744 fore
552 2678 698 2756 Rhodiis,
714 2695 752 2745 ut
768 2677 974 2743 reconcilient
987 2701 1108 2765 pacem.

61 2768 119 2833 ‘Si
142 2768 212 2833 nih1
243 2766 444 2855 deprecando
461 2766 637 2854 proficiant,
658 2766 692 2831 id
713 2764 884 2853 agendum,
905 2787 946 2829 ne
966 2766 1110 2830 omnium

60 2864 190 2921 ‘rerum
203 2856 300 2920 iusso
356 2854 610 2919 testasadunum
622 2852 776 2940 populum
787 2851 958 2939 perveniat.
998 2852 1111 2928 Quum

39 2952 262 3009 s‘ceterorum
286 2941 297 3004 i
344 2940 505 3017 interesse,
529 2955 598 3003 tum
623 2939 793 3027 praecipue
819 2938 1030 3015 Rhodiorum,
1052 2938 1110 3026 qui

49 3020 70 3067 ⁸‘
80 3030 155 3118 plus
170 3030 255 3093 inter
269 3027 345 3093 alias
364 3027 506 3115 civitates
521 3026 553 3090 di
600 3027 675 3091 'tate
690 3040 721 3091 at
746 3048 786 3091 ue
805 3025 919 3175 opibus
932 3026 1108 3090 excellant:

61 3125 71 3153 ‘
103 3140 164 3181 uae
180 3138 271 3180 serva
289 3131 385 3200 atque
400 3114 540 3179 obnoxia
566 3136 629 3191 ore,
644 3113 670 3177 si
689 3051 795 3177 millus
809 3135 829 3176 a
840 3112 871 3177 io
891 3112 941 3188 sit,
957 3135 1052 3199 quam
1068 3112 1111 3176 ad

62 3214 70 3241 ‘
135 3224 257 3279 manos,
269 3202 448 3287 respectus!
492 3200 598 3287 Magis
613 3215 645 3265 et
660 3198 768 3265 literae
780 3214 813 3264 et
828 3198 924 3265 verba
933 3198 1110 3286 legatorum

61 3290 202 3377 benigne
214 3302 289 3353 sunt
303 3287 421 3365 audita,
434 3310 531 3375 quam
546 3300 743 3352 momentum
754 3286 796 3351 ad
810 3284 980 3351 mutandos
990 3285 1112 3349 animos
1128 3367 1131 3373 Ι

61 3376 258 3443 habuerunt:
282 3374 442 3462 potentior
450 3396 517 3439 esse
526 3374 622 3460 partis
632 3373 769 3439 melioris
777 3372 946 3438 auctoritas
954 3385 1109 3457 coeperat.

63 3464 94 3527 R
176 3484 268 3527 nsum
291 3484 333 3526 ex
354 3460 482 3525 decreto
502 3473 566 3533 est:
599 3460 742 3547 ‘Optare
762 3481 875 3546 pacem
896 3456 1059 3521 Rhodios:
1084 3456 1112 3520 ai

63 3486 204 3616 ‘begpgm
219 3563 312 3626 esset,
327 3570 368 3612 ne
383 3546 463 3634 quid
477 3548 516 3612 ab
533 3546 669 3611 Rhodiis
683 3558 823 3644 speraret
836 3558 893 3609 aut
906 3555 1031 3643 peteret
1044 3564 1112 3619 rex,

64 3637 173 3725 ‘quud
194 3650 334 3701 veterem
356 3632 870 3718 amicitiam,multismagn1aque
892 3642 1013 3693 mentis
1035 3650 1112 3715 pace
1160 3686 1163 3689 ,

43 3724 233 3810 afbelloque
244 3735 376 3810 partam,
386 3719 583 3806 disiungeret
593 3718 652 3784 sibi
664 3718 704 3783 ab
716 3715 891 3782 Romanis:
927 3715 982 3781 Ab
994 3715 1113 3783 Rhodo

65 3812 247 3887 redeuntes,
264 3807 414 3873 Boeotiae
435 3830 563 3894 quoque
584 3806 736 3881 civitates,
752 3818 787 3869 et
806 3802 943 3882 Thebas,
959 3815 992 3868 et
1011 3802 1113 3870 Coro-
1174 3895 1178 3903 ι

98 3978 494 4041 αΕΙΒγκαπιᾶιιΜεΗΙιοᾱαω]
523 3974 574 4023 Hic
638 3974 719 4035 sQaa'
735 3973 807 4035 plur]
833 3974 887 4031 Quo
904 3974 1113 4037 pluriegendum

67 4046 158 4107 aliquid
186 4043 306 4092 excidisse
332 4048 404 4117 putat
428 4040 574 4098 Crevierius,
606 4038 701 4087 mavult
712 4036 819 4087 Crevier.

68 4110 125 4172 quia
140 4124 171 4158 ex
187 4108 276 4171 Polyb.
287 4106 362 4156 uui,
373 4122 395 4165 4.
407 4110 476 4169 patet
492 4104 575 4153 literas
639 4121 655 4164 4
671 4103 709 4149 At
720 4102 804 4151 Rhodo
814 4102 954 4161 reducentes]
976 4100 1008 4149 In
1024 4101 1071 4149 hac
1087 4116 1114 4149 re

67 4176 99 4223 ad
116 4174 198 4236 plures
209 4171 480 4235 populoniensem,
491 4174 516 4217 et
528 4183 575 4215 vox
607 4166 710 4215 discedit
728 4165 813 4215 Livius
830 4182 846 4215 a
862 4166 977 4228 Polybio,
992 4165 1034 4226 qui
1052 4165 1114 4213 alios

68 4255 148 4289 omnes
164 4236 239 4286 latius
254 4235 348 4297 aliquid
363 4238 443 4292 sonat,
457 4246 531 4294 quam
548 4237 576 4279 ut
608 4232 700 4293 legatos
721 4230 837 4289 Romam,
854 4230 917 4279 alios
937 4228 962 4276 in
985 4228 1114 4277 Boeotiam

69 4306 99 4351 de
120 4304 216 4350 duabus
243 4306 339 4348 tantum
364 4297 502 4349 civitatibus
527 4296 574 4344 dici
607 4293 996 4354 missosessetmditxxvii4et
1008 4306 1031 4353 5.

70 4366 182 4429 potuerit.
