<?xml version="1.0" encoding="UTF-8"?>
<!DOCTYPE html PUBLIC "-//W3C//DTD XHTML 1.0 Transitional//EN"
    "http://www.w3.org/TR/xhtml1/DTD/xhtml1-transitional.dtd">
<html xmlns="http://www.w3.org/1999/xhtml" xml:lang="en" lang="en">
 <head>
  <title>
</title>
<meta http-equiv="Content-Type" content="text/html;charset=utf-8" />
  <meta name='ocr-system' content='tesseract 3.04.00' />
  <meta name='ocr-capabilities' content='ocr_page ocr_carea ocr_par ocr_line ocrx_word'/>
</head>
<body>
  <div class='ocr_page' id='page_1' title='image "./tliviipatavinih01kreygoog/tliviipatavinih01kreygoog_0275.png"; bbox 0 0 2934 4800; ppageno 0'>
   <div class='ocr_carea' id='block_1_1' title="bbox 331 218 1093 293">
    <p class='ocr_par' dir='ltr' id='par_1_1' title="bbox 331 218 1093 293">
     <span class='ocr_line' id='line_1_1' title="bbox 331 218 1093 293; baseline 0.009 -8"><span class='ocrx_word' id='word_1_1' title='bbox 331 218 544 289; x_wconf 82' lang='lat' dir='ltr'><strong>LIBROR.</strong></span> <span class='ocrx_word' id='word_1_2' title='bbox 580 218 807 287; x_wconf 86' lang='lat' dir='ltr'><strong>DEPEBD.</strong></span> <span class='ocrx_word' id='word_1_3' title='bbox 1029 228 1093 293; x_wconf 78' lang='lat' dir='ltr'>stt</span> 
     </span>
    </p>
   </div>
   <div class='ocr_carea' id='block_1_2' title="bbox 51 352 1096 789">
    <p class='ocr_par' dir='ltr' id='par_1_2' title="bbox 51 352 1096 789">
     <span class='ocr_line' id='line_1_2' title="bbox 55 352 1096 457; baseline 0.004 -36"><span class='ocrx_word' id='word_1_4' title='bbox 55 356 158 431; x_wconf 87' lang='lat' dir='ltr'>Quum</span> <span class='ocrx_word' id='word_1_5' title='bbox 183 355 233 421; x_wconf 89' lang='lat' dir='ltr'>M.</span> <span class='ocrx_word' id='word_1_6' title='bbox 247 355 394 423; x_wconf 85' lang='lat' dir='ltr'>Antonio</span> <span class='ocrx_word' id='word_1_7' title='bbox 417 356 499 423; x_wconf 85' lang='lat' dir='ltr'>vires</span> <span class='ocrx_word' id='word_1_8' title='bbox 521 356 654 423; x_wconf 75' lang='lat' dir='ltr'>Asinius</span> <span class='ocrx_word' id='word_1_9' title='bbox 678 378 809 457; x_wconf 90' lang='lat' dir='ltr'>quoque</span> <span class='ocrx_word' id='word_1_10' title='bbox 831 352 937 425; x_wconf 87' lang='lat' dir='ltr'>Pollio</span> <span class='ocrx_word' id='word_1_11' title='bbox 960 367 995 423; x_wconf 86' lang='lat' dir='ltr'>et</span> <span class='ocrx_word' id='word_1_12' title='bbox 1016 356 1096 425; x_wconf 86' lang='lat' dir='ltr'>Mu·</span> 
     </span>
     <span class='ocr_line' id='line_1_3' title="bbox 51 441 1094 530; baseline 0.003 -23"><span class='ocrx_word' id='word_1_13' title='bbox 51 444 150 507; x_wconf 86' lang='lat' dir='ltr'>natius</span> <span class='ocrx_word' id='word_1_14' title='bbox 164 441 315 521; x_wconf 80' lang='lat' dir='ltr'>Plancru,</span> <span class='ocrx_word' id='word_1_15' title='bbox 331 464 405 507; x_wconf 87' lang='lat' dir='ltr'>cum</span> <span class='ocrx_word' id='word_1_16' title='bbox 420 442 613 509; x_wconf 74' lang='lat' dir='ltr'>exercitibus</span> <span class='ocrx_word' id='word_1_17' title='bbox 632 442 697 507; x_wconf 86' lang='lat' dir='ltr'>suis</span> <span class='ocrx_word' id='word_1_18' title='bbox 713 441 867 520; x_wconf 76' lang='lat' dir='ltr'>adiuncti,</span> <span class='ocrx_word' id='word_1_19' title='bbox 881 441 1094 530; x_wconf 75' lang='lat' dir='ltr'>ampliassent,</span> 
     </span>
     <span class='ocr_line' id='line_1_4' title="bbox 52 527 1095 615; baseline 0.003 -23"><span class='ocrx_word' id='word_1_20' title='bbox 52 540 82 593; x_wconf 89' lang='lat' dir='ltr'>et</span> <span class='ocrx_word' id='word_1_21' title='bbox 107 528 149 593; x_wconf 87' lang='lat' dir='ltr'>D.</span> <span class='ocrx_word' id='word_1_22' title='bbox 166 527 300 607; x_wconf 85' lang='lat' dir='ltr'>Brutus,</span> <span class='ocrx_word' id='word_1_23' title='bbox 325 530 379 595; x_wconf 87' lang='lat' dir='ltr'>cui</span> <span class='ocrx_word' id='word_1_24' title='bbox 407 541 544 605; x_wconf 85' lang='lat' dir='ltr'>senatus,</span> <span class='ocrx_word' id='word_1_25' title='bbox 571 542 608 593; x_wconf 90' lang='lat' dir='ltr'>ut</span> <span class='ocrx_word' id='word_1_26' title='bbox 636 540 879 615; x_wconf 86' lang='lat' dir='ltr'>persequeretur</span> <span class='ocrx_word' id='word_1_27' title='bbox 903 528 1095 609; x_wconf 84' lang='lat' dir='ltr'>Antonium,</span> 
     </span>
     <span class='ocr_line' id='line_1_5' title="bbox 53 613 1095 703; baseline 0.001 -24"><span class='ocrx_word' id='word_1_28' title='bbox 53 614 263 692; x_wconf 77' lang='lat' dir='ltr'>mandaverat,</span> <span class='ocrx_word' id='word_1_29' title='bbox 285 614 415 679; x_wconf 89' lang='lat' dir='ltr'>relictus</span> <span class='ocrx_word' id='word_1_30' title='bbox 436 638 456 679; x_wconf 81' lang='lat' dir='ltr'>s</span> <span class='ocrx_word' id='word_1_31' title='bbox 476 613 654 701; x_wconf 77' lang='lat' dir='ltr'>legionibus</span> <span class='ocrx_word' id='word_1_32' title='bbox 675 614 751 692; x_wconf 91' lang='lat' dir='ltr'>suis,</span> <span class='ocrx_word' id='word_1_33' title='bbox 772 613 981 703; x_wconf 56' lang='lat' dir='ltr'>profugissem</span> <span class='ocrx_word' id='word_1_34' title='bbox 1007 616 1095 681; x_wconf 81' lang='lat' dir='ltr'>iussu</span> 
     </span>
     <span class='ocr_line' id='line_1_6' title="bbox 54 698 1096 789; baseline 0.002 -24"><span class='ocrx_word' id='word_1_35' title='bbox 54 700 193 778; x_wconf 84' lang='lat' dir='ltr'>Antonii,</span> <span class='ocrx_word' id='word_1_36' title='bbox 211 702 248 765; x_wconf 90' lang='lat' dir='ltr'>in</span> <span class='ocrx_word' id='word_1_37' title='bbox 272 702 363 765; x_wconf 90' lang='lat' dir='ltr'>cuius</span> <span class='ocrx_word' id='word_1_38' title='bbox 384 712 572 788; x_wconf 76' lang='lat' dir='ltr'>potestatem</span> <span class='ocrx_word' id='word_1_39' title='bbox 589 713 731 777; x_wconf 80' lang='lat' dir='ltr'>venerat,</span> <span class='ocrx_word' id='word_1_40' title='bbox 751 723 772 765; x_wconf 88' lang='lat' dir='ltr'>s</span> <span class='ocrx_word' id='word_1_41' title='bbox 791 701 922 788; x_wconf 84' lang='lat' dir='ltr'>Capeno</span> <span class='ocrx_word' id='word_1_42' title='bbox 945 698 1096 789; x_wconf 83' lang='lat' dir='ltr'>Sequano</span> 
     </span>
    </p>
   </div>
   <div class='ocr_carea' id='block_1_3' title="bbox 54 786 1231 887">
    <p class='ocr_par' dir='ltr' id='par_1_3' title="bbox 54 786 1231 887">
     <span class='ocr_line' id='line_1_7' title="bbox 54 786 1231 887; baseline 0.008 -38"><span class='ocrx_word' id='word_1_43' title='bbox 54 786 230 853; x_wconf 86' lang='lat' dir='ltr'>interfectus</span> <span class='ocrx_word' id='word_1_44' title='bbox 250 800 309 851; x_wconf 88' lang='lat' dir='ltr'>est</span> <span class='ocrx_word' id='word_1_45' title='bbox 356 786 392 852; x_wconf 91' lang='lat' dir='ltr'>C.</span> <span class='ocrx_word' id='word_1_46' title='bbox 406 787 523 852; x_wconf 80' lang='lat' dir='ltr'>Caesar</span> <span class='ocrx_word' id='word_1_47' title='bbox 541 808 654 874; x_wconf 86' lang='lat' dir='ltr'>pacem</span> <span class='ocrx_word' id='word_1_48' title='bbox 673 808 748 851; x_wconf 91' lang='lat' dir='ltr'>cum</span> <span class='ocrx_word' id='word_1_49' title='bbox 762 786 908 852; x_wconf 87' lang='lat' dir='ltr'>Antonio</span> <span class='ocrx_word' id='word_1_50' title='bbox 922 800 956 852; x_wconf 88' lang='lat' dir='ltr'>et</span> <span class='ocrx_word' id='word_1_51' title='bbox 969 786 1096 887; x_wconf 81' lang='lat' dir='ltr'>Lepido</span> <span class='ocrx_word' id='word_1_52' title='bbox 1226 852 1231 859; x_wconf 90' lang='lat'>.</span> 
     </span>
    </p>
   </div>
   <div class='ocr_carea' id='block_1_4' title="bbox 55 870 1099 1713">
    <p class='ocr_par' dir='ltr' id='par_1_4' title="bbox 55 870 1099 1713">
     <span class='ocr_line' id='line_1_8' title="bbox 55 870 1097 961; baseline 0.003 -26"><span class='ocrx_word' id='word_1_53' title='bbox 55 870 138 936; x_wconf 83' lang='lat' dir='ltr'>fecit:</span> <span class='ocrx_word' id='word_1_54' title='bbox 162 874 209 937; x_wconf 90' lang='lat' dir='ltr'>ita</span> <span class='ocrx_word' id='word_1_55' title='bbox 230 887 271 937; x_wconf 93' lang='lat' dir='ltr'>ut</span> <span class='ocrx_word' id='word_1_56' title='bbox 294 872 417 937; x_wconf 79' lang='lat' dir='ltr'>tresviri</span> <span class='ocrx_word' id='word_1_57' title='bbox 440 871 633 961; x_wconf 87' lang='lat' dir='ltr'>reipublicae</span> <span class='ocrx_word' id='word_1_58' title='bbox 657 872 898 937; x_wconf 87' lang='lat' dir='ltr'>constituendae</span> <span class='ocrx_word' id='word_1_59' title='bbox 921 894 980 959; x_wconf 89' lang='lat' dir='ltr'>per</span> <span class='ocrx_word' id='word_1_60' title='bbox 1000 896 1097 961; x_wconf 77' lang='lat' dir='ltr'>qusn-</span> 
     </span>
     <span class='ocr_line' id='line_1_9' title="bbox 56 956 1097 1046; baseline 0.005 -26"><span class='ocrx_word' id='word_1_61' title='bbox 56 959 223 1041; x_wconf 87' lang='lat' dir='ltr'>quennium</span> <span class='ocrx_word' id='word_1_62' title='bbox 240 972 347 1023; x_wconf 87' lang='lat' dir='ltr'>esseut</span> <span class='ocrx_word' id='word_1_63' title='bbox 361 958 439 1045; x_wconf 88' lang='lat' dir='ltr'>ipse,</span> <span class='ocrx_word' id='word_1_64' title='bbox 455 971 488 1023; x_wconf 91' lang='lat' dir='ltr'>et</span> <span class='ocrx_word' id='word_1_65' title='bbox 503 956 657 1046; x_wconf 83' lang='lat' dir='ltr'>Lepidus,</span> <span class='ocrx_word' id='word_1_66' title='bbox 672 970 705 1023; x_wconf 89' lang='lat' dir='ltr'>et</span> <span class='ocrx_word' id='word_1_67' title='bbox 721 958 902 1035; x_wconf 84' lang='lat' dir='ltr'>Antonius3</span> <span class='ocrx_word' id='word_1_68' title='bbox 926 971 959 1023; x_wconf 89' lang='lat' dir='ltr'>et</span> <span class='ocrx_word' id='word_1_69' title='bbox 972 971 1010 1023; x_wconf 90' lang='lat' dir='ltr'>ut</span> <span class='ocrx_word' id='word_1_70' title='bbox 1022 981 1097 1025; x_wconf 87' lang='lat' dir='ltr'>suos</span> 
     </span>
     <span class='ocr_line' id='line_1_10' title="bbox 56 1042 1096 1133; baseline 0.005 -28"><span class='ocrx_word' id='word_1_71' title='bbox 56 1044 178 1130; x_wconf 89' lang='lat' dir='ltr'>quisque</span> <span class='ocrx_word' id='word_1_72' title='bbox 215 1044 366 1109; x_wconf 90' lang='lat' dir='ltr'>inimicos</span> <span class='ocrx_word' id='word_1_73' title='bbox 401 1044 642 1131; x_wconf 78' lang='lat' dir='ltr'>proscriberent.</span> <span class='ocrx_word' id='word_1_74' title='bbox 697 1042 738 1108; x_wconf 89' lang='lat' dir='ltr'>In</span> <span class='ocrx_word' id='word_1_75' title='bbox 770 1065 835 1131; x_wconf 86' lang='lat' dir='ltr'>qus</span> <span class='ocrx_word' id='word_1_76' title='bbox 866 1044 1096 1133; x_wconf 88' lang='lat' dir='ltr'>proscriptione</span> 
     </span>
     <span class='ocr_line' id='line_1_11' title="bbox 56 1126 1098 1217; baseline 0.008 -28"><span class='ocrx_word' id='word_1_77' title='bbox 56 1126 172 1213; x_wconf 84' lang='lat' dir='ltr'>plurimi</span> <span class='ocrx_word' id='word_1_78' title='bbox 196 1130 326 1216; x_wconf 84' lang='lat' dir='ltr'>equites</span> <span class='ocrx_word' id='word_1_79' title='bbox 350 1129 499 1207; x_wconf 83' lang='lat' dir='ltr'>Romani,</span> <span class='ocrx_word' id='word_1_80' title='bbox 521 1143 650 1195; x_wconf 88' lang='lat' dir='ltr'>centum</span> <span class='ocrx_word' id='word_1_81' title='bbox 678 1130 808 1217; x_wconf 80' lang='lat' dir='ltr'>triginta</span> <span class='ocrx_word' id='word_1_82' title='bbox 832 1144 1013 1197; x_wconf 86' lang='lat' dir='ltr'>senatorum</span> <span class='ocrx_word' id='word_1_83' title='bbox 1038 1153 1098 1197; x_wconf 92' lang='lat' dir='ltr'>no·</span> 
     </span>
     <span class='ocr_line' id='line_1_12' title="bbox 58 1214 1097 1294; baseline 0.006 -17"><span class='ocrx_word' id='word_1_84' title='bbox 58 1214 133 1279; x_wconf 89' lang='lat' dir='ltr'>mina</span> <span class='ocrx_word' id='word_1_85' title='bbox 151 1216 298 1293; x_wconf 76' lang='lat' dir='ltr'>fixerunt,</span> <span class='ocrx_word' id='word_1_86' title='bbox 313 1228 347 1280; x_wconf 94' lang='lat' dir='ltr'>et</span> <span class='ocrx_word' id='word_1_87' title='bbox 369 1215 527 1281; x_wconf 87' lang='lat' dir='ltr'>intereos</span> <span class='ocrx_word' id='word_1_88' title='bbox 550 1214 835 1293; x_wconf 65' lang='lat' dir='ltr'>manustram</span> <span class='ocrx_word' id='word_1_89' title='bbox 857 1216 905 1281; x_wconf 90' lang='grc' dir='ltr'>Μ.</span> <span class='ocrx_word' id='word_1_90' title='bbox 918 1215 967 1282; x_wconf 91' lang='lat' dir='ltr'>Le</span> <span class='ocrx_word' id='word_1_91' title='bbox 990 1215 1047 1294; x_wconf 88' lang='lat' dir='ltr'>idi,</span> <span class='ocrx_word' id='word_1_92' title='bbox 1062 1230 1097 1283; x_wconf 86' lang='lat' dir='ltr'>et</span> 
     </span>
     <span class='ocr_line' id='line_1_13' title="bbox 59 1297 1096 1380; baseline 0.003 -16"><span class='ocrx_word' id='word_1_93' title='bbox 59 1297 254 1379; x_wconf 82' lang='lat' dir='ltr'>LCsesaris,</span> <span class='ocrx_word' id='word_1_94' title='bbox 284 1301 419 1366; x_wconf 83' lang='lat' dir='ltr'>Antonii</span> <span class='ocrx_word' id='word_1_95' title='bbox 448 1301 607 1379; x_wconf 73' lang='lat' dir='ltr'>avunculi,</span> <span class='ocrx_word' id='word_1_96' title='bbox 634 1314 669 1366; x_wconf 87' lang='lat' dir='ltr'>et</span> <span class='ocrx_word' id='word_1_97' title='bbox 695 1302 743 1367; x_wconf 90' lang='lat' dir='ltr'>M.</span> <span class='ocrx_word' id='word_1_98' title='bbox 761 1302 933 1368; x_wconf 87' lang='lat' dir='ltr'>Ciceronis.</span> <span class='ocrx_word' id='word_1_99' title='bbox 1015 1302 1096 1380; x_wconf 89' lang='lat' dir='ltr'>nius,</span> 
     </span>
     <span class='ocr_line' id='line_1_14' title="bbox 59 1386 1098 1475; baseline 0.003 -25"><span class='ocrx_word' id='word_1_100' title='bbox 59 1386 140 1450; x_wconf 90' lang='lat' dir='ltr'>occisi</span> <span class='ocrx_word' id='word_1_101' title='bbox 164 1411 184 1453; x_wconf 90' lang='lat' dir='ltr'>a</span> <span class='ocrx_word' id='word_1_102' title='bbox 210 1386 354 1475; x_wconf 93' lang='lat' dir='ltr'>Popillio</span> <span class='ocrx_word' id='word_1_103' title='bbox 379 1386 553 1475; x_wconf 76' lang='lat' dir='ltr'>legionario</span> <span class='ocrx_word' id='word_1_104' title='bbox 578 1386 689 1466; x_wconf 89' lang='lat' dir='ltr'>milite,</span> <span class='ocrx_word' id='word_1_105' title='bbox 716 1410 816 1475; x_wconf 88' lang='lat' dir='ltr'>quum</span> <span class='ocrx_word' id='word_1_106' title='bbox 841 1388 973 1453; x_wconf 80' lang='lat' dir='ltr'>heberet</span> <span class='ocrx_word' id='word_1_107' title='bbox 997 1410 1098 1453; x_wconf 87' lang='lat' dir='ltr'>annos</span> 
     </span>
     <span class='ocr_line' id='line_1_15' title="bbox 59 1473 1098 1561; baseline 0.005 -27"><span class='ocrx_word' id='word_1_108' title='bbox 59 1474 209 1559; x_wconf 78' lang='lat' dir='ltr'>sexaginte</span> <span class='ocrx_word' id='word_1_109' title='bbox 230 1488 308 1552; x_wconf 86' lang='lat' dir='ltr'>tres,</span> <span class='ocrx_word' id='word_1_110' title='bbox 323 1486 420 1561; x_wconf 90' lang='lat' dir='ltr'>caput</span> <span class='ocrx_word' id='word_1_111' title='bbox 433 1496 562 1561; x_wconf 91' lang='lat' dir='ltr'>quoque</span> <span class='ocrx_word' id='word_1_112' title='bbox 582 1496 655 1539; x_wconf 91' lang='lat' dir='ltr'>cum</span> <span class='ocrx_word' id='word_1_113' title='bbox 671 1473 785 1539; x_wconf 85' lang='lat' dir='ltr'>dextra</span> <span class='ocrx_word' id='word_1_114' title='bbox 804 1496 902 1539; x_wconf 88' lang='lat' dir='ltr'>manu</span> <span class='ocrx_word' id='word_1_115' title='bbox 920 1474 956 1539; x_wconf 93' lang='lat' dir='ltr'>in</span> <span class='ocrx_word' id='word_1_116' title='bbox 973 1473 1098 1539; x_wconf 84' lang='lat' dir='ltr'>Rostris</span> 
     </span>
     <span class='ocr_line' id='line_1_16' title="bbox 59 1557 1099 1658; baseline 0.002 -33"><span class='ocrx_word' id='word_1_117' title='bbox 59 1557 183 1658; x_wconf 75' lang='lat' dir='ltr'>positum</span> <span class='ocrx_word' id='word_1_118' title='bbox 205 1572 265 1626; x_wconf 86' lang='lat' dir='ltr'>est.</span> <span class='ocrx_word' id='word_1_119' title='bbox 311 1558 481 1626; x_wconf 78' lang='lat' dir='ltr'>Praeterea</span> <span class='ocrx_word' id='word_1_120' title='bbox 500 1582 550 1625; x_wconf 90' lang='lat' dir='ltr'>res</span> <span class='ocrx_word' id='word_1_121' title='bbox 568 1581 588 1625; x_wconf 87' lang='lat' dir='ltr'>a</span> <span class='ocrx_word' id='word_1_122' title='bbox 607 1560 655 1627; x_wconf 89' lang='lat' dir='ltr'>M.</span> <span class='ocrx_word' id='word_1_123' title='bbox 669 1558 773 1625; x_wconf 91' lang='lat' dir='ltr'>Bruto</span> <span class='ocrx_word' id='word_1_124' title='bbox 789 1560 824 1625; x_wconf 92' lang='lat' dir='ltr'>in</span> <span class='ocrx_word' id='word_1_125' title='bbox 840 1558 977 1625; x_wconf 83' lang='lat' dir='ltr'>Graecis</span> <span class='ocrx_word' id='word_1_126' title='bbox 994 1573 1099 1649; x_wconf 74' lang='lat' dir='ltr'>gestas</span> 
     </span>
     <span class='ocr_line' id='line_1_17' title="bbox 60 1656 197 1713; baseline 0.051 -7"><span class='ocrx_word' id='word_1_127' title='bbox 60 1656 197 1713; x_wconf 76' lang='lat' dir='ltr'>continet.</span> 
     </span>
    </p>
   </div>
   <div class='ocr_carea' id='block_1_5' title="bbox 511 1998 639 2065">
    <p class='ocr_par' dir='ltr' id='par_1_5' title="bbox 511 1998 639 2065">
     <span class='ocr_line' id='line_1_18' title="bbox 511 1998 639 2065; baseline -0.016 0"><span class='ocrx_word' id='word_1_128' title='bbox 511 1998 639 2065; x_wconf 86' lang='lat' dir='ltr'>CXXI.</span> 
     </span>
    </p>
   </div>
   <div class='ocr_carea' id='block_1_6' title="bbox 66 2164 1100 2688">
    <p class='ocr_par' dir='ltr' id='par_1_6' title="bbox 66 2164 1101 2688">
     <span class='ocr_line' id='line_1_19' title="bbox 68 2164 1100 2247; baseline 0.004 -18"><span class='ocrx_word' id='word_1_129' title='bbox 68 2166 98 2229; x_wconf 89' lang='lat' dir='ltr'>C.</span> <span class='ocrx_word' id='word_1_130' title='bbox 109 2166 311 2247; x_wconf 82' lang='lat' dir='ltr'>CASSIUS,</span> <span class='ocrx_word' id='word_1_131' title='bbox 327 2170 379 2233; x_wconf 92' lang='lat' dir='ltr'>cui</span> <span class='ocrx_word' id='word_1_132' title='bbox 396 2168 582 2234; x_wconf 83' lang='lat' dir='ltr'>mandatum</span> <span class='ocrx_word' id='word_1_133' title='bbox 597 2190 616 2233; x_wconf 87' lang='lat' dir='ltr'>a</span> <span class='ocrx_word' id='word_1_134' title='bbox 630 2179 743 2233; x_wconf 77' lang='lat' dir='ltr'>senatu</span> <span class='ocrx_word' id='word_1_135' title='bbox 757 2179 834 2243; x_wconf 82' lang='lat' dir='ltr'>erat,</span> <span class='ocrx_word' id='word_1_136' title='bbox 850 2178 887 2232; x_wconf 93' lang='lat' dir='ltr'>ut</span> <span class='ocrx_word' id='word_1_137' title='bbox 899 2164 1100 2233; x_wconf 71' lang='lat' dir='ltr'>Dolabellam</span> 
     </span>
     <span class='ocr_line' id='line_1_20' title="bbox 66 2250 1100 2342; baseline 0 -23"><span class='ocrx_word' id='word_1_138' title='bbox 66 2250 173 2320; x_wconf 82' lang='lat' dir='ltr'>hostem</span> <span class='ocrx_word' id='word_1_139' title='bbox 193 2256 374 2322; x_wconf 85' lang='lat' dir='ltr'>iudicatum</span> <span class='ocrx_word' id='word_1_140' title='bbox 392 2254 478 2320; x_wconf 90' lang='lat' dir='ltr'>bello</span> <span class='ocrx_word' id='word_1_141' title='bbox 497 2265 750 2342; x_wconf 88' lang='lat' dir='ltr'>persequeretur,</span> <span class='ocrx_word' id='word_1_142' title='bbox 766 2254 950 2318; x_wconf 82' lang='lat' dir='ltr'>auctoritate</span> <span class='ocrx_word' id='word_1_143' title='bbox 971 2254 1100 2341; x_wconf 89' lang='lat' dir='ltr'>reipub·</span> 
     </span>
     <span class='ocr_line' id='line_1_21' title="bbox 67 2334 1100 2430; baseline 0.007 -31"><span class='ocrx_word' id='word_1_144' title='bbox 67 2334 132 2404; x_wconf 79' lang='lat' dir='ltr'>lirae</span> <span class='ocrx_word' id='word_1_145' title='bbox 145 2341 284 2420; x_wconf 80' lang='lat' dir='ltr'>adiutus,</span> <span class='ocrx_word' id='word_1_146' title='bbox 302 2338 425 2430; x_wconf 81' lang='lat' dir='ltr'>Syrium</span> <span class='ocrx_word' id='word_1_147' title='bbox 440 2362 514 2406; x_wconf 89' lang='lat' dir='ltr'>cum</span> <span class='ocrx_word' id='word_1_148' title='bbox 529 2340 629 2406; x_wconf 90' lang='lat' dir='ltr'>tribus</span> <span class='ocrx_word' id='word_1_149' title='bbox 646 2338 848 2418; x_wconf 83' lang='lat' dir='ltr'>exercitibus,</span> <span class='ocrx_word' id='word_1_150' title='bbox 863 2338 921 2428; x_wconf 93' lang='lat' dir='ltr'>qui</span> <span class='ocrx_word' id='word_1_151' title='bbox 937 2338 973 2404; x_wconf 90' lang='lat' dir='ltr'>in</span> <span class='ocrx_word' id='word_1_152' title='bbox 986 2340 1100 2406; x_wconf 83' lang='lat' dir='ltr'>eadem</span> 
     </span>
     <span class='ocr_line' id='line_1_22' title="bbox 68 2426 843 2580; baseline 0.006 -10"><span class='ocrx_word' id='word_1_153' title='bbox 68 2428 389 2580; x_wconf 55' lang='lat' dir='ltr'>te,</span> <span class='ocrx_word' id='word_1_154' title='bbox 437 2424 1100 2513; x_wconf 66' lang='lat' dir='ltr'>n</span> 
     </span>
     <span class='ocr_line' id='line_1_23' title="bbox 70 2593 712 2688; baseline 0.003 -28"><span class='ocrx_word' id='word_1_155' title='bbox 70 2593 140 2662; x_wconf 74' lang='lat' dir='ltr'>iuno</span> <span class='ocrx_word' id='word_1_156' title='bbox 154 2600 189 2665; x_wconf 88' lang='lat' dir='ltr'>C.</span> <span class='ocrx_word' id='word_1_157' title='bbox 202 2601 369 2668; x_wconf 86' lang='lat' dir='ltr'>Antonius</span> <span class='ocrx_word' id='word_1_158' title='bbox 383 2612 504 2688; x_wconf 85' lang='lat' dir='ltr'>captus,</span> <span class='ocrx_word' id='word_1_159' title='bbox 519 2597 641 2666; x_wconf 89' lang='lat' dir='ltr'>occisus</span> <span class='ocrx_word' id='word_1_160' title='bbox 656 2611 712 2662; x_wconf 85' lang='lat' dir='ltr'>est</span> 
     </span>
    </p>
   </div>
   <div class='ocr_carea' id='block_1_7' title="bbox 420 3027 652 3097">
    <p class='ocr_par' dir='ltr' id='par_1_7' title="bbox 420 3027 652 3097">
     <span class='ocr_line' id='line_1_24' title="bbox 420 3027 652 3097; baseline 0.004 -4"><span class='ocrx_word' id='word_1_161' title='bbox 420 3044 429 3093; x_wconf 65' lang='grc' dir='ltr'>ς</span> <span class='ocrx_word' id='word_1_162' title='bbox 506 3027 652 3097; x_wconf 82' lang='lat' dir='ltr'><strong>CXXII.</strong></span> 
     </span>
    </p>
   </div>
   <div class='ocr_carea' id='block_1_8' title="bbox 76 3201 1104 3548">
    <p class='ocr_par' dir='ltr' id='par_1_8' title="bbox 76 3201 1104 3548">
     <span class='ocr_line' id='line_1_25' title="bbox 76 3201 1103 3292; baseline 0 -22"><span class='ocrx_word' id='word_1_163' title='bbox 76 3201 115 3270; x_wconf 79' lang='lat' dir='ltr'>II</span> <span class='ocrx_word' id='word_1_164' title='bbox 128 3207 313 3277; x_wconf 86' lang='lat' dir='ltr'>BRUTUS</span> <span class='ocrx_word' id='word_1_165' title='bbox 327 3209 476 3275; x_wconf 74' lang='lat' dir='ltr'>adversus</span> <span class='ocrx_word' id='word_1_166' title='bbox 490 3206 632 3272; x_wconf 82' lang='lat' dir='ltr'>Thracus</span> <span class='ocrx_word' id='word_1_167' title='bbox 649 3225 798 3292; x_wconf 82' lang='lat' dir='ltr'>prospere</span> <span class='ocrx_word' id='word_1_168' title='bbox 813 3224 882 3268; x_wconf 89' lang='lat' dir='ltr'>rem</span> <span class='ocrx_word' id='word_1_169' title='bbox 895 3205 1010 3290; x_wconf 80' lang='lat' dir='ltr'>gessit:</span> <span class='ocrx_word' id='word_1_170' title='bbox 1035 3227 1103 3270; x_wconf 90' lang='lat' dir='ltr'>om·</span> 
     </span>
     <span class='ocr_line' id='line_1_26' title="bbox 77 3289 1103 3383; baseline 0 -27"><span class='ocrx_word' id='word_1_171' title='bbox 77 3291 210 3383; x_wconf 86' lang='lat' dir='ltr'>ulbusque</span> <span class='ocrx_word' id='word_1_172' title='bbox 232 3294 450 3362; x_wconf 72' lang='lat' dir='ltr'>usnsmarinis</span> <span class='ocrx_word' id='word_1_173' title='bbox 470 3291 641 3380; x_wconf 89' lang='lat' dir='ltr'>provinciis</span> <span class='ocrx_word' id='word_1_174' title='bbox 662 3289 918 3376; x_wconf 84' lang='lat' dir='ltr'>exercitibusque</span> <span class='ocrx_word' id='word_1_175' title='bbox 941 3290 977 3353; x_wconf 89' lang='lat' dir='ltr'>in</span> <span class='ocrx_word' id='word_1_176' title='bbox 997 3305 1103 3378; x_wconf 89' lang='lat' dir='ltr'>potes·</span> 
     </span>
     <span class='ocr_line' id='line_1_27' title="bbox 79 3373 1102 3463; baseline 0.001 -23"><span class='ocrx_word' id='word_1_177' title='bbox 79 3389 156 3444; x_wconf 84' lang='lat' dir='ltr'>utem</span> <span class='ocrx_word' id='word_1_178' title='bbox 173 3383 240 3448; x_wconf 86' lang='lat' dir='ltr'>eius</span> <span class='ocrx_word' id='word_1_179' title='bbox 259 3396 292 3447; x_wconf 87' lang='lat' dir='ltr'>et</span> <span class='ocrx_word' id='word_1_180' title='bbox 311 3382 348 3447; x_wconf 88' lang='lat' dir='ltr'>C.</span> <span class='ocrx_word' id='word_1_181' title='bbox 362 3379 462 3446; x_wconf 83' lang='lat' dir='ltr'>Cassii</span> <span class='ocrx_word' id='word_1_182' title='bbox 479 3377 624 3454; x_wconf 84' lang='lat' dir='ltr'>redactis,</span> <span class='ocrx_word' id='word_1_183' title='bbox 640 3374 785 3442; x_wconf 89' lang='lat' dir='ltr'>coierunt</span> <span class='ocrx_word' id='word_1_184' title='bbox 800 3373 954 3463; x_wconf 78' lang='lat' dir='ltr'>Smyrnae</span> <span class='ocrx_word' id='word_1_185' title='bbox 968 3389 1102 3462; x_wconf 89' lang='lat' dir='ltr'>uterque</span> 
     </span>
     <span class='ocr_line' id='line_1_28' title="bbox 79 3459 1104 3548; baseline -0.004 -19"><span class='ocrx_word' id='word_1_186' title='bbox 79 3461 111 3525; x_wconf 66' lang='lat' dir='ltr'>ul</span> <span class='ocrx_word' id='word_1_187' title='bbox 130 3467 300 3534; x_wconf 77' lang='lat' dir='ltr'>ordinanda</span> <span class='ocrx_word' id='word_1_188' title='bbox 324 3464 400 3532; x_wconf 90' lang='lat' dir='ltr'>belli</span> <span class='ocrx_word' id='word_1_189' title='bbox 425 3465 523 3530; x_wconf 88' lang='lat' dir='ltr'>futuri</span> <span class='ocrx_word' id='word_1_190' title='bbox 549 3461 689 3528; x_wconf 84' lang='lat' dir='ltr'>consilis.</span> <span class='ocrx_word' id='word_1_191' title='bbox 736 3463 784 3527; x_wconf 90' lang='lat' dir='ltr'>M.</span> <span class='ocrx_word' id='word_1_192' title='bbox 801 3459 969 3526; x_wconf 73' lang='lat' dir='ltr'>Messallae</span> <span class='ocrx_word' id='word_1_193' title='bbox 995 3461 1104 3548; x_wconf 90' lang='lat' dir='ltr'>Popli-</span> 
     </span>
    </p>
   </div>
   <div class='ocr_carea' id='block_1_9' title="bbox 80 3546 1041 3622">
    <p class='ocr_par' dir='ltr' id='par_1_9' title="bbox 80 3546 1041 3622">
     <span class='ocr_line' id='line_1_29' title="bbox 80 3546 1041 3622; baseline -0.005 -6"><span class='ocrx_word' id='word_1_194' title='bbox 80 3547 160 3616; x_wconf 77' lang='lat' dir='ltr'>colam</span> <span class='ocrx_word' id='word_1_195' title='bbox 173 3554 300 3622; x_wconf 85' lang='lat' dir='ltr'>fratrem</span> <span class='ocrx_word' id='word_1_196' title='bbox 316 3553 435 3620; x_wconf 85' lang='lat' dir='ltr'>victum</span> <span class='ocrx_word' id='word_1_197' title='bbox 451 3549 613 3616; x_wconf 88' lang='lat' dir='ltr'>communi</span> <span class='ocrx_word' id='word_1_198' title='bbox 627 3548 759 3615; x_wconf 89' lang='lat' dir='ltr'>consilio</span> <span class='ocrx_word' id='word_1_199' title='bbox 773 3546 1041 3612; x_wconf 84' lang='lat' dir='ltr'>condonaverunt</span> 
     </span>
    </p>
   </div>
   <div class='ocr_carea' id='block_1_10' title="bbox 501 3973 663 4042">
    <p class='ocr_par' dir='ltr' id='par_1_10' title="bbox 501 3973 663 4042">
     <span class='ocr_line' id='line_1_30' title="bbox 501 3973 663 4042; baseline -0.012 0"><span class='ocrx_word' id='word_1_200' title='bbox 501 3973 663 4042; x_wconf 82' lang='lat' dir='ltr'><strong>CXXIII.</strong></span> 
     </span>
    </p>
   </div>
   <div class='ocr_carea' id='block_1_11' title="bbox 87 4133 1108 4407">
    <p class='ocr_par' dir='ltr' id='par_1_11' title="bbox 87 4133 1108 4407">
     <span class='ocr_line' id='line_1_31' title="bbox 89 4133 1108 4241; baseline -0.002 -33"><span class='ocrx_word' id='word_1_201' title='bbox 89 4133 165 4240; x_wconf 70' lang='lat' dir='ltr'>Slill</span> <span class='ocrx_word' id='word_1_202' title='bbox 180 4142 429 4223; x_wconf 85' lang='lat' dir='ltr'><strong>POMPEIUS,</strong></span> <span class='ocrx_word' id='word_1_203' title='bbox 456 4143 570 4231; x_wconf 79' lang='lat' dir='ltr'>Magni</span> <span class='ocrx_word' id='word_1_204' title='bbox 598 4141 698 4240; x_wconf 65' lang='lat' dir='ltr'>filius,</span> <span class='ocrx_word' id='word_1_205' title='bbox 719 4139 808 4204; x_wconf 88' lang='lat' dir='ltr'>lectis</span> <span class='ocrx_word' id='word_1_206' title='bbox 836 4159 877 4204; x_wconf 84' lang='lat' dir='ltr'>ex</span> <span class='ocrx_word' id='word_1_207' title='bbox 908 4137 1006 4240; x_wconf 74' lang='lat' dir='ltr'>Epiro</span> <span class='ocrx_word' id='word_1_208' title='bbox 1034 4160 1108 4241; x_wconf 90' lang='lat' dir='ltr'>pro·</span> 
     </span>
     <span class='ocr_line' id='line_1_32' title="bbox 87 4225 1107 4322; baseline -0.008 -23"><span class='ocrx_word' id='word_1_209' title='bbox 87 4231 186 4316; x_wconf 69' lang='lat' dir='ltr'>nuptis</span> <span class='ocrx_word' id='word_1_210' title='bbox 199 4257 235 4300; x_wconf 86' lang='lat' dir='ltr'>ac</span> <span class='ocrx_word' id='word_1_211' title='bbox 248 4233 400 4322; x_wconf 78' lang='lat' dir='ltr'>fugitivis,</span> <span class='ocrx_word' id='word_1_212' title='bbox 416 4253 489 4296; x_wconf 91' lang='lat' dir='ltr'>cum</span> <span class='ocrx_word' id='word_1_213' title='bbox 510 4229 652 4296; x_wconf 85' lang='lat' dir='ltr'>exercitu</span> <span class='ocrx_word' id='word_1_214' title='bbox 667 4227 733 4303; x_wconf 80' lang='lat' dir='ltr'>dtu,</span> <span class='ocrx_word' id='word_1_215' title='bbox 750 4226 817 4292; x_wconf 88' lang='lat' dir='ltr'>sine</span> <span class='ocrx_word' id='word_1_216' title='bbox 838 4225 903 4290; x_wconf 89' lang='lat' dir='ltr'>ulla</span> <span class='ocrx_word' id='word_1_217' title='bbox 921 4225 983 4291; x_wconf 81' lang='lat' dir='ltr'>loct</span> <span class='ocrx_word' id='word_1_218' title='bbox 1002 4249 1107 4292; x_wconf 81' lang='lat' dir='ltr'>curus·</span> 
     </span>
     <span class='ocr_line' id='line_1_33' title="bbox 89 4311 1108 4407; baseline -0.003 -27"><span class='ocrx_word' id='word_1_219' title='bbox 89 4329 164 4393; x_wconf 84' lang='lat' dir='ltr'>quam</span> <span class='ocrx_word' id='word_1_220' title='bbox 183 4319 385 4407; x_wconf 85' lang='lat' dir='ltr'>possessione,</span> <span class='ocrx_word' id='word_1_221' title='bbox 400 4317 570 4406; x_wconf 81' lang='lat' dir='ltr'>praedatus</span> <span class='ocrx_word' id='word_1_222' title='bbox 591 4316 625 4381; x_wconf 94' lang='lat' dir='ltr'>in</span> <span class='ocrx_word' id='word_1_223' title='bbox 646 4314 737 4391; x_wconf 84' lang='lat' dir='ltr'>mari,</span> <span class='ocrx_word' id='word_1_224' title='bbox 753 4314 934 4379; x_wconf 78' lang='lat' dir='ltr'>Messanam</span> <span class='ocrx_word' id='word_1_225' title='bbox 953 4311 1108 4400; x_wconf 91' lang='lat' dir='ltr'>oppidum</span> 
     </span>
    </p>
   </div>
   <div class='ocr_carea' id='block_1_12' title="bbox 0 0 1494 4800">
    <p class='ocr_par' dir='ltr' id='par_1_12' title="bbox 0 0 1494 4800">
     <span class='ocr_line' id='line_1_34' title="bbox 0 0 1494 4800; baseline 0 0"><span class='ocrx_word' id='word_1_226' title='bbox 0 0 1494 4800; x_wconf 95' lang='lat' dir='ltr'> </span> 
     </span>
    </p>
   </div>
  </div>
 </body>
</html>
