2934 4800
349 216 446 285 LIB.
469 219 596 286 XLIV.
630 219 741 286 CAP.
766 226 818 288 35.
1049 230 1109 292 153

20 362 136 416 acuta
156 350 231 429 alii,
246 351 300 416 alii
319 351 432 418 loricas
446 366 587 442 tergere:
612 355 666 420 alii
680 368 789 444 aptare
804 356 929 445 corpori
943 379 1039 437 arma,
1054 381 1112 424 ex.
1124 377 1156 428 U.
1167 378 1198 429 ο,
1212 381 1269 443 ⁵84·

20 437 223 524 peritique
237 439 297 505 sub
311 440 366 539 his
374 442 589 506 membrorum
603 441 796 530 agilitatem:
813 457 952 543 'quatere
967 444 1020 509 alii
1035 446 1110 534 pila,
1120 443 1151 493 Α·
1167 443 1198 494 ⁰·
1215 443 1269 494 ¹⁶⁸·

20 523 88 587 alii
123 525 259 589 micare
282 524 406 625 gladiis,
432 549 681 678 mucronemqqe
704 529 841 594 intueri:
870 543 907 594 ut
927 530 1018 596 facile
1037 532 1111 682 quis

20 623 217 688 cerneret,
239 611 293 676 ubt
312 612 452 700 primum
473 636 625 679 conseren
651 615 658 628 '
680 638 810 680 manum
833 639 907 680 cum
928 616 1018 682 hoste
1059 631 1112 683 ata

21 697 185 761 occasio
211 711 304 775 esset,
324 710 380 763 aut
398 700 530 764 victoria
551 701 687 789 egregia,
710 714 767 766 aut
788 714 889 768 morte
913 703 1111 768 memorabili

21 783 212 848 finituros
224 783 353 849 bellum.
398 785 534 852 Perseus
549 810 677 874 quoque
692 811 803 874 quum,
819 787 958 854 adventu
973 789 1111 854 consulis

25 868 149 933 simul
175 884 214 934 et
234 871 316 934 veris
339 871 440 958 princi
463 873 505 950 io,
528 886 666 960 strepere
688 875 797 939 omnia
818 876 1001 962 moverique
1023 875 1110 963 apud

26 955 177 1032 hostes,
193 955 284 1020 velut
304 980 388 1022 novo
409 959 449 1023 be
473 982 503 1036 ο,
521 971 675 1035 cerneret,
697 973 784 1025 mota
805 960 932 1025 aPhila
952 975 1054 1026 castra
1074 962 1110 1026 in

30 1042 195 1106 adversa
216 1042 285 1128 ripa
305 1045 417 1130 posita,
432 1066 520 1110 nunc
539 1045 581 1110 ad
599 1045 844 1133 contemplanda
858 1069 955 1134 opera
973 1070 1030 1112 sua
1049 1048 1110 1112 cir-

31 1129 182 1214 cumire
200 1127 325 1207 ducem,
337 1129 425 1194 haud
438 1129 535 1195 dubie
551 1132 699 1197 transitus
712 1131 940 1220 speculantem,
955 1133 1056 1220 [nunc
1071 1157 1110 1198 ea

33 1215 168 1278 omnia
187 1214 400 1280 intentissima
420 1239 497 1282 cura
517 1240 677 1306 apparare,
693 1241 776 1304 quae
796 1217 838 1282 ad
852 1219 916 1282 vim
930 1219 1110 1284 faciendam

35 1323 239 1388 oppugnari
303 1325 344 1366 ue
367 1316 468 1368 eastra
490 1304 563 1368 usui
585 1326 652 1369 esse
676 1317 823 1390 posseut3
848 1303 930 1368 nihil
952 1305 1108 1382 emittere,

36 1387 148 1473 qnod
172 1387 242 1451 sive
304 1411 412 1453 versus
439 1388 574 1466 hostem,
595 1390 661 1455 sive
687 1389 729 1454 ad
757 1412 887 1454 suorum
917 1389 1110 1455 adiuvandas

37 1473 139 1538 vires
162 1495 283 1559 magno
303 1474 378 1538 duci
399 1475 581 1540 conandum
599 1475 846 1562 faciendumque
861 1487 959 1541 esset:
983 1476 1109 1562 etipse,

40 1572 218 1646 tanquam
243 1560 278 1624 in
299 1582 441 1625 summae
462 1562 509 1626 rei
532 1561 596 1626 iam
619 1561 790 1626 discrimen
811 1572 973 1639 venturus,
996 1583 1109 1628 acuere

41 1644 203 1710 militnm
224 1646 355 1723 animos,
371 1646 495 1712 firmare
516 1670 615 1736 opera
635 1648 736 1734 magis
757 1670 794 1712 ac
816 1647 925 1748 magis,
943 1670 1109 1734 nunquam

43 1733 135 1796 satis
148 1731 277 1818 provisa
290 1732 407 1810 omnia,
416 1734 490 1798 sads
504 1745 606 1798 tutam
621 1734 841 1821 munitamque
854 1755 955 1820 ripam
969 1733 1106 1798 credere.

46 1816 191 1882 Tamen
204 1816 240 1880 in
254 1818 406 1883 acerrimo
418 1819 579 1906 utrimque
594 1819 705 1885 ardore
716 1819 826 1906 quieta
839 1841 897 1906 per
910 1819 1109 1920 aliquantum

49 1902 218 1990 temporis
238 1904 352 1969 stativa
370 1905 477 1969 fuere:
500 1927 561 1972 nec
579 1929 721 1992 uuquam
741 1917 845 1970 tantos
864 1919 1022 1971 exercitus
1044 1919 1109 1970 tam

49 1991 91 2056 in
115 1989 336 2089 propinquum
358 1989 480 2055 collatis
502 1991 611 2056 castris
633 2005 698 2056 tam
722 1991 908 2080 tranquillos
929 1991 1108 2057 consedisse

50 2097 236 2140 memoriae
255 2075 417 2162 proditum
432 2089 488 2142 eet
533 2077 667 2143 Interim
681 2077 766 2142 fama
779 2078 916 2154 nuntiat,
931 2078 1051 2142 victum
1073 2078 1110 2142 in

52 2161 194 2250 illyrico
221 2160 377 2226 Gentium
405 2185 514 2250 regem
543 2164 584 2230 ab
610 2163 728 2228 Anicio
756 2175 910 2251 praetore,
940 2163 1108 2251 ipsumque

54 2271 138 2314 cum
159 2247 257 2312 domo
281 2260 349 2314 tota
372 2259 406 2312 et
430 2249 578 2315 universa
598 2248 719 2315 ditione
741 2249 776 2314 in
796 2263 952 2337 potestate
973 2249 1107 2336 Roma]

56 2357 180 2399 norum
194 2356 271 2399 esee.
319 2333 412 2411 Quae
426 2357 477 2399 res
491 2335 645 2402 Romanu
661 2336 752 2401 auxit
773 2336 904 2414 animos,
921 2335 1109 2402 Macedoni·
1208 2394 1217 2414 ,

56 2423 125 2487 bus
138 2422 270 2509 regique
284 2443 395 2487 eorum
414 2421 502 2487 haud
521 2422 713 2488 mediocrem
733 2422 840 2488 attulit
857 2436 1019 2489 terrorem.
1066 2421 1111 2487 Et

57 2508 169 2596 primo
187 2508 383 2608 supprimere
403 2507 438 2572 in
460 2508 586 2573 occulto
602 2508 718 2573 famam
740 2508 809 2573 eius
830 2509 877 2573 rei
898 2520 947 2572 est
968 2519 1110 2585 conatus,

60 2594 177 2670 missis,
205 2616 263 2681 qur
290 2592 513 2659 Pantauchum
540 2594 617 2659 inde
646 2595 829 2659 venientem
857 2594 1111 2680 appropinquare

37 2679 174 2751 constris
184 2692 336 2745 vetarent
371 2679 436 2745 Sed
450 2680 513 2745 iam
528 2692 562 2745 et
575 2680 666 2768 pueri
675 2678 807 2767 quidam
818 2678 876 2743 visi
890 2680 930 2743 ab
945 2678 1009 2743 suis
1021 2692 1112 2745 erant

63 2768 151 2831 inter
175 2765 300 2831 obsides
321 2765 448 2854 Illyrios
472 2765 578 2831 ducti:
606 2780 649 2844 et,
673 2789 738 2853 quo
765 2786 911 2852 quaeque
935 2765 1111 2831 accuratius

65 2852 219 2929 celantur,
249 2875 288 2917 eo
319 2852 442 2917 facilius
475 2852 667 2940 loquacitate
701 2852 860 2940 regiorum
894 2852 1111 2918 ministrorum

66 2952 225 3004 emanant.

112 3024 180 3089 Sub
193 3024 279 3090 idem
294 3037 420 3113 tempus
435 3025 557 3091 Rhodii
578 3026 674 3114 legati
695 3026 730 3091 in
752 3038 853 3091 casua
866 3037 1023 3091 venerunt
1037 3048 1112 3091 cum

68 3112 179 3176 iisdem
193 3110 235 3175 de
250 3132 328 3198 pace
346 3110 511 3189 mandatis,
527 3134 609 3212 quae
625 3113 748 3177 Romae
770 3113 934 3201 ingentem
954 3112 1034 3177 iram
1049 3111 1112 3175 Pa-

68 3210 151 3262 trnm
174 3197 362 3262 excitavere.
412 3196 520 3263 Multo
543 3199 754 3286 iniquioribus
778 3198 892 3263 animis
916 3220 936 3262 a
959 3196 1111 3263 castrensi

48 3282 197 3357 seomilio
222 3282 324 3348 aedifi
347 3295 430 3349 sunt
475 3283 589 3371 Itaque
615 3307 715 3372 quum
743 3284 798 3350 alii
826 3284 1014 3383 praecipites
1042 3282 1111 3347 sine

70 3391 216 3456 responso
237 3369 255 3405 ⁸
277 3369 418 3457 agendoe
438 3370 556 3447 castris,
574 3371 801 3458 pronuntiarit,
876 3382 889 3435 t
908 3370 994 3435 diem
1017 3368 1112 3455 quin-

71 3469 137 3520 tum
155 3454 316 3521 decimum
337 3477 371 3520 se
392 3476 580 3541 responsum
601 3456 759 3522 daturum.
847 3455 949 3531 terim,
965 3466 1002 3519 ut
1015 3474 1056 3537 ap

71 3553 159 3619 reret,
173 3553 330 3627 quantum
350 3541 587 3627 pwilicantium
610 3541 812 3606 Rhodiorum
834 3539 1002 3603 auctoritas
1023 3560 1044 3601 v
1076 3560 1112 3601 u·

72 3628 151 3703 isset,
165 3626 342 3692 consultare
356 3626 398 3691 de
412 3626 534 3693 ratione
556 3626 631 3693 belli
651 3624 785 3714 gerendi
803 3647 861 3689 coe
883 3624 917 3687 it.
962 3622 1113 3689 Placebat
1120 3650 1230 3702 donnus
1237 3652 1269 3702 de

51 3712 265 3800 §quibusdam
279 3726 314 3779 et
334 3713 473 3778 maxime
495 3713 666 3779 maioribus
686 3724 776 3789 natu,
791 3732 850 3797 per
901 3707 990 3795 nipei
1011 3709 1112 3796 ripam
1119 3716 1194 3768 bello.

103 3900 322 3962 3Ma0ros0srqua
342 3896 449 3959 ecam]
477 3897 571 3960 Explo-
604 3895 749 3947 Crevierius.

74 3963 153 4009 nbsnt
164 3962 258 4010 milites
270 3962 350 4011 aciem
362 3960 495 4021 mucronis,
505 3961 572 4023 quod
636 3973 651 4020 5
667 3962 727 4008 Sine
738 3956 863 4021 respersio]
882 3958 977 4009 Vocem
988 3965 1113 4009 maest

76 4026 173 4074 Romani
183 4025 261 4088 magis
271 4024 384 4088 punctim
395 4039 470 4086 qnam
481 4023 571 4073 caesim
603 4022 695 4071 librarii
711 4022 806 4071 incuria
823 4022 871 4072 hoc
888 4024 943 4071 loeo
962 4021 1112 4071 intercidisse

76 4090 215 4151 pugnabant.
232 4089 321 4139 Dm.
604 4092 704 4135 censent
737 4086 845 4137 Gronov.
873 4090 898 4135 et
926 4084 1112 4135 Drakenborch.

105 4155 209 4210 4Proerl
225 4150 338 4217 padam]
361 4152 434 4209 Quos
449 4149 515 4199 inter
531 4152 574 4199 ob·
606 4166 691 4199 verum
709 4149 791 4213 Sigon.
809 4156 834 4199 et
851 4148 957 4199 Crevier.
974 4149 1113 4197 membrum

77 4215 212 4265 sidesinisse
227 4232 243 4265 a
257 4216 350 4266 Perseo
365 4216 416 4278 regi
429 4214 574 4263 Gentiods·
607 4213 731 4271 orationis,
752 4215 818 4277 qued
839 4212 985 4274 respondeat
1006 4213 1041 4273 τῷ
1059 4213 1113 4270 alil,

78 4285 119 4339 tos
129 4285 151 4327 et
160 4295 177 4328 a
186 4280 332 4330 Pantaucho
342 4280 476 4328 subductos
484 4278 511 4325 in
522 4278 574 4326 Ro-
606 4279 690 4326 deesse
700 4278 862 4339 suspicentur.

79 4357 195 4392 murorum
210 4359 297 4393 manus
314 4343 429 4392 incidiae
450 4340 575 4390 existimat
638 4339 654 4390 6
669 4343 705 4389 Et
714 4344 818 4391 mmm
827 4340 960 4390 meorum
969 4338 1045 4395 natu]
1062 4334 1113 4382 Ex-
