2934 4800
351 249 413 309 130
732 239 846 307 TITl
875 237 1012 308 LIVII

195 386 230 438 U.
241 386 271 438 c.
287 388 342 452 583„
351 376 481 444 castello
509 373 768 465 inexpugnabili:
801 377 929 442 tertium
954 375 1038 441 circa
1063 373 1291 462 Lapathunta,
1319 391 1407 470 quern

194 451 226 501 L
242 452 272 502 ⁰·
290 451 344 520 ¹⁶5²
356 463 502 528 Characa
525 463 704 551 appellant:
738 475 887 551 quartum
909 463 979 526 viae
1002 461 1074 549 ipsi,
1098 483 1164 548 qna
1186 473 1222 525 ct
1245 458 1365 524 media
1382 469 1407 554 et

353 550 574 636 angustissima
587 549 676 614 vallia
690 562 748 627 est,
764 550 957 636 impositum,
969 569 1066 635 quam
1080 548 1132 612 vel
1147 546 1268 612 decem
1285 557 1408 610 armam

355 637 436 702 tueri
454 636 545 702 facile
564 647 621 701 est.
667 635 844 701 Intercluso
863 658 921 722 per
941 635 1064 722 Tempe
1086 633 1181 698 simul
1203 632 1306 698 aditu
1331 651 1408 694 corn·

354 723 518 799 meatibus,
534 722 628 788 simul
643 722 758 799 reditu,
771 723 832 809 ipsi
847 735 980 798 montes,
992 743 1051 808 per
1065 743 1144 807 quos
1158 717 1407 788 descenderant,

353 808 519 895 repetendi
539 823 638 874 erant.
687 808 786 884 Quod
807 820 843 873 ut
861 808 945 872 furto
964 806 1149 883 fefellerant,
1165 806 1211 870 ita
1229 802 1422 891 propalarat

354 895 537 960 tenentibus
556 895 718 982 superiora
737 895 903 960 cacumina
922 893 1075 970 hostibus,
1091 915 1156 958 non
1175 903 1361 979 poterant:
1382 906 1408 950 er

354 995 485 1067 experta
517 981 684 1046 difficultas
719 1003 809 1067 spem
842 1003 970 1044 omnem
1004 979 1174 1044 incidisset.
1233 976 1408 1077 Supererat

353 1067 435 1132 nihil
453 1066 541 1133 aliud
559 1068 595 1132 in
614 1080 733 1132 temere
754 1067 929 1143 commisso,
945 1089 1041 1153 quam
1061 1067 1096 1130 in
1112 1063 1353 1130 Macedoniam
1374 1059 1408 1123 sd
1449 1082 1450 1091 ¹

353 1152 455 1217 Dium
477 1176 535 1241 per
555 1153 677 1218 medios
698 1152 832 1218 evadere
852 1152 977 1218 hostes:
1001 1151 1099 1238 quod,
1115 1150 1176 1215 nisi
1193 1149 1241 1214 dii
1262 1162 1407 1215 mentem

353 1239 421 1326 regi
434 1239 634 1316 ademissent,
650 1251 683 1305 et
703 1240 808 1327 ipsum
828 1239 966 1324 ingentis
980 1237 1173 1304 difficultatis
1191 1249 1270 1302 erat.
1326 1233 1406 1298 Nam
1448 1185 1450 1339 l

353 1348 454 1412 quum
471 1325 603 1414 Olympi
618 1326 740 1392 radices
760 1325 876 1390 montis
894 1323 1001 1412 paullo
1021 1325 1204 1412 plusquam
1225 1321 1323 1387 rnille

352 1434 445 1478 suum
470 1413 513 1476 ad
538 1435 624 1477 mare
647 1412 829 1498 relinquant
854 1411 1001 1498 spatium,
1026 1411 1116 1475 cuius
1142 1409 1325 1473 dimidium
1364 1405 1406 1470 ori

353 1510 488 1598 occupat
516 1500 633 1563 ostium
658 1497 721 1564 late
751 1510 934 1584 restagnans
963 1495 1012 1562 Ba
1033 1497 1105 1585 hyri
1134 1495 1248 1572 amnis,
1277 1507 1404 1644 partem

351 1584 503 1672 planrtiae
518 1597 574 1650 ant
588 1584 673 1650 Iovis
687 1583 852 1684 templum,
865 1595 921 1648 aut
932 1519 1086 1672 oppidum
1107 1595 1215 1659 tenet3
1240 1603 1276 1646 re
1291 1583 1404 1669 iqnunr

351 1671 562 1756 perexiguum
576 1670 659 1735 fossa
677 1669 803 1736 modrca
816 1669 963 1756 valloque
983 1669 1089 1734 claudi
1108 1681 1243 1755 poterat,
1260 1680 1298 1733 at
1316 1689 1404 1732 saxo

351 1778 423 1820 rum
444 1755 487 1821 ad
506 1777 637 1821 manum
658 1755 871 1844 silvestrisque
894 1757 1042 1821 materiae
1062 1768 1186 1820 tantum
1206 1767 1287 1832 erat,
1305 1768 1348 1819 ut
1361 1751 1404 1816 rel

352 1863 462 1906 murus
476 1842 581 1919 obiici,
597 1856 762 1929 turresque
783 1843 915 1908 excitari
935 1841 1105 1929 potuerint.
1154 1840 1308 1916 Quorum
1329 1837 1402 1904 nihil

352 1949 453 2014 quum
483 1927 671 2014 dispexisset
699 1941 827 1994 caecata
858 1951 948 1994 mens
977 1929 1082 1993 subito
1113 1941 1242 2005 terrore,
1274 1925 1402 1992 nudaris

352 2013 499 2079 omnibus
535 2013 685 2091 raesidiis,
700 2014 929 2101 patefactisque
944 2015 1038 2092 bello,
1054 2015 1096 2079 ad
1110 2013 1259 2102 Pydnam
1275 2014 1400 2098 refugit
1448 2051 1449 2086 ,

274 2141 281 2158 ·
397 2037 534 2179 Consul:
542 2099 714 2187 plurimum
729 2113 763 2166 et
777 2101 925 2187 praesidii
940 2114 973 2166 et
987 2102 1055 2188 spei
1070 2122 1202 2166 cernens
1217 2101 1253 2163 in
1268 2100 1402 2166 stultitia

351 2199 386 2251 et
401 2187 536 2274 segnitie
554 2186 662 2264 hostis,
678 2187 807 2252 remisso
827 2188 941 2252 nuntio
961 2187 1001 2252 ad
1024 2187 1077 2274 Sp.
1091 2186 1280 2252 Lucretium
1295 2186 1402 2251 Laris·

351 2294 428 2350 sam,
444 2286 481 2337 ut
502 2272 641 2350 castella,
660 2273 771 2338 relicta
792 2273 832 2338 ab
854 2273 954 2350 hoste,
970 2275 1054 2360 cirea
1073 2273 1196 2360 Tempe
1219 2295 1301 2338 occu
1382 2283 1400 2347 t,

351 2358 522 2447 praemisso
545 2358 682 2448 Popillio
704 2359 748 2425 ad
770 2359 980 2448 explorandos
1004 2360 1153 2425 transitus
1178 2359 1264 2425 circa
1326 2363 1400 2437 inm,

350 2459 519 2547 postquam
538 2460 647 2534 patere
665 2446 774 2511 omnia
789 2447 824 2511 in
842 2469 952 2511 omnes
971 2460 1075 2535 partes
1097 2446 1338 2525 animadvertit,
1358 2472 1401 2513 se·

350 2533 464 2600 cundra
493 2534 602 2599 castis
630 2534 776 2621 pervenit
804 2532 846 2599 ad
876 2533 997 2599 Dium:
1033 2534 1209 2620 metarique
1240 2535 1302 2599 snb
1335 2536 1416 2621 ips09

192 2631 249 2679 cos
261 2630 338 2707 ntum
351 2620 480 2707 templo,
506 2644 549 2686 ne
578 2619 658 2707 qnid
686 2642 775 2684 sacro
804 2619 838 2683 in
868 2619 938 2684 loco
962 2619 1143 2697 violaretur,
1169 2620 1269 2685 iussit.
1318 2620 1399 2709 Ipse,

191 2702 311 2756 P⁶¹V⁰¹¹¹b
350 2707 462 2771 urbem
477 2707 645 2793 ingressus,
658 2706 741 2771 sicut
754 2728 820 2770 non
835 2728 991 2793 magnam,
1004 2706 1050 2772 ita
1064 2718 1249 2771 exornatam
1263 2708 1414 2794 publicisr

350 2789 436 2869 locis,
452 2805 486 2856 et
508 2791 714 2856 multitudine
736 2804 919 2869 statuarum,
942 2792 1163 2880 munitamque
1186 2795 1326 2880 egregie,
1349 2796 1399 2859 vir

350 2878 425 2941 satis
435 2877 575 2955 credere,
586 2877 622 2941 in
637 2877 732 2942 tantis
747 2878 841 2943 rebus
855 2878 923 2942 sine
938 2901 1032 2943 causa
1046 2878 1163 2943 relictis
1177 2902 1244 2943 non
1258 2880 1399 2967 aliquem

349 2964 477 3029 subesse
499 2962 618 3028 dolum.
665 2963 776 3028 Unum
799 2964 886 3029 diem
907 2963 949 3029 ad
970 2963 1165 3052 exploranda
1186 2966 1272 3031 circa
1294 2970 1401 3033 omnia

349 3062 498 3127 moratus,
510 3061 612 3114 castra
625 3063 748 3115 movet:
765 3050 903 3138 satisque
918 3050 1060 3129 credens,
1076 3052 1109 3115 in
1126 3051 1233 3116 Pieria
1245 3051 1399 3118 humenti

349 3136 474 3223 copiam
497 3134 573 3213 fore,
595 3158 635 3200 eo
657 3135 709 3200 die
733 3136 775 3201 ad
798 3158 924 3201 amnem
948 3139 1078 3203 nomine
1102 3136 1168 3203 Mit
1235 3141 1397 3239 proceffiit

349 3221 483 3287 Postero
507 3221 560 3287 die
586 3244 777 3309 progressus,
803 3221 938 3309 Agassas
964 3224 1085 3301 urbem,
1110 3161 1311 3291 hadelirtrhus
1332 3250 1398 3291 sese

349 3308 434 3396 ipsis,
454 3308 594 3396 recepit:
617 3321 660 3385 et,
680 3321 717 3373 ut
737 3308 933 3395 reliquorum
953 3308 1171 3375 Macedonum
1193 3311 1319 3379 animos
1341 3314 1398 3378 sibi

348 3393 541 3496 conciliaret,
560 3394 722 3496 obsidibus
744 3408 929 3496 contentus,
945 3396 1024 3545 ailne¹
1036 3398 1193 3497 praesidio
1215 3398 1396 3487 relinquere

191 3483 1396 3657 ,nrttlflffltttt‘3t1⁸lt,‚⁰⁸;l“llth“¹h‘itti

189 3652 266 3702 Μ
348 3656 454 3742 posuit
467 3669 586 3721 castra:
610 3668 654 3731 et,
669 3668 824 3741 quantum
844 3655 1030 3743 procederet
1048 3656 1171 3743 longius
1186 3679 1206 3721 a
1221 3656 1412 3737 Thessaliae

379 3807 758 3868 8andutsurtosesellaraat]
778 3809 855 3863 Quod
887 3816 1042 3861 memoratur.

347 3876 377 3919 nt
386 3872 495 3920 laceram
505 3870 618 3920 lallantas
625 3872 690 3919 rum
700 3872 790 3921 Peraea
798 3872 853 3921 Ma·
921 3888 931 3923 1
949 3876 1062 3925 Publicia
1072 3876 1142 3935 loeis]
1161 3876 1256 3932 Qualia
1266 3884 1328 3929 sunt
1338 3880 1394 3937 fors,

347 3936 510 4008 cedonaaqua,
524 3932 560 3981 ita
574 3936 702 4007 propalam
713 3936 793 3985 facere
803 3952 853 3987 non
886 3938 1002 3999 porticus,
1012 3939 1135 3991 basilicae.
1152 3940 1234 3990 θην.

346 4004 470 4061 poterant,
485 4012 506 4047 ar
519 4000 855 4050 ermeneumata
921 4004 1079 4061 aestuatum
1097 4006 1251 4066 procederet]
1282 4007 1393 4057 Muretus

347 4067 391 4111 tas
433 4061 645 4110 Transcenderant
672 4062 772 4124 quidem
799 4064 856 4114 illos
887 4071 913 4114 at
940 4066 1079 4117 Gronovius
1109 4070 1277 4130 reponendum

346 4126 432 4184 saltas,
450 4126 509 4187 quia
530 4125 670 4174 fefellerant
690 4126 801 4177 hostem:
827 4134 854 4176 at
887 4136 996 4187 manant.
1006 4132 1050 4181 sed
1062 4132 1282 4182 Drakenborchius
1297 4142 1324 4183 at
1339 4137 1391 4185 Ore

346 4188 412 4238 idam
429 4189 510 4262 lacera
528 4204 578 4237 non
597 4194 711 4263 poterant
727 4191 810 4252 palam
829 4196 854 4241 at
887 4192 974 4241 vieriru
984 4201 1104 4257 quantum
1115 4201 1224 4256 tuentur,
1232 4202 1323 4259 utpote
1331 4200 1391 4261 qnod

345 4258 432 4314 sparta
442 4252 743 4310 raaihostiaobstrtisset,
760 4253 840 4305 Gaas.
885 4270 902 4302 a
918 4258 1098 4318 praepositione
1114 4262 1248 4309 amodum
1267 4262 1390 4312 intellecta

376 4318 503 4379 9Mata'
552 4317 564 4375 ]
585 4317 783 4366 sacrarunt
799 4317 853 4379 ipso
885 4324 991 4380 regatur,
1002 4326 1028 4369 et
1038 4336 1095 4371 cum
1107 4322 1228 4385 particula
1238 4340 1267 4373 ao
1277 4326 1389 4375 adium

346 4378 413 4428 loris
433 4332 625 4442 amllfquor
646 4379 672 4427 in
694 4394 749 4441 cap.
772 4394 852 4441 praec.
888 4384 1363 4453 comparatirononraroconrponatar.
