2934 4800
385 79 449 140 264
771 70 1052 138 EPITOMAE

830 453 990 520 CXVIIL

389 635 438 702 M
455 632 645 701 BRUTUS
659 632 694 695 in
710 629 848 695 Graecia
861 631 920 695 sub
935 643 1102 779 plrlaetextu
1117 632 1328 719 reipublicae
1339 647 1364 694 et
1375 653 1412 693 su·

389 723 474 811 cepti
499 735 611 786 contra
634 719 683 783 M.
696 716 877 781 Antonium
902 717 942 780 be
968 716 975 729 “
1001 718 1199 796 exercitum,
1227 718 1286 783 cui
1309 715 1413 780 Vatinio

388 801 878 980 multatum
894 815 1087 954 mal
1105 826 1216 967 ⁸⁰33,
1235 803 1414 977 ῗὲῗὲωὲ

389 980 559 1132 still
572 975 1414 1128 :.“t‘tdtsstt?lttmt⁰”t..lt⁰s⁸lll
1440 1106 1441 1113 Ν

390 1153 540 1220 Mutinae
549 1087 698 1215 iusidit:
721 1148 873 1234 missique
888 1146 1017 1212 adeum
1032 1169 1052 1213 a
1065 1161 1184 1213 senatu
1201 1109 1308 1234 legati
1320 1146 1356 1210 de
1367 1167 1413 1232 pn

389 1261 501 1327 parum
526 1236 569 1301 ad
592 1258 664 1302 eam
688 1232 942 1321 componendam
967 1233 1144 1299 valuerunt.
1210 1233 1355 1320 Populus
1374 1231 1414 1294 lic»

388 1347 504 1390 manus
525 1345 600 1410 saga
621 1320 764 1407 sumpsit.
811 1320 858 1384 M.
876 1318 995 1384 Brutus
1017 1320 1052 1384 in
1077 1318 1182 1408 Epiro
1213 1319 1258 1384 C.
1272 1319 1412 1384 Antouim

390 1424 568 1498 praetorem
581 1431 656 1473 cum
670 1406 811 1472 exercitu
828 1405 976 1492 potestati
990 1427 1065 1471 suae
1080 1406 1237 1472 subiecit.

846 1765 973 1830 CXIX.

393 1931 431 1997 C.
443 1929 716 1998 TREBONIUS
730 1930 764 1994 in
778 1929 857 1994 Asia
869 1930 979 1996 liaude
995 1929 1031 1996 P.
1042 1930 1235 1998 Dolabellae
1252 1932 1363 1998 oocisu
1373 1940 1407 1988 est
1438 1868 1441 1931 i

393 2016 447 2083 Ob
458 2018 492 2082 id
502 2017 624 2082 facinus
632 2015 801 2080 Dolabella
811 2015 1061 2082 bostisasenatu
1072 2018 1304 2084 iudicatusest
1332 2013 1406 2088 Qum
1439 2038 1441 2113 p

391 2103 497 2168 Pansa
514 2101 624 2166 consul
642 2101 724 2166 malc
742 2100 890 2166 adversus
905 2101 1085 2167 Antonium
1106 2115 1296 2192 pugnasset,
1311 2103 1347 2166 A.
1358 2095 1405 2191 Hir

392 2189 454 2253 tius
479 2186 590 2252 consul
613 2210 687 2253 cum
710 2187 854 2252 exercitu
876 2189 1112 2275 superveniens,
1136 2191 1217 2255 fusis
1243 2191 1294 2256 M.
1307 2189 1405 2256 Animi

390 2273 1145 2429 ztpsltffalsatutmtmu
1165 2265 1403 2449 ..ttulit
1438 2236 1441 2349 l

392 2448 552 2537 Lepidum
567 2470 642 2513 cum
655 2445 844 2533 legionibus,
861 2470 942 2533 quae
961 2447 1019 2513 sub
1033 2448 1103 2535 ipso
1119 2464 1223 2528 erant,
1240 2448 1300 2513 sibi
1312 2440 1400 2537 iunxit:
1438 2407 1441 2520 l

391 2534 554 2622 hostisque
574 2557 594 2599 a
610 2546 723 2599 senatu
743 2555 816 2597 cum
837 2532 993 2611 omnibus,
1008 2536 1065 2620 qui
1086 2534 1172 2600 intra
1192 2532 1344 2623 praesidia
1360 2544 1402 2622 01}ss

391 2634 506 2698 camut,
532 2619 690 2685 iudicatus
715 2630 771 2683 cst
819 2618 860 2682 A.
883 2616 1018 2697 Hirtius,
1067 2620 1099 2685 ui
1181 2635 1194 2686 t
1219 2618 1398 2686 victorinum
1438 2611 1441 2744 p

392 2705 469 2792 ipsis
493 2704 633 2769 hostium
658 2704 766 2773 castris
795 2702 961 2782 ceciderat,
988 2720 1021 2771 et
1043 2643 1091 2771 (b.
1108 2645 1224 2785 ffim,
1252 2731 1271 2772 e
1298 2700 1400 2767 aubert,

415 2790 480 2854 uod
504 2792 541 2855 in
565 2789 697 2854 adverso
722 2789 843 2877 proelio
868 2804 1045 2879 exceperat,
1066 2792 1249 2872 defunctus,
1271 2792 1304 2855 in
1323 2800 1399 2867 mopt
1438 2787 1441 2912 1

392 2814 513 2941 litatio
536 2874 654 2975 sepulti
676 2888 759 2941 sunt
804 2874 968 2941 Adversus
990 2879 1027 2943 C.
1041 2880 1221 2957 Caesarem,
1238 2878 1293 2967 qui
1312 2872 1398 2963 solta,e

393 2962 493 3025 tribua
514 2961 650 3028 ducibus
670 2974 842 3049 supererat,
858 2984 970 3049 parum
991 2978 1098 3051 gratus
1119 2979 1251 3031 senatus
1269 2963 1340 3029 fuit:
1357 2974 1397 3040 qm,

393 3046 436 3113 D.
450 3046 562 3126 Bruto,
579 3047 743 3113 obsidione
764 3048 942 3113 Mutinensi
965 3073 985 3113 a
1003 3051 1136 3116 Caesare
1158 3052 1301 3128 liberato,
1313 3048 1397 3111 honore
1438 2989 1441 3138 l

392 3134 545 3221 triumphi
555 3134 694 3211 decreto,
708 3134 850 3199 Caesaris
865 3134 1065 3222 militumque
1076 3138 1146 3203 eius
1160 3140 1346 3205 mentionem
1356 3144 1399 3191 11⁰¹1

390 3221 465 3285 satis
488 3233 609 3307 gratam
632 3219 752 3285 habuit
800 3218 853 3285 Ob
868 3242 950 3306 quae
966 3222 1003 3287 C.
1017 3223 1143 3301 Caesar,
1158 3222 1395 3300 reconciliatam

391 3304 439 3370 M.
450 3305 610 3394 Lepidum
626 3328 700 3371 cum
712 3304 760 3369 M.
773 3305 916 3371 Antonio
930 3307 1040 3394 gratia,
1054 3308 1190 3375 Romam
1206 3334 1279 3377 cum
1293 3299 1396 3391 exercitt}

390 3393 488 3471 venit,
513 3405 556 3470 et,
582 3391 733 3480 perculsis
760 3391 899 3457 adventu
925 3394 994 3457 eius
1019 3394 1067 3473 iis,
1092 3398 1148 3483 qui
1174 3397 1209 3462 in
1235 3418 1304 3463 eum
1325 3386 1392 3469 ifllqffl

387 3492 491 3557 eraut,
507 3500 607 3565 quum
622 3501 723 3544 annos
738 3478 946 3544 novendecim
962 3479 1103 3561 baberet,
1115 3484 1226 3549 consul
1241 3492 1348 3551 creatus
1358 3482 1392 3535 est

860 3814 968 3881 CXX.

388 3992 578 4059 cassan
601 3993 711 4058 consu
738 3994 842 4082 regem
866 3994 939 4061 tun
960 3994 1000 4059 ue
1025 3996 1210 4083 quaestione
1234 3978 1386 4063 amnuit
1430 3964 1438 4095 l

387 4097 451 4154 eos,
467 4102 602 4165 quorum
619 4101 716 4167 opera
727 4094 819 4179 pater
833 4080 954 4147 occisus
968 4096 1068 4147 esset:
1084 4082 1294 4170 postulatique
1306 4072 1387 4178 still*

386 4164 435 4235 M.
449 4162 577 4242 Brutus,
601 4166 639 4229 C.
653 4168 790 4243 Casama,
815 4166 857 4231 D.
871 4166 1001 4244 Brutus,
1020 4169 1165 4235 absentes
1187 4168 1316 4235 damam
1332 4164 1383 4225 ull
1431 4138 1437 4243 l
