2934 4800
350 159 413 220 180
731 152 845 220 ΤΙΤΙ
871 151 1008 220 LIVII

196 297 271 350 [Lo.
287 290 445 362 584turbs
465 291 699 355 occurrentium
720 291 764 356 ad
784 289 1000 380 spectaculum
1021 313 1088 356 non
1110 301 1260 378 poterat,
1277 287 1391 353 donecs

195 364 228 414 ι
242 364 273 414 ⁰·
291 363 344 415 ¹⁶⁸·
352 375 482 441 consule
504 375 630 442 lictores
645 378 733 442 missi
747 393 861 455 essent,
877 378 934 464 qui
948 389 1107 442 summoto
1129 377 1196 442 iter
1221 375 1270 440 ad
1292 391 1393 462 prsete-

352 463 435 526 rium
452 461 602 528 fecerent.
648 463 859 530 Consurrexit
880 462 1001 541 consul,
1015 477 1059 541 et,
1074 465 1167 528 iussis
1189 462 1317 526 sedere
1337 460 1393 526 aliis

352 569 597 636 progressusque
619 549 771 637 paullum,
792 550 966 616 introeunti
988 551 1056 636 regi
1077 549 1235 614 dextram
1264 546 1395 634 portem,

352 635 667 722 summittentemque
678 658 712 700 se
723 635 764 700 ad
779 636 878 723 pedes
888 635 1030 700 sustulit:
1053 658 1113 701 nec
1123 648 1159 700 at
1175 637 1182 649 '
1315 655 1397 719 genu

352 741 470 807 passus,
484 721 703 787 introductum
717 723 751 785 in
767 721 1003 788 tebcmaculum
1019 722 1170 786 adversus
1238 719 1397 784 vocatosis

254 808 293 882 8„
353 806 520 872 eonsilium
539 807 704 872 considere
725 808 824 872 iussit.
870 807 979 872 Prima
1035 808 1221 872 rcunctatio
1239 807 1319 882 furit,
1335 815 1399 890 ‘qus

194 889 320 968 (ΜΨ
354 894 523 960 ‘subactus
544 893 660 958 iniuria
676 910 787 958 contra
807 894 961 981 populum
1017 916 1169 958 ornanum
1192 891 1330 958 bellum
1351 905 1398 954 tan

193 954 334 1017 mmm·
354 978 490 1045 ‘infesto
514 981 621 1045 animo
645 980 843 1067 suscepisset,
867 1003 932 1067 quo
955 1003 988 1044 se
1012 1001 1217 1066 regnumque
1247 975 1399 1042 sunmsrl

354 1065 520 1131 ‘ultimum
543 1065 713 1131 discrimen
737 1065 944 1131 adduceret?
990 1064 1112 1143 Quum,
1134 1087 1339 1152 responsum
1359 1085 1400 1126 er·

351 1152 568 1239 spectantibus
581 1153 713 1253 cunetis,
729 1165 845 1253 terram
860 1153 997 1229 intuens,
1012 1151 1201 1252 diutacitus
1217 1152 1334 1252 tieret,
1347 1171 1399 1246 mr·

352 1238 798 1412 tittltleiitfitit
813 1261 967 1411 {sigilli
976 1257 1418 1411 ffillliltlllrlslsi

353 1411 522 1476 ‘inimicus
547 1425 629 1477 esset
652 1410 790 1499 populus
813 1410 994 1476 Romanus:
1023 1432 1108 1474 nunc
1129 1432 1220 1486 vero,
1248 1431 1356 1510 quum
1375 1393 1418 1470 et¹

352 1497 458 1563 ‘bello
487 1499 584 1586 petris
610 1497 667 1574 tui,
692 1497 781 1584 quod
810 1497 974 1562 nobiscum
1003 1497 1108 1584 gemit,
1135 1497 1354 1570 inter-firm,
1376 1510 1399 1556 ιι

353 1584 461 1670 ‘pacis
482 1597 599 1670 postea,
615 1605 711 1672 qusm
728 1605 803 1648 cum
817 1605 942 1648 summa
959 1582 1024 1648 fide
1046 1582 1198 1647 adversus
1213 1605 1299 1647 eum
1315 1581 1399 1646 colui·

354 1676 456 1746 ‘mus,
471 1671 676 1748 meminisses,
686 1668 775 1757 quod
789 1668 965 1748 consilium,
975 1691 1111 1757 quorum
1126 1681 1160 1733 et
1175 1669 1246 1732 vim
1263 1671 1304 1733 in
1320 1667 1399 1740 bello,

354 1760 365 1792 ‘
374 1768 408 1818 et
427 1755 525 1820 fidem
541 1756 575 1820 in
589 1778 668 1843 pace
682 1768 833 1844 expertus
847 1777 940 1832 esses,
955 1778 1029 1820 cum
1043 1755 1083 1819 iis
1103 1755 1161 1819 tibi
1184 1755 1317 1820 bellum
1332 1775 1396 1826 esse,

353 1849 471 1928 ‘quam
495 1863 617 1928 pacem,
640 1841 769 1906 mallel'
813 1840 885 1906 Nec
907 1841 1126 1928 interrogatus,
1150 1863 1214 1906 nec
1240 1857 1398 1906 aecumms

375 1950 453 1992 uum
481 1926 705 2014 responderet;
738 1927 933 2013 ‘Utcunque
960 1941 1064 1992 tamen
1087 1927 1176 2004 baec,
1203 1927 1278 1992 sive
1306 1947 1396 1992 ermrr

353 2021 363 2051 ‘
397 2035 524 2090 umano,
539 2035 597 2079 seu
610 2036 694 2092 casu,
709 2037 767 2079 seu
782 2014 968 2078 necessitate
986 2013 1178 2090 inciderunt,
1195 2014 1328 2079 bonnm
1342 2013 1397 2077 ani·

353 2106 462 2163 ‘mum
476 2099 576 2165 habe:
600 2099 771 2165 multorum
792 2121 905 2188 regum
926 2112 959 2164 et
980 2099 1169 2187 populorum
1184 2101 1321 2165 casibus
1335 2119 1397 2184 eog-

354 2183 442 2248 ‘nita
460 2185 572 2272 populi
594 2185 733 2251 Romani
755 2185 925 2251 clementia
944 2209 1008 2250 non
1032 2185 1127 2250 modo
1206 2207 1239 2250 m
1261 2187 1333 2263 tibi,
1349 2182 1410 2277 sed:

352 2278 473 2358 ‘prope
498 2285 617 2338 certam
642 2271 795 2337 fiduciam
817 2271 935 2348 salutis,
960 2272 1111 2359 praebet!
1190 2294 1250 2336 ece
1280 2271 1413 2342 Graemt

349 2379 496 2424 sermone
510 2357 645 2429 Perseo:
671 2357 786 2423 Latine
807 2357 924 2424 deinde
945 2359 1019 2437 suis,
1036 2357 1250 2445 ‘Exemplum
1279 2359 1393 2445 insigne

352 2452 363 2483 ‘
373 2446 521 2524 cemitisss
539 2445 655 2534 inquit,
678 2445 882 2510 ‘mutationis
903 2468 1009 2509 rerum
1031 2445 1252 2509 humanarum.
1306 2444 1394 2509 Vobis

351 2530 435 2596 ‘boc
449 2534 618 2621 praecipue
633 2532 715 2609 dico,
730 2531 869 2595 iuvenes.
904 2530 983 2596 Ideo
998 2531 1032 2596 in
1046 2530 1193 2596 secundis
1207 2533 1312 2597 rebus
1326 2528 1393 2595 nibil

353 2616 409 2680 ‘in
423 2640 617 2706 quemquam
639 2618 773 2707 superbe
796 2638 832 2681 ae
854 2616 1009 2682 violenter
1030 2617 1193 2683 consulere
1216 2617 1329 2697 decet,
1344 2638 1393 2681 nec

352 2704 532 2788 ‘praesenti
553 2705 682 2770 credere
701 2704 865 2780 fortunae3
890 2726 1000 2789 quum,
1016 2704 1095 2790 quid
1109 2724 1220 2804 vesper
1239 2704 1337 2782 ferat,
1354 2704 1409 2767 in-7

352 2796 495 2852 ‘certum
525 2790 574 2854 sit.
620 2789 653 2854 Is
677 2789 807 2855 demum
832 2790 879 2853 vir
904 2790 974 2867 erit,
1001 2790 1091 2890 cuius
1119 2812 1263 2855 smmum
1298 2810 1393 2890 neqqe

352 2882 523 2973 ‘prqspers
535 2875 614 2939 flatu
627 2898 685 2940 suo
699 2877 891 2954 efferetnec
906 2874 1037 2941 adverse
1050 2875 1221 2963 infringet?
1254 2876 1394 2943 Consilio
1440 2902 1441 2922 t

350 2958 491 3036 drmrsso,
507 2962 619 3025 tuendi
632 2984 708 3026 cura
724 2984 808 3111 repe
825 2960 973 3037 QAelio
995 2962 1171 3027 mandatur.
1217 2962 1269 3028 Eo
1294 2964 1349 3029 die
1367 2974 1393 3025 et

351 3044 503 3110 invitatus
524 3046 566 3111 ad
583 3046 746 3112 consulem
789 3070 906 3125 erseus,
921 3060 954 3112 et
968 3047 1047 3113 alius
1061 3048 1164 3113 omnis
1178 3048 1208 3113 ei
1223 3048 1393 3115 honosba·
1440 3058 1441 3095 ἐ

254 3120 284 3214 9,·
352 3130 437 3196 bitus
460 3145 517 3210 est,
563 3134 598 3197 ui
622 3132 732 3198 baberi
755 3133 789 3198 in
816 3133 870 3197 tsli
895 3133 1022 3198 somma
1048 3147 1180 3220 poterat
1228 3134 1392 3203 Exercins

193 3202 281 3317 m
288 3204 344 3317 req:
352 3215 470 3282 deinde
492 3218 527 3281 in
541 3155 682 3283 liberm
695 3220 843 3284 dimissus
857 3231 913 3284 est
958 3218 1135 3285 Maximam
1154 3232 1277 3307 partem
1293 3223 1394 3311 copia·

192 3330 231 3379 nis
352 3325 424 3368 rum
440 3303 561 3392 Amphi
604 3304 652 3381 lis,
668 3305 805 3392 reliquas
820 3304 1016 3405 propinquae
1032 3307 1125 3371 urbes
1139 3324 1348 3395 acceperunt.
1440 3384 1441 3395 2

397 3388 463 3455 Hic
477 3391 550 3456 linis
562 3328 649 3469 lini,
665 3414 764 3478 quum
804 3391 1025 3456 uadrrennium
1041 3393 1229 3458 continuum
1245 3393 1392 3460 bellatum

350 3491 442 3557 esset,
457 3477 542 3544 inter
557 3478 720 3545 Romanos
734 3500 771 3543 ac
814 3476 992 3543 emeafuit:
1016 3476 1166 3566 idemque
1188 3478 1263 3544 finis
1285 3478 1392 3546 incluti

380 3705 541 3764 5Piisoism
555 3708 656 3766 mmo]
681 3720 715 3756 se.
732 3707 809 3765 Wtos,
825 3709 854 3753 ut
886 3702 944 3753 teris
956 3704 1029 3753 verbs
1038 3704 1105 3765 lecit,
1115 3710 1169 3754 tum
1180 3706 1240 3768 quis
1250 3706 1279 3756 hi
1291 3706 1393 3757 Romani

347 3774 451 3829 apparet
464 3784 496 3817 ex
508 3770 567 3820 Vsl.
580 3770 651 3820 Mu.
666 3786 689 3819 r.
705 3783 726 3819 r.
741 3770 764 3819 8.
781 3769 853 3818 Cete-
886 3774 965 3828 erent,
982 3774 1036 3817 tum
1055 3775 1084 3817 ut
1102 3770 1206 3819 Perseus
1222 3770 1289 3821 nibil
1308 3772 1393 3821 intelli

346 3844 401 3878 rum
414 3831 563 3881 Plutones
572 3834 635 3882 elios
644 3838 756 3882 suctores
766 3832 792 3881 in
804 3832 854 3880 sits
884 3837 960 3894 geret.
994 3832 1061 3881 Hinc
1075 3839 1160 3883 sutem
1175 3836 1350 3897 cognoscimus
1361 3836 1392 3887 14

347 3894 448 3945 Aemilii
468 3901 567 3945 secutus
587 3902 632 3955 est,
653 3897 695 3959 qui
718 3896 852 3945 Aemilium
887 3894 1042 3945 viumutrsm
1061 3898 1237 3947 ueontionem
1249 3914 1283 3948 ex
1296 3900 1392 3963 Polybio

347 3958 435 4009 Perseo
445 3962 478 4010 sd
488 3974 569 4022 geum
579 3961 724 4021 suppliciter
737 3961 854 4009 sdvoluto
887 3958 1015 4011 derivasse.
1055 3962 1159 4025 ,Polyb
1178 3960 1241 4011 Exc.
1256 3962 1318 4013 Vct.
1334 3964 1392 4013 nri.

346 4024 669 4085 exprobrassenarrsmuod
675 4031 774 4088 turpem
780 4024 854 4074 sitam
887 4022 927 4073 τό.

345 4085 462 4137 honestse
473 4088 546 4138 morti
556 4087 695 4150 praeferret.
922 4098 934 4148 7
953 4090 1019 4147 Quid
1034 4104 1119 4151 vesper
1131 4088 1215 4152 fust]
1237 4090 1391 4142 Pmrerbiun

376 4150 480 4201 6110oe
498 4156 592 4202 Gracco
608 4155 729 4212 morse]
755 4150 855 4201 Scilicet
890 4156 994 4213 estque
1009 4152 1088 4201 Varro
1106 4168 1164 4201 usus
1180 4160 1227 4215 est,
1242 4170 1320 4205 unam
1337 4157 1392 4207 Sati

344 4214 467 4263 Aemilius
484 4222 558 4264 entes
573 4216 670 4264 Graece
687 4215 777 4264 Perses
793 4216 855 4264 allo
888 4230 969 4263 mrum
986 4215 1127 4275 inscribens,
1141 4220 1228 4279 nescis,
1239 4222 1303 4283 qss'd
1315 4238 1393 4286 nespas

343 4284 415 4327 cutus
426 4278 522 4327 fuerat:
540 4279 629 4327 demde
644 4279 733 4327 Latine
744 4294 801 4328 cum
816 4294 854 4329 ce·
887 4296 958 4330 εενιιι
968 4280 1048 4331 vertar.
1066 4280 1155 4333 Dius.
