2934 4800
333 215 374 276 66
715 208 829 275 ΤΙΤΙ
856 209 992 275 LIVII

181 365 215 415 U.
227 365 257 414 c,
273 359 419 426 serrant
470 345 506 410 P.
530 345 655 410 Licinio
685 344 887 422 Μαοοάοιιία,
919 346 958 411 0.
983 343 1094 411 Cassio
1121 345 1214 411 Italia
1241 346 1395 410 obvenit

179 431 211 480 A.
228 430 258 504 (J-
276 431 506 519 ¹7¹·chiones'
519 432 593 497 inde
617 432 719 497 sortiti
740 447 826 498 sunt.
871 433 979 497 Prima
1000 447 1033 497 et
1054 434 1147 498 tertia
1167 434 1203 497 in
1228 429 1399 497 Macedo-

180 493 320 606 {ww
337 520 423 584 niam
447 518 674 596 traiicerentur,
698 519 839 584 secunde
860 532 894 584 et
919 534 1032 606 qusrts
1053 520 1146 584 utin
1168 519 1266 584 Italis
1291 541 1400 583 rems—

338 616 459 670 nerent

181 702 301 778 petentur
382 692 535 758 Delectus
552 692 696 759 consules
716 692 817 758 multo
836 693 1050 771 intentiorem,
1062 715 1158 780 quam
1173 692 1261 769 alias,
1280 713 1400 756 curam

180 771 297 880 mum
338 779 505 844 habebant.
552 779 695 844 Licinius
713 794 836 845 veteres
850 803 978 867 quoque
999 781 1155 845 scribebat
1173 779 1301 843 milites
1322 801 1401 842 ceu·

339 866 463 932 tutione
502 889 560 931 ue:
584 880 618 930 et
632 866 723 931 multi
737 866 900 932 voluntate
917 868 1048 932 nomina
1062 867 1189 944 dabant,
1205 866 1292 952 quis
1307 864 1401 930 locu·

337 952 439 1040 pletes
452 889 612 1030 ridebant,
650 953 682 1018 ui
700 954 805 1040 priore
824 953 1035 1018 Macedonico
1055 953 1148 1029 bello,
1164 952 1402 1017 autsdversus

182 1060 315 1130 ascensu·
340 1039 537 1104 Antiochum
565 1040 600 1104 in
663 1040 718 1117 sis,
745 1040 903 1128 stipendia
926 1040 1074 1105 fecerant.
1121 1040 1234 1115 Quum
1264 1037 1400 1104 tribuni

181 1133 303 1231 {liuthi-
340 1125 476 1192 militum
497 1128 707 1204 centuriones,
725 1127 782 1192 sed
804 1128 942 1214 primum
987 1149 1136 1214 nemque,
1156 1126 1312 1202 citarent,
1335 1121 1419 1218 tres}

182 1197 254 1296 buli:
264 1210 315 1296 mil.
339 1227 373 1277 et
386 1212 498 1300 viginti
519 1215 729 1291 centuriones,
745 1213 802 1301 qui
815 1214 934 1301 primos
947 1150 1028 1301 pilos
1042 1214 1209 1289 duxerant,
1224 1213 1326 1278 citati
1342 1212 1399 1276 tri·

141 1370 145 1380 ,
181 1298 1399 1464 mnsitistinunttrnttrrntlttnhinnu

340 1471 482 1538 ‘Eorum
497 1474 712 1562 cognitionem
731 1497 799 1540 esse
814 1473 940 1550 debere,
956 1474 1071 1560 quibus
1085 1473 1237 1550 delectus,
1252 1473 1415 1559 quibus-3

340 1567 421 1647 ‘que
436 1560 554 1626 bellum
575 1561 760 1626 mandatum
779 1561 880 1626 esset'
924 1560 1043 1638 Ceteri,
1060 1561 1263 1660 ‘cognituros
1283 1581 1338 1636 se,
1354 1559 1396 1621 de

340 1655 423 1746 ‘quo
443 1647 592 1734 appellati
611 1649 736 1724 essent?
750 1648 894 1724 aiebant3
919 1655 979 1725 ‘ct,
995 1648 1022 1712 si
1041 1647 1158 1712 iniuria
1176 1646 1278 1723 fieret,
1296 1645 1394 1710 suxi-

271 1780 280 1797 .
340 1731 438 1796 ‘lium
460 1734 580 1798 civibus
599 1733 736 1799 laturos!
778 1734 834 1799 Ad
855 1734 1003 1799 subsellis
1022 1734 1220 1798 tribunorum
1240 1755 1293 1797 res
1316 1755 1395 1820 age-

338 1819 439 1883 batur.
486 1817 536 1884 Eo
558 1819 605 1883 M.
619 1819 666 1885 Po
689 1819 773 1884 illius
792 1820 972 1898 consularis,
994 1820 1205 1896 centuriones,
1220 1832 1254 1884 et
1271 1816 1391 1884 consul

339 1921 503 1970 venemnt.
552 1843 692 1970 Consuiie
714 1906 789 1971 inde
803 1906 993 1995 postulante,
1009 1920 1046 1971 ut
1063 1907 1098 1971 in
1113 1906 1266 1971 concione
1281 1929 1328 1970 ea
1343 1927 1392 1969 res

338 2005 493 2078 ageretur,
531 1993 644 2083 opulus
658 1993 691 2058 in
711 1994 896 2059 concionem
918 1995 1096 2059 advocetis
1142 1993 1207 2057 Pro
1223 1994 1390 2058 centurio·
1454 1994 1456 2031 l

338 2078 431 2144 nibus
446 2078 493 2144 M.
507 2014 670 2172 Popillius,
681 2080 738 2168 qui
752 2080 882 2145 biennio
896 2093 970 2146 ante
981 2078 1093 2145 consul
1106 2080 1217 2157 lueret,
1229 2080 1275 2144 ita
1289 2081 1390 2145 verbs

338 2165 430 2230 lecit:
463 2165 637 2230 ‘Militares
663 2167 808 2232 homines
832 2181 865 2232 et
890 2167 1049 2256 stipendia
1073 2167 1163 2243 iusta,
1186 2179 1221 2231 ct
1240 2188 1406 2267 corporat
1454 2192 1456 2203 ¹

340 2259 394 2316 ‘et
408 2265 520 2330 aetate,
536 2267 569 2318 et
588 2253 719 2318 assiduis
733 2253 902 2332 laboribus,
917 2255 1062 2320 confecta
1079 2254 1213 2318 hebere:
1237 2253 1323 2318 nibil
1337 2275 1388 2317 re-

339 2347 468 2405 ‘cusare
491 2353 608 2418 tamen,
631 2363 696 2427 quo
717 2342 823 2408 minus
844 2364 972 2430 operam
995 2337 1187 2428 reipublicae
1209 2340 1298 2405 dent.
1348 2337 1406 2406 Idt

339 2435 484 2491 ‘tantum
506 2428 678 2515 deprecari,
701 2451 742 2492 ne
765 2428 927 2496 inferiores
948 2430 987 2493 iis
1009 2428 1145 2505 ordines,
1168 2450 1266 2515 quam
1292 2450 1385 2529 quos,

339 2522 460 2601 ‘quum
470 2513 665 2592 militassent,
678 2515 870 2593 habuissent,
883 2516 1147 2581 attribuerentur!
1190 2514 1227 2579 P.
1239 2513 1387 2579 Licinius

337 2601 447 2666 consul
461 2600 732 2667 senatusconsulta
742 2603 868 2668 recitari
882 2602 983 2667 iussit:
1030 2602 1156 2679 rimum,
1165 2600 1253 2687 quod
1264 2602 1386 2665 bellum

337 2702 464 2751 senatus
478 2687 595 2753 Perseo
614 2689 771 2753 iussisset:
795 2689 921 2767 deinde,
938 2712 983 2789 qu
1039 2703 1162 2754 veteres
1182 2689 1385 2753 centuriones

338 2794 434 2860 quam
449 2773 620 2861 plurimum
631 2774 673 2839 ad
687 2775 721 2839 id
735 2774 854 2840 bellum
869 2776 963 2841 scribi
977 2775 1159 2852 censuisset,
1172 2796 1232 2839 nec
1246 2774 1316 2851 ulli,
1329 2772 1384 2861 qui

336 2881 402 2925 non
425 2860 524 2924 maior
545 2861 636 2925 annis
658 2862 737 2947 quin
760 2863 890 2949 uagints
914 2876 1006 2941 esset,
1028 2862 1226 2927 vacationem
1252 2860 1404 2927 militise⁶

337 2968 412 3011 esse.
458 2946 657 3033 Deprecstus
675 2960 723 3012 est
738 2885 871 3027 deinde,
888 2958 948 3013 ‘ne
963 2972 1045 3013 novo
1065 2948 1158 3025 bello,
1174 2962 1239 3012 tam
1253 2949 1385 3035 propin·

278 3102 281 3113 ¹
338 3040 421 3119 ‘quo
439 3032 559 3111 Italiae,
580 3032 729 3098 adversus
750 3058 858 3123 regem
877 3035 1142 3136 potentissimum,
1162 3048 1218 3099 sut
1239 3035 1384 3099 tribunos

338 3117 506 3197 ‘militum,
522 3118 681 3185 delectum
700 3120 862 3200 hebentes,
877 3122 1086 3209 impedirent3
1109 3135 1165 3186 sut
1178 3120 1385 3209 prohiberent

338 3205 527 3282 ‘consulem
555 3228 651 3293 quem
680 3207 797 3295 cuique
821 3208 966 3273 ordinem
996 3208 1145 3296 assignari
1173 3231 1191 3273 e
1221 3207 1384 3295 republica

339 3301 447 3369 ‘esset
463 3314 537 3357 eum
557 3292 722 3379 assignare.
771 3293 806 3359 Si
826 3294 905 3381 quid
924 3295 958 3358 in
978 3318 1017 3360 es
1035 3318 1069 3359 re
1085 3295 1219 3360 dubium
1233 3306 1327 3371 esset,
1343 3292 1383 3358 ad

272 3425 280 3441 .
338 3388 502 3445 ‘senatum
532 3379 718 3445 reiicerent.'
765 3380 939 3469 Postquam
968 3381 1089 3460 consul,
1118 3404 1200 3468 quae
1229 3379 1381 3457 volueret,

370 3601 447 3649 ιδιά
459 3602 568 3675 primum
585 3600 713 3663 mores]
744 3599 843 3649 Vocula
874 3605 899 3649 et
918 3606 1024 3650 stuuere
1041 3600 1130 3649 debere
1151 3614 1193 3649 eos
1211 3598 1301 3662 quibus
1314 3634 1322 3649 .

335 3666 377 3713 sed
395 3664 516 3713 creuerio
536 3668 649 3726 suspects
669 3668 715 3723 est,
733 3666 776 3725 qui
797 3680 842 3727 pro
875 3664 956 3714 Cnav.

335 3729 377 3777 ml
387 3730 496 3789 primm
512 3728 642 3790 legendum
655 3730 842 3777 vetustissimum
906 3746 922 3789 4
936 3729 1064 3792 Stipendia
1079 3730 1161 3796 irata]
1183 3728 1280 3777 Iustum
1299 3742 1330 3776 sc
1348 3728 1383 3776 le-

336 3792 397 3841 vult.
410 3790 524 3840 Iscobius
534 3794 689 3841 ostentatura
700 3793 822 3843 emendet.
873 3793 986 3855 gitirm
1001 3792 1176 3857 stipendiorum
1194 3806 1335 3852 numerum,
1347 3807 1381 3840 sc.

369 3868 382 3903 a
401 3855 524 3914 ditarent]
539 3855 576 3905 Ut
587 3856 687 3905 nomina
695 3857 842 3919 darentque
874 3857 959 3919 viginti
969 3862 1035 3915 octo,
1044 3857 1143 3918 quondo
1153 3858 1247 3906 meriti
1257 3856 1358 3904 fiebant

316 3920 317 3923 ’
336 3918 361 3967 in
373 3919 479 3981 legiones
492 3934 542 3967 non
558 3934 602 3981 pro
619 3920 691 3981 primi
703 3920 748 3982 pili
759 3926 842 3969 centu·
906 3933 920 3982 5
937 3922 1113 3984 Reipublicae]
1133 3921 1191 3969 Hoc
1202 3921 1305 3969 debetur
1314 3920 1381 3983 sigo

336 3983 451 4043 rioribus,
465 3984 508 4031 sed
525 3998 570 4045 pro
586 3984 767 4033 centurionibus
782 3985 842 4033 inse·
874 3985 925 4045 nio,
935 4000 1012 4047 quum
1024 3986 1091 4047 prius
1100 3987 1220 4049 legeretur
1231 3984 1324 4047 popolo
1334 3986 1381 4033 tto

335 4047 403 4095 rioris
413 4048 511 4105 ordinis,
523 4048 561 4095 vel
573 4062 616 4109 pro
632 4047 751 4096 militibus
760 4064 841 4111 grega-
872 4066 952 4099 mono.
985 4049 1085 4112 Nempe
1099 4050 1143 4098 ille
1156 4055 1228 4112 putat
1237 4048 1381 4097 traiectione

335 4111 376 4159 riis
395 4111 610 4171 conscriberentur,
626 4112 692 4173 quod
709 4113 790 4161 resno
809 4128 842 4161 sn
873 4113 998 4161 literarum
1016 4119 1145 4176 peccatum
1164 4128 1217 4161 esse
1234 4128 1251 4160 a
1269 4111 1379 4169 librariis,

334 4174 388 4239 lege
403 4176 505 4239 antique
522 4176 623 4223 vetitum
639 4182 709 4225 esset.
732 4177 762 4226 cf.
774 4192 842 4239 supr.
874 4178 917 4239 qui
927 4178 1066 4240 scripserint
1073 4181 1105 4227 P.
1113 4180 1144 4227 R.
1156 4192 1199 4240 pro
1210 4178 1241 4225 R.
1250 4178 1281 4225 P.
1299 4177 1378 4225 Gerr.

335 4239 375 4289 vii.
387 4254 425 4300 41.
904 4240 1016 4291 6Maior
1023 4244 1097 4291 onnir
1104 4242 1297 4307 quinqtmffim]
1311 4241 1378 4297 Qua·

367 4318 381 4365 3
397 4306 489 4353 Eorum
506 4306 662 4366 coemtionem
677 4321 729 4354 esre
741 4307 839 4365 dem]
872 4306 1097 4368 dragesimoquinto
1103 4304 1377 4354 annomcstiomilitiae

334 4366 375 4415 De
383 4366 511 4430 postulatis
519 4368 688 4417 centurionum
697 4384 842 4429 cognoscere
874 4370 967 4421 civibus
977 4370 1097 4419 Romanis
1108 4369 1159 4418 deri
1169 4370 1271 4418 solebat.
