2934 4800
336 251 652 320 EDITIONUM
687 251 832 320 L1v11.
1043 259 1107 319 445

176 388 284 455 Hanc
315 389 488 455 editionem
518 411 683 477 nunquam
709 388 825 454 vidisse
850 388 978 453 videtur
1004 387 1030 454 I.
1055 389 1107 454 Fr.

103 474 348 553 Gronovius3
383 477 449 564 qui,
479 499 578 563 quum
610 477 645 540 in
674 475 787 542 Franc.
814 473 993 540 Robortelli
1021 474 1110 540 Con·

103 563 307 628 venientia
335 562 577 650 Supputationis
612 563 764 628 Livianae
798 585 872 627 cum
901 563 1109 627 marmoribus

109 647 340 737 Capitolinis
368 672 437 737 cap.
466 649 528 715 Ill.
555 662 587 714 et
613 651 647 714 in
672 648 960 714 Emendationibus
981 648 1037 714 lib.
1062 650 1107 715 ll.

115 907 305 974 Victorini
320 847 491 974 Feltrinsis
510 909 694 996 exemplari,
709 910 793 974 hanc
812 922 847 973 et
864 909 1109 995 praecedentem

116 995 322 1060 editionem
340 1018 436 1060 unam
455 996 665 1083 eamdemque
686 1017 764 1071 esse,
779 1009 822 1072 et,
838 995 895 1080 qui
914 1017 949 1060 se
969 995 1003 1059 in
1023 995 1109 1060 calce

120 1081 318 1145 voluminis
349 1081 419 1146 Swe
465 1082 616 1170 heymum
649 1081 798 1169 appellat,
828 1082 868 1145 ab
896 1080 995 1158 Italis,
1027 1080 1110 1146 Ger·

120 1168 272 1233 manica
300 1105 463 1234 vocabuld¹
482 1169 639 1234 invertere
669 1168 779 1244 solitis,
809 1167 1028 1232 Vendelinum
1056 1190 1111 1231 vo-

124 1269 254 1318 caturn
276 1254 371 1319 fuisse
394 1255 513 1320 credit:
562 1277 638 1319 uum
661 1268 768 1319 tamen
791 1252 960 1318 Conradus
979 1252 1111 1341 Sweyu·

127 1341 244 1430 heym
278 1354 312 1405 et
341 1341 505 1406 Aruoldus
534 1278 703 1420 gannane,
755 1341 789 1404 ui
837 1340 951 1405 riorem
978 1340 1110 1426 impres·

128 1441 267 1505 semnt,
282 1427 526 1516 typographiam
541 1428 675 1505 Romae,
691 1442 725 1492 at
768 1362 936 1492 endelinus
950 1426 991 1491 de
1008 1426 1109 1513 Spira,
1191 1455 1197 1460 ·

130 1515 203 1601 qui
225 1516 432 1601 posteriorem
452 1514 535 1579 hanc
555 1509 667 1592 edidit,
683 1513 828 1579 eamdem
849 1525 949 1578 artem
966 1511 1111 1578 Venetiis

132 1601 357 1752 {xiercuerint
419 1600 600 1752 Verisipile
616 1600 903 1752 εἴεῑίειιιιν,νίἓθιξιιῃ
937 1600 1110 1664 editionem

191 1710 327 1766 manem,
396 1710 468 1752 uam
645 1710 682 1752 ae
759 1710 793 1750 ru
816 1709 969 1750 eteorum
1026 1709 1111 1750 anno

138 1773 373 1840 MCCCCLX
415 1822 423 1839 .
449 1710 659 1838 excusaurl‘ruLi
697 1775 747 1838 iae
771 1773 805 1836 in
828 1773 1021 1838 bibliotheca
1044 1795 1110 1837 am-

138 1857 281 1946 plissimi
301 1859 437 1925 Senatus
455 1861 602 1926 asservari
624 1860 669 1925 Fa
691 1860 786 1926 ricius
806 1861 838 1922 in
861 1859 1012 1924 Biblioth.
1036 1861 1108 1926 Lat.

142 1945 267 2023 retulit,
297 1969 364 2010 non
392 1947 496 2023 aliam,
551 1969 622 2011 uam
656 1947 740 2011 hanc
771 1946 939 2024 Venetam,
969 1969 1047 2022 esse,
1077 1961 1111 2010 et

143 2054 267 2097 nomen
297 2033 486 2133 typographi
549 2032 690 2098 endelini
716 2033 757 2110 ei,
786 2055 828 2098 ex
853 2056 919 2120 quo
948 2031 1111 2096 Fabricius

143 2117 245 2182 huius
270 2118 418 2184 editionis
451 2119 596 2184 notitiam
623 2133 735 2183 nactus
761 2133 818 2196 est,
850 2118 1048 2205 persuasisse,
1075 2131 1113 2183 ut

145 2205 302 2282 crederet,
318 2205 433 2270 librum
450 2205 615 2292 Augustae
627 2204 869 2270 Vindelicorum
884 2204 1007 2269 editum
1021 2227 1109 2269 esse:

146 2290 324 2356 editionem
348 2306 432 2357 certe
454 2314 494 2357 eo
516 2315 600 2357 anuo
614 2291 649 2357 in
665 2291 719 2356 illa
733 2293 810 2356 urbe
831 2291 977 2356 amimam
991 2291 1111 2356 ibidem

147 2401 217 2443 non
242 2399 415 2455 occanere,
439 2402 479 2444 ex
503 2379 636 2445 testibus
665 2379 730 2444 fide
759 2378 865 2467 dignis
894 2378 1013 2465 accepi.
1059 2376 1112 2441 Ex

149 2465 265 2531 eodem
282 2488 387 2531 errore
411 2466 507 2531 etiam
522 2465 583 2530 Vir
603 2466 727 2531 Doctus
750 2466 786 2529 in
808 2466 875 2529 vita
898 2465 993 2539 Livii,
1015 2484 1112 2549 quam

151 2550 343 2617 Niceronius
380 2552 514 2617 inseruit
555 2552 721 2617 Memoriis
758 2552 896 2615 virorum
938 2548 1113 2614 Illustrium

154 2637 312 2703 Historiae
336 2638 587 2717 inservientibus,
613 2653 687 2703 tom.
715 2637 755 2701 V.
784 2660 813 2724 p.
842 2639 913 2703 177.
945 2636 1113 2699 affirmasse

153 2725 285 2801 videtur,
301 2725 436 2812 primam
451 2724 537 2788 Livii
552 2726 725 2790 editionem
747 2746 825 2801 esse,
847 2744 930 2810 quae
946 2721 1112 2809 Augustae

155 2809 394 2876 Vindelicorum
416 2834 501 2875 anno
524 2812 686 2877 MCCCC
694 2812 806 2876 Lxx.
829 2810 981 2874 informa
1002 2807 1114 2873 maiori

176 2898 277 2962 rodiit.

69 2988 130 3052 itt
138 2919 176 3047 ll)
188 2983 308 3049 Romae
345 3006 403 3071 per
439 2982 625 3049 Udalricum
666 2982 807 3061 Gallum,
844 2982 951 3047 studio
984 2981 1114 3047 Ioannis

113 3070 245 3136 Antonii
270 3070 437 3157 Campani,
458 3072 549 3135 cuius
575 3070 727 3170 praefatio
752 3069 794 3133 ad
820 3068 1024 3133 Cardinalem
1052 3067 1114 3131 Pa·

112 3158 250 3246 piensem
285 3157 508 3243 praemittitur,
548 3156 646 3220 tribus
683 3154 906 3230 voluminibus,
943 3156 979 3217 iu
1014 3155 1115 3217 forma

114 3266 237 3308 maiore.

199 3328 284 3394 Huic
315 3329 449 3394 editioni
475 3350 596 3392 annum
628 3326 799 3414 ascriptum
826 3348 892 3389 non
919 3324 1024 3401 fuisse,
1052 3338 1115 3387 tes·

162 3428 238 3480 tatur
254 3414 381 3480 Clarias.
404 3412 565 3479 Maittaire
587 3414 622 3477 iu
641 3412 759 3477 Annal.
782 3411 922 3511 Typogr.
943 3424 1019 3475 tom.
1038 3410 1062 3473 l.
1082 3432 1113 3496 p.

162 3505 206 3568 72.
250 3501 323 3589 lpse
344 3524 410 3567 non
428 3502 487 3565 nisi
511 3514 625 3587 quarta
641 3499 772 3577 decade,
788 3499 853 3599 sive
875 3498 957 3562 lrbro
980 3497 1113 3596 Xlllll3

162 3589 683 3760 l..2t‘·.¹,¹¹i¹‡²¹lt?..¹¹{l³...⁸ll
711 3584 1116 3737 ltltlt¹⁰ull¹⁵l¹ltll1

163 3760 323 3847 ascriptum
342 3761 418 3837 vidi,
434 3760 490 3824 sed
512 3760 570 3824 hos
592 3772 715 3825 tautum
737 3782 793 3823 sex
815 3778 931 3833 versus,
950 3756 1016 3907 gui,
1036 3768 1116 3820 teste

165 3843 291 3935 Meyero
315 3846 350 3911 in
377 3846 494 3911 Annal.
524 3845 649 3911 Flandr.
673 3845 713 3909 ad
740 3866 859 3909 annum
880 3843 948 3909 MC
980 3842 1115 3907 CCXL.

164 3954 190 4019 p.
211 3954 251 3997 m.
284 3936 356 4000 297.
385 3932 563 3998 Antonium
589 3931 792 4019 Campanum
821 3942 982 3994 auctorem
1017 3927 1119 3991 habu·

165 4033 257 4084 eruut.

168 4192 284 4257 ‘Anser
298 4191 429 4280 Tarpeii
444 4204 549 4257 custos
564 4188 657 4267 Iovis,
674 4189 770 4266 uude,
786 4188 874 4275 qnod
889 4175 946 4252 alis

205 4278 440 4367 consumeres,
459 4278 571 4342 Gallus
585 4275 714 4352 decidit,
731 4276 816 4340 ultor
829 4274 926 4339 adest
