2934 4800
385 244 481 312 LIB.
505 244 612 311 XLV.
647 244 759 313 CAP.
782 252 836 313 42.
1075 252 1136 317 221

74 392 259 471 ‘tanquam
287 404 328 448 ex
353 404 470 471 magna
593 384 647 449 nie
673 384 846 449 liberorum
871 382 906 448 in
931 382 1136 472 adoptionem
1147 391 1224 442 U·0·
1239 392 1296 454 tit«

74 470 205 549 ‘datos
227 469 380 536 Cornelia
402 482 436 535 et
459 468 505 535 Fa
527 470 558 534 ia
579 492 659 558 gens
681 470 822 547 habeut3
846 470 950 535 Paulli
973 472 1008 535 in
1028 471 1135 552 domo,
1147 458 1177 507 Α·
1194 458 1224 507 ⁰·
1242 455 1295 517 ¹⁶²·

74 566 232 645 ‘praeter
246 579 366 633 senem,
381 578 478 621 nemo
497 568 648 644 superest.
697 556 762 622 sed
781 557 865 623 hano
884 557 1008 623 cladem
1022 558 1137 625 domus

76 654 86 684 ‘
97 665 194 709 meae
218 656 326 708 vestra
346 642 480 708 felicitas
501 654 536 707 et
558 643 698 709 secunda
720 643 850 709 fortuna
872 644 1001 731 publica
1022 668 1136 713 conso-

75 731 207 796 ‘laum’
246 728 348 808 Haec,
363 742 454 795 tanto
469 730 555 795 dicta
568 730 684 807 animo,
701 730 802 817 magis
815 730 987 797 confudere
1003 733 1136 799 audien·
1191 744 1244 805 42.

75 818 167 969 piiurrp1
191 817 326 967 alnimps,
350 838 447 968 quapr
473 816 500 881 si
528 816 748 883 miserabiliter
770 817 938 883 orbitatem
966 840 1056 884 suam
1078 820 1136 886 de·

99 927 142 969 en
166 927 189 969 o
219 926 281 969 ocu
295 924 332 967 us
346 926 437 969 esse.

122 990 191 1055 Cn.
209 990 363 1055 Octavius
394 988 552 1053 Kalendis
581 988 814 1056 Decembribus
842 990 884 1055 de
912 1012 987 1079 rege
1016 991 1135 1059 Perseo

78 1077 230 1143 navalem
245 1078 344 1141 trium
366 1074 445 1140 hum
460 1076 534 1163 egit
579 1074 613 1141 Is
632 1076 812 1164 triumphus
831 1077 900 1143 sine
917 1077 1050 1166 captivis
1063 1079 1133 1157 fuit,
1144 1094 1296 1157 Triumphus

79 1166 149 1228 sine
173 1162 296 1251 spoliis.
377 1162 445 1227 edit
466 1162 559 1229 sociis
582 1161 746 1228 navalibus
768 1164 803 1227 in
826 1164 967 1265 singulos
989 1165 1135 1230 denarios
1143 1160 1295 1273 gramen.

79 1263 299 1339 septuagenos
338 1250 476 1336 quinos3
521 1250 793 1336 gubernatoribus,
830 1273 888 1336 qut
928 1252 963 1314 in
1003 1252 1136 1317 navibus
1169 1231 1251 1275 Μ

59 1337 221 1415 4fnerant,
237 1336 379 1423 duplex;
404 1335 559 1423 magistris
573 1337 703 1401 navium
717 1334 925 1423 quadmplex.

125 1424 271 1490 Senatus
287 1422 406 1486 deinde
429 1422 555 1487 babitus
577 1435 634 1487 est.
680 1421 791 1487 Patres
812 1435 1015 1500 censuerunt,
1034 1436 1072 1487 ut
1093 1424 1135 1499 Q,

83 1509 218 1576 Cassius
232 1509 353 1574 Persea
373 1530 480 1596 regem
502 1531 575 1573 cum
591 1506 779 1574 Alexandro
798 1508 865 1573 lilio
879 1508 998 1574 Albam
1014 1510 1049 1574 in
1067 1530 1250 1579 cus-remu

82 1598 208 1662 todiam
223 1596 377 1672 duceret3
401 1596 542 1672 comites,
558 1595 737 1683 pecuniam,
752 1607 930 1682 argentum,
945 1595 1236 1669 mammen-Al,bum

83 1698 152 1749 tum
184 1682 277 1769 quod
305 1682 445 1746 baberet
492 1681 615 1770 Bithys,
641 1682 725 1769 regis
753 1681 916 1746 Thracum
943 1681 1038 1760 filius,
1064 1704 1138 1749 eum
1147 1672 1240 1707 manu

84 1770 253 1835 obsidibus
267 1770 302 1833 in
317 1767 492 1833 custodiam
510 1767 677 1834 Carseolos
691 1780 740 1833 est
753 1768 875 1833 missua
916 1767 1050 1835 Ceteros
1064 1792 1140 1858 cap·

84 1858 175 1934 tivos,
204 1855 264 1943 qui
294 1854 328 1918 in
358 1854 519 1942 triumpho
547 1854 636 1919 ducti
666 1868 766 1933 erant,
792 1855 828 1922 in
856 1876 1013 1921 carcerem
1042 1858 1140 1922 condi

84 1942 216 2030 placuit.
265 1941 389 2006 Paucos
414 1952 486 2029 post
513 1941 592 2019 dies,
620 1962 716 2027 quam
745 1941 825 2006 haec
853 1954 933 2020 acta,
962 1942 1068 2029 legati,
1099 1944 1140 2008 ab

87 2030 196 2118 Cotye
214 2050 292 2115 rege
308 2026 470 2093 Thtacum
485 2039 649 2105 venerunt,
666 2028 835 2115 pecuniam
855 2027 897 2091 ad
916 2027 1140 2094 redimendum

85 2116 191 2181 lilium
206 2115 351 2201 aliosque
367 2114 492 2179 obsides
506 2126 716 2201 apportantes.
762 2112 816 2191 lis,
831 2113 867 2178 in
881 2128 1027 2180 senatum
1040 2116 1141 2181 intro-

66 2202 204 2280 sductis,
229 2213 266 2266 et
288 2200 322 2265 id
345 2200 449 2287 ipsum
473 2200 652 2287 argumenti
676 2200 956 2288 praetendentibus
979 2203 1140 2281 orationis,

86 2311 152 2354 non
168 2310 230 2354 sua
243 2286 407 2353 voluntate
424 2286 534 2375 Cotyn
544 2286 629 2352 bello
643 2286 758 2352 iuvime
773 2286 899 2365 Persea,
914 2288 1003 2389 quod
1016 2289 1142 2354 obsides

88 2375 165 2442 dare
187 2386 320 2442 coactus
342 2384 434 2451 esset,
457 2373 694 2475 orantibusque,
717 2386 755 2439 ut
777 2396 832 2440 eos
853 2387 966 2463 prauo,
984 2388 1142 2462 quantum

88 2463 149 2550 ipsi
175 2462 364 2529 statmssent
385 2460 505 2538 Patres,
532 2459 646 2526 redimi
671 2474 865 2548 paterentur,
887 2483 1073 2549 responsum
1099 2483 1141 2526 ex

89 2549 280 2616 armtoritate
303 2559 430 2613 senatus
451 2560 518 2613 est:
547 2547 728 2635 ‘Populum
753 2547 937 2612 Romanum
960 2547 1141 2612 meminisse

90 2636 285 2788 :effridae
323 2656 383 2736 uae
406 2633 614 2786 mogqile’
633 2634 870 2786 ffifibuiqm
892 2633 970 2711 eius,
990 2645 1024 2698 et
1037 2647 1141 2734 3⁰3¹ss

70 2735 463 2885 t‘deffitidem,oedge=
502 2743 608 2893 qiiuiirs
631 2741 986 2892 Tlrracuiiimgiiitinoriie
1000 2741 1143 2894 cdiii'dntri:

92 2905 102 2936 ‘
134 2897 249 2962 uidem
264 2895 409 2972 Perseus,
424 2892 545 2959 nedum
562 2892 647 2959 bello
664 2893 811 2958 Romano
829 2907 1010 2980 occupatus,
1026 2894 1142 2958 timen-

92 2920 174 3048 ‘dus
199 2981 308 3048 iirerit
356 2981 519 3058 Ceterum,
545 2981 604 3044 etsi
632 2978 733 3068 Cotys
759 2979 868 3044 Persei
892 2981 1026 3066 gratiam
1050 3002 1142 3068 prae·

73 3070 240 3135 t‘tulimet
261 3066 418 3132 amicitiae
433 3065 543 3155 populi
558 3066 708 3144 Romani,
724 3067 834 3153 magis,
850 3067 930 3152 quid
951 3089 986 3132 se
1008 3067 1142 3155 dignum

73 3165 206 3235 a‘esset,
224 3177 321 3243 quam
337 3153 417 3242 quid
439 3153 552 3219 merito
573 3154 641 3218 eius
660 3153 728 3217 lieri
752 3164 867 3240 posset,
883 3154 1140 3219 aestimatumm:

94 3243 219 3308 ‘filium
243 3265 263 3306 a
300 3264 341 3342 ue
364 3240 488 3306 obsides
511 3240 542 3305 ei
564 3239 777 3305 remissurum.
824 3238 986 3304 Beneficia
1006 3240 1144 3341 gratuita

96 3337 181 3396 ‘esse
196 3350 288 3430 popu
328 3327 486 3393 Romani:
510 3327 648 3415 pretium
665 3347 775 3392 eorum
795 3325 889 3392 malle
908 3325 1088 3414 relinquere
1108 3349 1143 3390 m

95 3414 342 3504 ‘acciprentium
379 3413 501 3490 animis,
532 3435 629 3500 quam
657 3433 806 3499 praesens
838 3413 986 3512 exigere!
1029 3412 1144 3498 Legati

95 3515 155 3568 tres
169 3501 340 3579 nominati,
354 3500 393 3564 T.
407 3499 578 3576 Quinctius
593 3499 800 3575 Flamininus,
814 3497 853 3562 C.
865 3498 1009 3563 Llcinius
1025 3497 1143 3576 Nerva,

96 3589 142 3655 M.
155 3587 318 3655 Caninius
332 3586 476 3664 Rebilus,
514 3585 548 3650 ui
564 3585 688 3650 obsides
702 3586 737 3649 in
752 3583 922 3648 'Pbraciam
936 3582 1142 3648 reducerent:

95 3691 126 3742 et
140 3675 323 3742 Thracibus
338 3695 471 3738 munera
484 3609 560 3738 data
573 3672 608 3736 in
622 3672 649 3736 si
728 3693 763 3736 os
777 3670 890 3734 binum
903 3669 1039 3733 millium
1054 3669 1143 3734 aeris.

96 3763 222 3852 Bithys,
245 3782 320 3825 cum
344 3759 458 3824 ceteris
481 3759 642 3824 obsidibus
665 3781 684 3822 a
731 3755 888 3822 Carseolis
908 3755 1082 3833 arcessitus,
1105 3755 1147 3821 ad

96 3863 219 3937 patrem
233 3870 310 3913 cum
329 3844 442 3934 legatis
462 3846 583 3912 missus.
632 3843 740 3910 Naves
759 3843 875 3930 regiae,
890 3855 1001 3931 captae
1016 3842 1058 3909 de
1073 3841 1148 3908 Ma·

127 4103 142 4146 4
153 4085 287 4146 Musistrir
295 4083 410 4142 muium]
420 4079 529 4130 Navium
538 4095 606 4144 prae·
639 4083 713 4141 patus
722 4077 773 4126 alio
782 4078 857 4129 bello.

97 4148 172 4198 fectis
190 4148 221 4197 ei
233 4163 299 4210 supr.
311 4146 379 4194 xxix.
393 4145 431 4195 26.
445 4145 508 4193 xliii,
519 4145 541 4195 8.
673 4153 686 4203 7
704 4144 771 4200 Quis
784 4157 809 4191 ss
821 4145 923 4204 Qum
934 4177 941 4191 .
953 4177 959 4190 .
971 4175 978 4190 .
990 4176 997 4189 .
1008 4142 1148 4190 scammu-

128 4227 142 4274 5
159 4213 385 4262 Praetendaruibm
393 4210 523 4268 matium]
545 4209 606 4257 Ora·
639 4205 708 4269 rum]
724 4221 756 4254 sc.
766 4205 890 4269 Populum
902 4208 1051 4256 Romanum.

98 4279 166 4338 m,
173 4283 275 4326 auctore
282 4273 417 4334 Gronorio,
424 4273 532 4336 reposuit
541 4271 607 4322 Bek-
672 4271 687 4318 8
704 4273 811 4331 Mertto]
830 4271 879 4319 Pro
890 4270 942 4319 eius
952 4269 1027 4332 culpa
1041 4275 1067 4320 et
1083 4271 1149 4319 laetu

98 4341 147 4391 ter.
642 4336 811 4387 Romanorum
822 4334 938 4388 amicitia.
956 4334 1040 4385 Dosa.

128 4404 144 4455 ⁶
160 4407 203 4456 Ne
218 4407 316 4468 quietus
332 4403 441 4468 paidom]
462 4401 522 4452 Non
538 4415 609 4450 occu-
