2934 4800
399 217 464 278 426
636 209 914 277 SYLLABUS
948 211 1214 280 comeus!

401 347 444 412 ud
468 345 679 434 Alpbousum,
705 345 890 496 Sapientem
914 346 1046 425 dictum,
1070 349 1220 435 primum
1240 348 1383 446 stirpisln

403 433 534 520 gonicae
550 453 657 519 regem
676 431 752 498 Sicu
765 455 820 497 um
834 455 872 498 ac
888 431 1155 520 Neapolitanum,
1166 435 1383 521 pertinuimus

404 541 468 606 que
489 541 587 582 manu
606 531 752 584 notatum
772 541 850 595 esse,
874 519 1013 584 eundem
1035 534 1153 606 postea
1175 520 1282 584 ordine
1295 521 1384 584 adin

402 606 499 682 cium,
530 604 685 691 Lipsium,
716 628 753 669 ac
779 604 994 669 Wouwerium
1022 607 1223 692 pervenisse,
1248 606 1314 670 brer
1332 605 1384 669 urb

405 691 573 756 recentiori
599 713 696 754 manu
716 690 867 756 inlinitio
889 692 959 755 eius
984 693 1133 779 ascripta,
1160 706 1312 757 testantm.
1342 691 1385 753 ‘is'

406 777 513 841 ‘Livii
540 777 685 841 Patavini
716 776 865 841 historiae
917 778 1048 864 rincipis
1078 779 1191 843 codex
1220 778 1386 863 maursoipu

405 862 586 964 ‘Alphonsi
601 863 684 962 regis
699 862 813 962 Arrag.
828 799 919 927 Sicil
932 862 1095 963 Neapolis³
1110 878 1191 964 etc,
1204 887 1295 928 manu
1304 880 1387 958 uetant

405 958 515 1098 iliu
532 947 1388 1123 utluutuuuuutuuuxut

405 1129 614 1208 ‘potestatem
647 1120 776 1185 tandem
806 1122 960 1207 pervenit.
1008 1121 1193 1208 Spectator,
1219 1123 1322 1186 codicis
1340 1141 1388 1182 uu

406 1206 558 1271 ‘rendam
574 1219 764 1271 vetustatem
785 1221 818 1271 et
840 1207 984 1272 inclitam
1006 1208 1119 1272 invicti
1140 1210 1232 1296 regis
1247 1207 1387 1274 erudibam

406 1293 572 1380 ‘suspice'
616 1291 772 1357 Codicem
809 1292 896 1357 bunc
928 1293 1011 1393 regis
1043 1294 1216 1381 Alpbonsi
1246 1295 1313 1359 olim
1334 1292 1388 1355 lm

410 1379 601 1454 Wouwerio‚
633 1379 683 1442 vel
720 1379 864 1466 quisquis
900 1380 1119 1444 testimouium
1158 1382 1257 1457 dixit,
1289 1379 1388 1444 affirm

405 1465 510 1530 credo.
558 1463 635 1528 Non
661 1477 769 1529 tamen
794 1465 952 1543 existimo,
975 1487 1045 1530 esse
1070 1467 1168 1530 illum
1188 1467 1277 1554 regis
1296 1464 1389 1550 Ablffi

404 1551 559 1628 codicem,
575 1573 640 1636 quo
655 1549 780 1615 nullum
796 1551 832 1615 in
846 1553 934 1616 omni
949 1551 1043 1616 Italia
1060 1554 1286 1640 augustiorum
1296 1532 1400 1641 ml

404 1636 936 1800 llilll‘uielllllrmumilb
951 1638 1180 1792 ἧῒὲῗὲἳῗί.
1196 1639 1390 1812 &iiiii

409 1815 457 1874 12.
483 1831 548 1872 non
572 1809 724 1894 quoniam
747 1822 876 1874 ornatus
899 1833 936 1873 ac
958 1810 1120 1896 splendor,
1166 1834 1246 1876 uem
1260 1809 1400 1891 Vallum-3

407 1894 546 1971 mendat,
557 1895 588 1959 ei
599 1894 691 1973 desit,
704 1895 833 1980 (merito
847 1897 934 1960 enim
948 1897 1032 1961 inter
1083 1896 1140 1962 len
1166 1891 1400 1962 diametrus

406 1979 555 2066 refertur)
575 1981 632 2045 sed
651 1981 767 2068 potius,
782 1981 870 2068 quod
891 1981 990 2068 ipsius
1005 1981 1037 2045 V
1079 2005 1129 2061 ae,
1144 2007 1215 2049 non
1230 1995 1323 2048 auten
1332 1994 1400 2057 aem}

405 2067 509 2132 lorum
524 2069 592 2131 eius
608 2066 787 2145 lectionem,
803 2091 899 2154 quam
920 2069 1082 2133 tamenin
1101 2092 1143 2134 eo
1163 2063 1400 2159 receptantes!-

407 2166 529 2216 vectam
556 2175 623 2217 esse
646 2167 788 2231 testatur,
811 2177 850 2218 eo
871 2154 941 2220 loco
966 2155 1132 2241 praeferat.
1180 2155 1400 2243 Praetemffll

406 2239 509 2304 codex
531 2238 584 2303 ille
607 2241 853 2326 augustissimus,
869 2263 967 2326 quem
982 2239 1122 2305 Cosmus
1137 2240 1303 2306 Mediocre
1315 2238 1350 2302 rir
1360 2255 1391 2318 p*

406 2325 523 2388 marius
539 2324 699 2390 Florentia
716 2327 784 2427 regi
798 2326 884 2390 dono
898 2327 993 2404 misit,
1008 2341 1043 2391 et
1057 2328 1229 2392 Antonius
1241 2321 1400 2404 Palem,

407 2411 668 2477 Bartholomaeus
699 2412 811 2477 Facrus
847 2427 880 2479 et
912 2414 1045 2479 lacobus
1079 2414 1204 2480 Curius
1236 2411 1392 2479 emendatus

406 2498 573 2563 dumtaxat
594 2498 712 2563 bellum
728 2500 886 2564 Punicum
906 2500 1082 2564 secundum
1101 2502 1272 2567 continere
1285 2496 1393 2560 laiht&

406 2598 492 2649 tatur
505 2586 558 2649 lib.
576 2584 634 2649 IV.
674 2585 881 2651 Recriminat.
897 2586 932 2649 iu
947 2585 1077 2651 Facium
1091 2610 1124 2674 p.
1141 2592 1220 2652 602.
1236 2607 1323 2674 quum
1333 2596 1392 2645 uoeu

407 2670 599 2737 Lovelianus
629 2671 750 2758 primus
780 2686 844 2736 tres
868 2671 1003 2738 decadas
1032 2673 1188 2739 librorum
1220 2695 1288 2738 com

407 2755 565 2822 Habuisse
587 2758 684 2844 igitur
703 2757 830 2822 videtur
850 2781 907 2823 rex
923 2759 1117 2846 Alphonsus,
1137 2760 1272 2859 insignis
1302 2756 1391 2819 ‘term

404 2862 463 2906 suo
495 2856 636 2930 tempore
651 2857 828 2944 patronus,
854 2844 961 2931 plures
990 2844 1116 2945 codices
1148 2846 1304 2910 lumea
1338 2838 1392 2983 cd:

404 2928 738 3080 :titulusita
752 2928 1391 3104 tllbltlfltfflfflllu

404 3098 443 3163 ab
465 3098 689 3165 emendatione
709 3101 935 3167 Panhormitae
957 3126 994 3168 ac
1014 3102 1100 3167 Facii
1120 3098 1391 3191 praeferebathre

404 3183 499 3249 Valla
520 3186 561 3250 ad
581 3186 667 3251 Livii
690 3187 744 3252 lib.
762 3189 877 3255 XXII.
899 3211 967 3276 cap.
985 3188 1040 3253 LI.
1058 3192 1083 3273 l.
1099 3194 1130 3255 2.
1180 3189 1325 3255 Codioem
1338 3198 1390 3245 effi

403 3293 514 3358 regum
530 3272 734 3359 Arragouum
751 3273 1010 3362 Neapolitanum,
1024 3289 1059 3340 et
1072 3298 1092 3340 a
1105 3275 1204 3341 modo
1221 3269 1391 3339 memoraletl

403 3379 423 3421 a
445 3371 551 3423 nostro
572 3356 743 3437 diversum,
767 3360 891 3425 Romae
913 3362 994 3426 vidit
1017 3374 1051 3425 et
1072 3360 1211 3426 contulit
1232 3350 1390 3442 nnete

402 3444 521 3521 tinius3
544 3444 721 3509 cumcuim
736 3458 860 3512 tantum
876 3446 988 3511 decem
1008 3447 1128 3534 priores
1142 3447 1229 3511 Livii
1247 3447 1331 3510 libius
1342 3435 1391 3502 δὲ

403 3530 507 3595 buisse
523 3529 598 3594 inde
614 3530 782 3595 verisimile
796 3532 844 3610 fit,
859 3533 1013 3618 quoniam
1032 3554 1141 3598 eorum
1161 3548 1284 3598 tantum
1295 3540 1388 3607 exoeufl

402 3614 538 3694 dederit,
553 3638 654 3703 quum
674 3630 769 3682 autea
785 3620 952 3683 memorati
971 3620 1068 3684 etiam
1087 3618 1208 3684 bellum
1222 3618 1356 3683 Punicum
1366 3628 1390 3669 ὲ

402 3701 554 3779 cundum,
585 3714 692 3767 noster
721 3702 827 3768 adbuc
859 3704 990 3792 insuper
1023 3704 1106 3770 bella
1136 3702 1357 3795 Macedonicum
1373 3703 1400 3785 (ζ’

401 3787 580 3853 Asiaticum
595 3787 784 3855 describunt
821 3788 938 3878 Neque
954 3791 1070 3855 mirum
1084 3791 1136 3856 vel
1148 3788 1323 3857 incredibile
1333 3780 1389 3845 ulffl

399 3885 514 3961 potest,
526 3896 634 3961 regem
648 3876 752 3962 ptimo
765 3874 822 3940 illo
836 3876 1069 3942 renascentium
1080 3877 1242 3942 literarum
1254 3864 1388 3961 crepusflll

399 3972 466 4024 arte
482 3961 710 4109 typoplraphica
729 3961 874 4027 noudum
893 3962 1033 4041 inventu,
1049 3976 1098 4028 tot
1116 3965 1210 4028 unius
1224 3954 1388 4043 Liviieolltf

399 4045 435 4109 in
454 4046 567 4110 bibliot
589 4068 678 4111 ecam
695 4071 788 4113 suam
807 4050 983 4136 recepisse:
1007 4050 1088 4114 tanti
1106 4051 1194 4114 enim
1208 4049 1325 4114 Livium
1338 4052 1389 4105 w

397 4134 1387 4303 suctutuutucueuuuuutu

391 4296 528 4358 normita
564 4298 677 4383 legato,
709 4319 817 4389 petere
855 4306 1006 4394 dignatus
1041 4308 1092 4374 sit.
1152 4306 1237 4373 Vide
1272 4296 1386 4371 Tomis·
