2934 4800
384 209 479 276 LIB.
502 208 611 276 XLII.
644 208 756 277 cAP.
782 216 831 275 10.
1082 213 1124 277 4⁷

66 345 151 408 avit.
197 343 367 410 Praetores
376 345 493 411 exinde
501 347 576 412 facti
593 348 631 413 C.
642 347 787 411 Licinius
798 348 939 423 Crassus,
955 345 1003 410 M.
1014 345 1126 410 lunius
1135 349 1169 399 U·
1181 349 1212 399 θ·
1226 361 1283 414 tta

68 430 222 532 Pennus,
240 431 295 520 Sp.
311 431 487 510 Lucretiae,
505 433 558 520 Sp.
572 432 715 511 Cluvius,
733 432 795 498 Cn.
808 432 954 510 Sicinius,
969 431 1008 497 C.
1019 416 1165 497 Mem-¹¹·
1182 415 1213 464 ⁰·
1230 425 1284 474 ¹⁷³·

68 539 163 582 mrus
176 531 304 584 iterum.
345 537 347 540 ·

123 603 175 668 Εο
205 627 291 670 anno
320 604 453 670 lustrum
483 605 646 670 conditum
675 619 731 670 est.
780 605 937 671 Censores
966 619 1057 670 erant
1081 605 1124 681 Q.
1184 609 1234 668 10.

71 690 212 755 Fulvius
228 691 368 768 Flaccus,
382 692 422 755 A.
434 691 614 756 Postumius
629 691 776 756 Albinus.
821 692 1001 757 Postumius
1015 691 1127 756 condi·

71 778 137 842 dit.
187 776 296 841 Censa
309 790 383 842 sunt
397 778 513 842 civium
532 777 751 843 Romanorum
764 779 869 866 capita
885 779 1023 844 ducenta
1036 801 1128 844 sexa-

71 865 172 951 ginta
185 887 300 929 novem
317 864 416 928 millia
429 877 464 928 et
478 865 669 951 quindecim.
715 865 826 930 Minor
839 865 1001 953 aliquanto
1015 887 1128 930 nume·

71 974 145 1028 rus,
164 951 242 1037 quia
263 950 301 1014 L.
315 949 496 1016 Postumius
516 952 626 1016 consul
647 974 705 1040 pro
727 953 879 1017 concione
900 953 1052 1030 edixerat,
1070 953 1127 1054 qui

73 1038 205 1102 socium
223 1035 334 1102 Latini
349 1037 485 1102 nominis
500 1061 540 1102 ex
556 1038 660 1104 edicto
677 1038 716 1103 C.
730 1038 859 1105 Claudii
873 1040 1010 1104 consulis
1023 1040 1127 1104 redire

74 1123 115 1187 in
145 1123 290 1188 civitates
318 1146 389 1188 suas
418 1123 611 1202 debuissent,
637 1147 678 1189 ne
703 1125 774 1211 quis
799 1149 909 1190 eorum
936 1127 1069 1204 Romae,
1094 1140 1127 1190 et

75 1231 194 1274 omnes
208 1210 243 1274 in
258 1209 323 1273 suis
337 1211 514 1276 civitatibus
534 1224 747 1276 censerentur.
794 1211 937 1277 Concors
954 1225 988 1277 et
1002 1236 1019 1277 e
1034 1235 1128 1300 repu-

75 1296 166 1362 blica
179 1317 315 1361 censura
328 1295 397 1362 fuis
444 1297 574 1375 Omnes,
591 1320 671 1384 quos
679 1312 792 1362 senatu
805 1311 982 1376 moverunt,
998 1299 1129 1385 quibus-

45 1388 147 1471 6que
162 1406 264 1470 equos
278 1383 475 1461 ademerunt,
487 1384 622 1449 aerarios
635 1384 789 1460 fecerunt,
801 1398 834 1448 et
849 1384 932 1449 tribu
947 1396 1127 1448 moverunt:

77 1493 190 1556 neque
212 1471 253 1534 ab
272 1469 374 1535 altero
396 1485 539 1536 notatum
561 1469 641 1536 alter
661 1470 816 1557 probavit.
863 1469 992 1533 Fulvius
1017 1470 1129 1534 aedem

81 1555 245 1622 Fortunae
261 1556 436 1643 Equestris,
450 1580 546 1644 quam
561 1555 730 1659 proconsul
745 1557 780 1620 in
795 1555 962 1643 Hispania,
977 1555 1130 1620 dimicans

82 1663 163 1707 oum
194 1643 426 1708 Celtiberorum
455 1644 641 1732 legionibus,
668 1655 805 1720 voverat,
835 1663 936 1707 annos
964 1666 1019 1706 sex
1047 1656 1128 1729 post,

56 1742 183 1815 7quam
198 1743 335 1806 voverat,
347 1729 517 1795 dedicavit:
541 1743 575 1796 et
589 1731 730 1796 scenicos
740 1730 833 1795 ludos
846 1752 905 1816 per
915 1728 1129 1816 quatriduum,

85 1837 188 1880 unum
201 1815 288 1880 diem
302 1815 338 1879 in
352 1817 435 1882 circo
449 1817 533 1882 fecit.
615 1871 619 1880 .

127 1902 169 1966 1.
183 1900 354 1966 Cornelius
368 1903 534 1980 Lentulus,
546 1903 706 1968 decemvir
716 1926 884 1981 sacrorum,
894 1926 934 1968 eo
948 1925 1033 1989 anno
1046 1924 1131 1966 mor-

83 2002 161 2053 tuus
181 2002 237 2052 est.
283 1987 323 2052 In
341 1987 445 2054 locum
467 1990 536 2053 eius
555 1991 704 2054 suffectus
725 1992 766 2054 A.
780 1989 962 2054 Postumius
981 1989 1129 2054 Albinus.

84 2075 299 2140 Locustarum
314 2087 419 2140 tantae
435 2076 536 2140 nubes
550 2079 661 2141 amari
676 2089 772 2141 vento
786 2088 917 2162 repente
932 2077 966 2140 in
978 2075 1130 2163 Apuliam
1140 2087 1260 2138 Locustae

83 2162 192 2226 illatae
208 2175 294 2240 sunt,
309 2174 346 2226 ut
359 2163 558 2228 examinibus
577 2164 642 2227 suis
776 2161 837 2240 late
859 2163 1027 2250 operirent.
1075 2162 1132 2226 Ad
1139 2152 1164 2199 ³¹¹
1176 2154 1275 2214 Apulis.

84 2271 185 2336 quam
199 2262 322 2349 pestem
333 2247 457 2335 frugum
473 2248 645 2312 tollendam
662 2185 874 2315 ffiicinius
888 2263 1013 2336 praetor
1027 2249 1131 2336 desig·

84 2350 191 2414 natus,
206 2358 281 2401 cum
295 2335 427 2485 rmlperio
443 2335 476 2398 in
492 2334 644 2423 Apuliam
658 2336 780 2414 missus,
796 2336 919 2423 ingenti
932 2337 1058 2425 agmine
1073 2335 1131 2401 ho-

85 2424 212 2524 minum
232 2423 274 2488 ed
293 2444 332 2487 co
356 2422 485 2509 'gendes
499 2444 552 2487 eas
567 2434 685 2501 coacto,
701 2423 898 2510 aliquantum
912 2424 1063 2511 temporis
1077 2424 1131 2488 ab·

84 2520 330 2683 mPffbbipium
338 2596 534 2683 insequentis
543 2597 628 2674 anni,
638 2619 703 2683 quo
716 2595 756 2661 C.
766 2594 921 2683 Popillius
929 2609 964 2661 et
971 2595 1008 2660 P.
1019 2595 1132 2661 Aelius
1142 2606 1176 2655 U.
1188 2604 1217 2655 c.
1233 2606 1294 2666 580.

86 2682 219 2747 fuemut
237 2682 390 2760 consules,
405 2682 546 2747 residuas
565 2684 786 2748 contentiones
799 2705 841 2747 ex
860 2683 963 2769 priore
977 2705 1061 2747 anno
1075 2670 1289 2797 hagpcopihlig
1379 2744 1389 2751 .

87 2769 167 2834 buit.
213 2768 324 2834 Patres
337 2768 445 2834 referri
459 2768 500 2834 de
516 2768 696 2857 Liguribus,
707 2769 915 2856 renovarique
930 2771 1170 2847 senatuscon-p2
1178 2798 1249 2846 Aelio
1281 2770 1289 2793 ’

86 2855 208 2921 saltum
229 2854 387 2933 volebant,
405 2868 438 2920 et
455 2856 565 2920 consul
583 2855 696 2920 Aelius
717 2856 879 2921 referebat.
925 2856 1079 2944 Popillius
1097 2864 1208 2921 eteoss

87 2942 243 3030 collegam
254 2955 288 3007 et
297 2956 441 3009 senatum
453 2964 510 3043 pro
520 2942 613 3006 fratre
625 2942 864 3031 deprecabatur;
888 2965 963 3030 prae
973 2966 1007 3007 se
1017 2942 1130 3044 serens,
1140 2925 1282 3039 ffgnffi‘*

88 3030 116 3094 si
145 3028 226 3117 quid
254 3028 470 3105 decernerent,
500 3042 755 3107 intercessurum,
785 3027 939 3117 collegam
966 3029 1130 3095 deterruit
1139 3053 1244 3117 maus

88 3116 212 3193 1...
232 3138 271 3180 ω
292 3116 391 3267 ts
411 3115 545 3266 uen

64 3214 187 3353 sm
211 3215 303 3365 onii:1
305 3224 367 3353 isaii
383 3215 568 3353 immtililentb
612 3288 692 3354 ersei
706 3226 799 3367 bello,
857 3226 988 3367 teretag
999 3250 1134 3375 Ligdres

64 3375 245 3445 sambobus
258 3373 673 3440 consulibusdecernuutur.
719 3375 814 3441 Mace
838 3376 943 3440 oniam
952 3376 1134 3439 decreturos

90 3474 220 3549 negant,
231 3460 267 3525 ni
276 3459 318 3525 de
333 3460 381 3525 M.
391 3460 530 3547 Popillio
544 3462 721 3528 referretur.
760 3460 996 3527 Postulantibus
1005 3460 1133 3537 deinde,

91 3654 164 3719 primi
186 3656 218 3704 de
245 3656 318 3719 plebe
342 3654 453 3703 consules
474 3654 547 3703 fuine
572 3654 598 3703 in
630 3670 689 3705 esse.
709 3652 893 3716 efimpmiii.
904 3666 943 3714 3¹·

92 3719 173 3769 Fastis
183 3718 472 3781 Capitolinisnotantur:
489 3718 599 3781 atqneid
662 3717 811 3769 auersas
820 3715 948 3779 serenent]
976 3717 1007 3766 of.
1018 3716 1089 3781 Supr.
1101 3717 1134 3767 ix.

92 3784 194 3833 miratur
212 3800 228 3831 s
244 3783 315 3832 Livio
334 3784 528 3845 praetermissum
548 3798 599 3832 esse
631 3797 670 3844 34.

93 3848 203 3911 Pighius.
236 3846 429 3909 Sedbiquidem
440 3848 513 3896 ambo
526 3847 598 3909 primi
663 3846 1028 3909 7Vorera81ctl8upr.xl.4o.
1052 3846 1133 3895 Inan-

92 3913 123 3961 de
135 3912 209 3975 plebe
219 3912 331 3960 consules
345 3912 511 3974 magistratum
521 3926 598 3973 gesse·
629 3910 668 3959 nis
677 3909 833 3959 numerandis
844 3916 870 3959 et
883 3911 964 3971 illum,
974 3926 1023 3973 quo
1034 3917 1099 3969 vota,
1109 3916 1134 3957 et

93 3984 159 4051 runt,
169 3982 196 4025 at
206 3991 255 4025 non
267 3975 338 4038 primi
349 3976 497 4050 creatisunt
517 3976 598 4048 'Anno
629 3974 710 4034 illum,
720 3990 769 4035 quo
782 3974 895 4023 dedicata
908 3977 982 4024 aedes
997 3980 1043 4032 est,
1053 3973 1135 4021 omisit

93 4038 599 4177 ffiffisqsupuapmspppgsffippppgppp
630 4044 836 4177 umerorum]
861 4104 899 4151 Ut
909 4102 1134 4165 provinciaacon·

95 4175 134 4217 tus
143 4168 240 4218 fuerat:
258 4168 599 4228 sedritiocreatusmagrstrc-
630 4166 731 4215 suhbus
930 4167 941 4183 ⁸

94 4238 147 4281 turn
158 4232 288 4281 abdicarit.
320 4232 403 4293 Atque
418 4230 461 4277 illo
475 4231 529 4279 loco
546 4230 600 4278 dili·
701 4232 889 4291 Decernuntur]
923 4232 1065 4278 ommam
1084 4241 1135 4273 ms·

95 4302 179 4359 genter
197 4300 339 4347 annotatum
359 4311 375 4343 a
394 4294 464 4343 Lirin
483 4300 528 4354 est,
545 4299 599 4341 tum
674 4294 803 4343 tBeklrer.

96 4360 274 4422 primumdum
283 4358 394 4407 consules
405 4358 514 4420 plebeios
524 4357 600 4405 factos
