2934 4800
344 177 405 239 138
645 169 647 172 ⁴
726 167 840 236 ΤῙΤΙ
868 165 1006 233 LIVII

186 325 221 376 U.
232 324 262 376 c.
278 307 462 389 58³·‘011180‚
477 305 586 393 inopia
599 305 735 371 insulam
750 306 862 394 premi,
874 305 995 372 amissis
1010 305 1176 372 maritimis
1186 305 1421 393 tatwine

185 392 216 440 Α*
233 391 264 441 ⁰·
281 389 462 480 uvasque
484 393 721 458 commeatibus.
770 395 880 468 Quum
902 393 937 457 id
962 392 1045 458 ultra
1069 393 1138 494 pati
1161 415 1231 457 non
1256 407 1400 480 posent,

345 480 484 566 ‘legatos
499 479 577 544 alios
590 479 632 543 ad
647 479 765 544 Persea
779 479 813 542 in
830 478 1054 544 Macedoniam
1070 501 1200 556 misisse,
1219 481 1282 566 qui
1297 479 1330 543 ei
1343 479 1400 542 de·

231 570 239 582 ‘
345 565 561 642 ‘nuntiarent
578 564 715 630 Rhodiis
732 565 866 652 placere,
882 587 992 652 pacem
1012 587 1087 629 eum
1105 587 1308 652 componere
1327 587 1400 628 cum

345 653 540 719 ‘Romanist
575 674 609 717 se
636 652 773 716 Romam
803 651 915 716 eadem
945 653 1127 715 nuntiatum
1152 652 1278 715 missos.
1339 651 1399 714 Per

345 747 446 826 ‘quos
469 738 614 815 stetisset,
637 762 703 824 quo
724 739 831 802 minus
850 736 926 803 belli
949 737 1022 802 finis
1045 737 1144 813 fieret,
1166 737 1328 802 adversus
1347 759 1401 800 eos

346 825 446 911 ‘quid
467 824 527 890 sibi
547 824 730 890 faciendum
751 837 843 901 esset,
865 823 1010 889 Rhodios
1032 823 1292 888 consideraturos
1315 823 1402 888 esse'

345 911 399 976 Ne
410 933 497 976 nunc
508 910 639 997 quidem
654 910 734 976 haee
748 911 816 975 sine
828 910 1047 1010 indignatione
1062 909 1125 996 legi
1136 909 1286 974 audirive
1298 932 1399 996 posse,

344 1010 467 1063 certum
481 997 593 1062 habeo.
639 994 720 1062 Inde
738 997 912 1062 existiman
929 1009 1043 1083 potest,
1059 995 1115 1083 qui
1130 995 1262 1062 habitus
1277 997 1402 1060 animo·

278 1139 287 1156 .
344 1105 416 1148 rum
430 1083 632 1148 audientibus
643 1106 682 1148 ea
692 1082 840 1148 Patrib
851 1082 955 1147 fuerit.
991 1081 1156 1159 Claudius,
1167 1081 1255 1146 nihil
1269 1103 1401 1168 respon·

249 1182 255 1191 ‘
299 1178 305 1190 ’
345 1192 425 1248 aum,
441 1183 553 1236 auctor
571 1181 637 1234 est:
662 1182 788 1234 tantum
807 1167 1113 1234 senatusconsultum
1134 1169 1323 1244 recitatum,
1338 1191 1402 1254 quo

349 1255 448 1322 Caras
473 1269 506 1320 et
529 1254 647 1343 Lycios
671 1255 787 1320 liberos
812 1277 880 1320 esse
906 1255 1031 1320 iuberet
1056 1254 1193 1341 populus
1218 1253 1399 1330 Romanus

345 1343 516 1430 literaeque
530 1356 636 1408 extem
659 1343 691 1407 lo
708 1341 751 1406 ad
768 1354 936 1428 utramque
955 1353 1084 1492 [pentem
1103 1341 1199 1406 sciret
1219 1340 1418 1405 indicatum:

346 1431 440 1495 mitti.
488 1429 563 1504 Qua
583 1451 625 1493 au
649 1429 694 1492 ‘ta
712 1451 757 1506 re,
773 1429 950 1515 principem
982 1427 1144 1515 egationis
1160 1429 1256 1492 cuius
1278 1428 1400 1514 magni·

346 1516 545 1603 loquentiam
564 1514 619 1580 vix
638 1515 727 1665 οιέἓία
744 1514 851 1664 pmii?
871 1527 944 1665 affite
965 1526 1101 1664 ceperat,
1117 1514 1293 1615 corruime..
1337 1513 1401 1614 Alii

347 1613 678 1752 {terrama
700 1613 790 1751 m
813 1623 994 1751 arm
1017 1613 1226 1774 mm
1240 1622 1400 1761 mre

349 1772 516 1838 ‘Rhodios
542 1795 614 1837 cum
641 1773 759 1838 Perseo
784 1795 858 1859 rege
884 1773 1032 1837 adversus
1054 1771 1292 1874 rempublicam
1317 1794 1399 1837 suam

350 1859 495 1924 ‘occulta
513 1857 645 1922 consilia
663 1859 779 1923 inisse:
804 1857 846 1936 e't,
862 1859 889 1924 si
908 1858 943 1924 id
963 1873 1037 1924 ante
1056 1859 1191 1924 dublum
1209 1859 1341 1936 suimet,
1360 1859 1400 1922 le·

350 1956 514 2033 ‘gatorum
530 1943 639 2045 paullo
658 1959 732 2009 ants
750 1945 846 2010 verba
866 1945 908 2009 ad
929 1959 1051 2010 certum
1072 1944 1252 2031 redegisse:
1281 1958 1319 2010 et
1339 1943 1401 2032 ple·

350 2042 506 2119 ‘rumque
527 2053 629 2118 ipsam
652 2053 686 2095 se
707 2031 862 2109 fraudem,
885 2031 1009 2096 etiamsi
1032 2031 1124 2095 initio
1147 2031 1275 2095 cautior
1297 2032 1398 2105 farerit,

350 2117 530 2205 ‘detegere
577 2116 722 2182 Rhodios
739 2117 879 2182 nuncin
897 2118 973 2182 orbe
995 2129 1149 2182 terrarum
1171 2118 1309 2182 arbitria
1331 2117 1416 2183 bellis

351 2204 522 2292 ‘pacisque
542 2205 659 2354 cappro?
704 2203 906 2268 Rhodiorum
927 2217 1009 2268 nutu
1030 2226 1117 2268 arma
1137 2217 1329 2291 sumpturos
1349 2226 1415 2291 p⁰·t

350 2301 360 2331 ⁶
370 2293 548 2376 siturosque
598 2311 729 2354 ornanos
742 2291 835 2354 esse?
856 2291 920 2354 iam
934 2313 1001 2354 non
1015 2289 1092 2355 deos
1108 2290 1274 2355 foederum
1298 2305 1399 2365 testes

351 2377 429 2444 ‘sed
454 2376 600 2443 Rhodios
628 2375 813 2442 habituros?
856 2374 948 2442 Itane
975 2376 1130 2442 taudem?
1175 2375 1222 2441 Ni
1252 2389 1412 2465 pareatur

351 2465 419 2542 ‘iis,
434 2464 656 2550 exercitusque
674 2463 716 2529 de
731 2462 926 2528 Macedonia
944 2463 1162 2614 dpportentun
1177 2464 1304 2528 visuros
1326 2486 1399 2539 esse,

352 2551 453 2639 ‘quid
471 2552 532 2617 sibi
550 2550 732 2616 faciendum
747 2551 813 2615 sit?
859 2548 949 2626 Quid
1001 2550 1089 2614 hodii
1107 2550 1204 2614 visuri
1223 2550 1302 2628 sint,
1320 2552 1400 2637 ipsos

352 2639 460 2703 ‘scira
506 2637 668 2725 Populum
689 2649 775 2701 certe
798 2636 990 2714 Romanum,
1013 2635 1140 2702 devicto
1159 2636 1288 2713 Perseo,
1316 2634 1399 2723 quod

352 2722 559 2823 ‘propediem
573 2736 702 2810 sperent
715 2723 792 2799 fore,
810 2723 959 2800 visurum,
975 2737 1012 2787 ut
1031 2744 1090 2809 pro
1109 2722 1229 2787 meritis
1243 2722 1399 2809 cuiusque

353 2819 409 2873 ‘ru
437 2832 477 2873 eo
505 2808 589 2873 bello
618 2810 755 2874 civitatis
780 2810 913 2895 gratiam
939 2809 970 2873 d'
1018 2832 1068 2873 am
1098 2808 1232 2873 referat'
1276 2807 1399 2873 Munus

352 2893 584 3045 tarppinnlegatis
597 2894 633 2957 in
646 2894 787 2981 singulos
805 2895 915 2959 binum
934 2832 1068 2959 mffiium
1086 2896 1166 2960 aeris
1183 2895 1319 2959 missum
1336 2908 1397 2961 est:

286 3126 295 3142 ,
352 2993 813 3132 quLitbbdddeiddbpdeTiffitee
831 3065 996 3142 ttMareii
1007 3068 1144 3132 consulis
1158 3078 1242 3145 sunt,
1260 3066 1399 3143 ‘Quem-

354 3152 557 3229 ‘admodum
586 3152 669 3217 saltu
700 3166 859 3240 superato,
890 3153 923 3216 in
958 3152 1182 3218 Macedoniam
1215 3154 1395 3219 transisset:

262 3266 270 3281 ·
353 3240 421 3304 ‘ibi
442 3253 538 3303 etex
560 3238 629 3301 aliis
650 3238 728 3303 locis
749 3252 944 3305 commeatus
961 3262 979 3303 a
996 3252 1141 3326 praetore
1160 3263 1184 3327 p
1295 3252 1351 3305 tos
1370 3240 1398 3303 iu

354 3326 511 3391 ‘hiemem
526 3324 652 3401 habere,
668 3336 702 3388 et
716 3325 756 3389 ab
772 3324 912 3411 Epirotis
928 3326 1040 3412 viginti
1060 3326 1161 3391 millia
1180 3348 1211 3390 m
1256 3326 1327 3390 iutn
1351 3326 1398 3391 tri·

354 3411 439 3489 ‘tici‚
455 3412 567 3476 decem
581 3410 693 3475 hordei
706 3412 893 3498 sumpsisse:
916 3423 952 3476 ut
966 3434 1023 3499 pro
1039 3435 1077 3477 eo
1092 3410 1251 3478 frumento
1264 3412 1398 3500 pecunia

385 3602 556 3654 6Morits'mis
590 3608 749 3669 ooetiqolibus
786 3614 859 3669 atquo
891 3604 1035 3655 indicarent.
1067 3606 1163 3654 δείνων
1182 3606 1318 3655 tudinum
1343 3604 1397 3653 mitti

352 3670 533 3729 matun]
571 3670 700 3719 Maritima
730 3672 859 3731 veetipalta
892 3668 1000 3718 Bekker.
1027 3674 1053 3717 et
1080 3669 1186 3718 Crevier.
1210 3674 1319 3729 tuentur,
1348 3670 1396 3719 liar

353 3737 412 3780 sunt
422 3732 536 3793 portoria,
547 3739 573 3781 et
587 3734 651 3783 aliae
661 3735 787 3783 mercedes
797 3748 861 3794 quas
892 3732 952 3781 huic
963 3738 1091 3795 corruptus
1101 3733 1170 3781 locus
1180 3748 1233 3781 essa
1244 3732 1364 3783 videatur.

354 3794 380 3842 in
402 3795 528 3856 publicum
550 3798 722 3859 redigebantur
746 3812 777 3846 ex
799 3812 860 3844 meri·
925 3798 1062 3846 8thodr‘os
1076 3798 1184 3845 nansia
1194 3796 1393 3854 stemma]

354 3858 423 3905 cibus
441 3857 578 3919 importatis
594 3861 620 3909 in
636 3861 750 3910 insulam.
783 3861 859 3909 Mari·
893 3860 935 3909 Ita
949 3874 1047 3923 quoque
1058 3860 1187 3909 Belrkerur
1201 3875 1246 3923 pro
1262 3862 1326 3923 vulg.
1338 3862 1394 3911 ute

354 3921 409 3971 timi
435 3930 587 3981 commeatus,
614 3940 775 3987 quaecunque
799 3923 860 3973 mari
893 3926 1096 3973 dmsnuatt'o...

354 3985 548 4034 invehunturad
563 4002 633 4035 usum
648 3990 859 4038 commoditatem·
924 4002 939 4052 9
958 3988 1121 4048 Rhodiorum]
1151 3987 1193 4036 Its
1214 4002 1313 4050 quoque
1335 3986 1391 4037 Bek-

354 4064 403 4111 que
413 4048 484 4097 vitas.
501 4050 582 4099 Cass.
892 4051 965 4100 karus
981 4051 1130 4111 amandavit,
1147 4066 1191 4114 pro
1207 4052 1271 4114 vulg.
1282 4054 1392 4106 Domum,

388 4125 401 4173 7
417 4114 495 4162 Sciret
505 4114 638 4163 indicatum
650 4117 725 4175 mitti]
745 4132 777 4165 ae.
787 4116 861 4163 Sena·
893 4116 959 4177 quod
970 4115 1094 4165 Crevierio
1105 4116 1191 4164 merito
1203 4115 1339 4177 displicuit.

354 4178 512 4234 tusconsulto‚
517 4191 566 4237 quo
573 4178 646 4225 sciret
651 4180 758 4240 populus
769 4181 861 4227 Roma-
928 4192 938 4227 r
957 4181 1030 4228 Itane
1041 4180 1155 4229 tandem?
1171 4182 1199 4227 ni
1207 4176 1390 4241 pareatur...]

354 4255 401 4288 nus
409 4238 862 4311 literasextemploadutramquagen·
895 4242 937 4291 Ita
958 4242 1095 4293 Crevierius
1117 4242 1285 4305 corrigendum
1309 4240 1391 4293 censuit

354 4306 477 4351 temmrttr
485 4316 548 4362 quae
559 4303 721 4353 liberamessa
732 4310 861 4366 utramque
895 4320 939 4366 pro
950 4308 1016 4368 vulg.
1027 4308 1094 4355 itane
1105 4308 1203 4356 totidem
1213 4308 1245 4355 s's'r
1253 4316 1377 4369 pareatur.
1443 4332 1444 4347 2
