2934 4800
400 235 468 296 428
646 227 925 296 SYLLABUS
958 227 1217 296 CODIC‘UM

401 365 474 432 libri
492 364 619 430 initium
663 365 733 430 ictis
752 377 786 430 et
804 366 972 453 variegatis
993 365 1094 431 literis
1113 366 1260 432 excultus
1275 377 1318 430 ω,
1342 363 1373 427 Is

402 467 505 518 terum
521 473 595 538 prae
657 451 724 516 enti
739 451 898 516 recentior
912 475 980 516 esse
994 452 1131 517 ridetur.

445 536 524 601 XII.
548 536 769 602 lovanmrus
792 536 945 602 Tamus
970 551 1018 603 est
1042 538 1141 603 etism
1168 537 1269 602 codex
1288 536 1374 598 narb

401 645 527 699 necetis,
546 622 648 688 forma
669 623 790 699 maiori,
810 623 902 688 cuius
924 624 1036 688 titulus
1056 637 1090 688 et
1111 624 1236 711 primae
1255 620 1375 708 singulm

400 707 552 774 libromm
574 708 683 774 literae
705 731 783 774 auro
802 708 959 796 variisque
983 710 1142 774 coloribus
1166 709 1376 796 eleganterpiar

401 809 501 859 erant.
547 794 646 858 Liber
673 795 726 859 hic
751 794 813 858 fuit
838 795 1005 873 recentior,
1032 796 1090 882 qui
1120 795 1273 861 Vossiano
1292 790 1377 856 munit

401 880 533 946 iuferius
558 880 763 957 recensendo,
792 881 829 944 in
859 880 967 946 multis
995 880 1191 947 lectionibus
1215 880 1378 945 mermi&

402 963 442 1032 In
472 965 536 1030 line
565 966 644 1030 haec
673 967 768 1032 verba
797 967 897 1030 minio
930 968 1066 1054 ascripta
1093 967 1287 1054 legebantur.
1327 965 1379 1026 lob

403 1053 591 1117 Ruinuldus
606 1053 761 1118 Menniur
777 1054 987 1118 Surrentinus
1000 1057 1147 1139 scripsit.
1365 1134 1369 1143 Ι

445 1135 542 1202 XIII.
567 1137 789 1203 Lovnnmuus
820 1137 987 1212 Quassus
1022 1139 1173 1204 similiter
1204 1137 1299 1202 codex
1320 1149 1381 1196 αἱ

401 1223 592 1288 membranis
613 1224 715 1288 forma
736 1224 847 1287 maiori
869 1237 1025 1302 exaratus,
1047 1225 1142 1289 cuius
1164 1225 1254 1290 frons
1272 1236 1301 1286 et
1317 1220 1379 1306 uitat

401 1309 545 1460 omnifum
565 1309 723 1460 liliorum
748 1309 858 1375 literae
883 1332 961 1375 auro
984 1311 1144 1398 variisque
1168 1310 1313 1376 colonius
1326 1307 1379 1390 μά

425 1419 511 1460 raeu
630 1408 651 1459 t.

402 1419 424 1483 p
445 1480 498 1546 XI
530 1529 539 1544 .
563 1480 785 1547 Iovnnrauns
801 1481 958 1557 Qumrns
976 1484 1114 1570 scriptus
1126 1498 1179 1548 ert
1199 1483 1235 1546 in
1249 1497 1379 1568 pauw-

399 1567 501 1632 forma
514 1567 636 1645 maiori,
651 1569 742 1633 cuius
764 1569 833 1656 pari
847 1568 943 1633 modo
960 1569 1047 1634 frons
1066 1583 1101 1634 et
1119 1569 1234 1634 literne
1253 1564 1380 1651 singulm

401 1653 553 1718 libromm
574 1652 711 1720 initiales
730 1677 808 1719 auro
826 1667 861 1719 et
875 1654 1006 1719 diversis
1026 1653 1189 1720 coloribus
1203 1653 1327 1740 depicnt
1338 1664 1379 1710 εὗ

403 1738 638 1827 complectitur
652 1753 759 1805 autem
774 1741 1031 1892 septeuffriores
1045 1741 1132 1806 Livii
1152 1741 1252 1806 libror
1268 1752 1380 1820 murs-'1

400 1824 473 1888 libri
487 1826 600 1902 octavi,
673 1849 715 1890 ue
729 1826 771 1891 ad
784 1849 854 1913 cap.
925 1827 967 1892 V.
985 1829 1010 1910 l.
1027 1831 1058 1891 5.
1074 1849 1190 1892 vocem
1204 1829 1341 1892 aldum
1362 1815 1379 1878 l!

400 1909 481 1976 libro
497 1911 633 1998 septimo
671 1925 759 1977 cerat
778 1913 875 1976 etiam
895 1935 996 1976 unum
1016 1912 1128 1978 folium
1149 1937 1172 1978 a
1190 1911 1294 2000 capitis
1305 1903 1381 1970 Xlll

400 1998 426 2081 ξ.
446 2002 495 2062 10.
512 2019 589 2062 voce
605 2001 768 2077 concione,
783 2021 886 2086 usque
905 1998 947 2062 ad
964 2021 1032 2085 cap.
1051 1999 1171 2065 XXX.
1189 2001 1215 2082 ξ.
1232 2003 1258 2064 7.
1272 1994 1378 2059 <licum

401 2087 673 2170 quandocumque.

417 2223 420 2228 .
443 2167 519 2233 XV.
544 2169 836 2248 Poanuoannmm,
848 2185 898 2235 est
911 2169 1014 2236 codex
1029 2171 1285 2236 membranaceus
1296 2163 1379 2262 inira

400 2254 532 2330 maiori3
563 2256 654 2320 cuius
683 2255 760 2320 olim
787 2255 899 2343 Hagae
927 2256 1092 2321 Comitum
1121 2257 1156 2320 in
1184 2256 1323 2326 auctione,
1340 2258 1381 2310 Μ’

398 2339 535 2428 philip‘pi
557 2339 786 2442 Hispaniarum
806 2345 889 2431 regis
909 2342 1006 2430 legati
1028 2365 1148 2408 nomen
1172 2341 1382 2431 praeferentur*

399 2426 480 2493 nalis
500 2450 540 2492 ex
599 2429 637 2492 in
660 2450 744 2506 usus,
762 2443 798 2493 ut
816 2452 891 2495 eum
912 2452 985 2494 cnm
1000 2430 1137 2517 vulgatis
1154 2428 1329 2495 editionibm
1341 2441 1380 2484 effi·

398 2513 523 2592 ferrem,
591 2515 688 2601 nigne
715 2513 795 2578 mihi
820 2538 987 2581 concessus
1015 2529 1074 2582 est.
1120 2515 1211 2581 Eum
1238 2527 1325 2579 suun
1341 2526 1379 2566 m

400 2601 669 2689 Portugullicuru,
688 2600 765 2688 quia
785 2624 860 2666 eum
880 2601 1092 2689 Portugalliae
1116 2624 1188 2689 regn
1212 2602 1278 2690 plus
1293 2596 1379 2660 offerat

397 2686 526 2751 cessisse
541 2686 759 2751 renuntiatum
774 2700 831 2751 est.
1370 2762 1374 2769 ¹
1400 2717 1401 2776 3

442 2770 535 2836 XVI.
560 2770 747 2837 Vossianus
782 2772 915 2839 Pramus
949 2772 1051 2839 codex
1088 2788 1138 2839 est
1179 2776 1218 2840 in
1258 2767 1400 2837 munel

710 2945 1208 3032 2..

398 3027 493 3092 Mstis
516 3052 535 3093 a
559 2967 768 3095 Curatolibus
784 3029 978 3096 Academiae
996 3030 1134 3097 Batavae
1157 3034 1330 3117 redemptus
1342 3038 1379 3112 ‘V

396 3114 589 3181 bibliotheca
603 3115 731 3203 publica
742 3116 966 3183 Universitatis
977 3116 1290 3203 Lugduuo-Batame
1301 3107 1378 3176 coelntz

396 3201 430 3264 in
451 3202 542 3266 cuius
561 3202 704 3289 catalogo
717 3224 753 3303 p.
770 3207 844 3268 369.
861 3225 948 3268 uum.
964 3202 1062 3269 XXI.
1078 3220 1277 3270 memoratur·
1311 3196 1379 3289 Μ’

397 3286 521 3352 dicibus
536 3287 620 3352 Livii
633 3287 796 3353 Vossianis
811 3289 846 3353 in
907 3312 981 3355 nere
1000 3302 1134 3355 testatur
1148 3290 1174 3355 I.
1187 3290 1242 3357 Fr.
1253 3288 1380 3377 Gronau
1402 3349 1404 3382 Ι

396 3394 423 3437 a.
448 3372 479 3439 d.
503 3372 563 3437 lv.
591 3372 677 3439 Non.
706 3373 821 3440 Maias.
886 3374 1147 3441 IOIOCLXIII.
1203 3377 1275 3441 Nic.
1300 3368 1378 3435 llumo

395 3460 545 3535 scribens,
569 3482 624 3523 eos
645 3459 777 3545 quidem
799 3460 932 3527 secundi
952 3464 1078 3547 generis
1099 3485 1178 3539 esse,
1199 3478 1299 3528 tamen
1314 3452 1379 3539 (lull
1402 3457 1403 3536 l

395 3566 502 3611 carere
524 3544 634 3609 nollet.
679 3544 766 3609 Vide
787 3546 857 3611 eius
878 3548 1043 3634 epistolam
1065 3550 1101 3612 in
1123 3548 1245 3637 Syllog.
1265 3546 1376 3611 Bmuu
1402 3617 1403 3622 η

396 3642 470 3696 tom.
493 3632 555 3697 Ill.
576 3654 607 3718 p.
628 3636 703 3697 485.
750 3631 823 3719 Ipse
845 3634 1024 3699 observasse
1045 3635 1130 3700 visus
1151 3658 1235 3713 snm,
1254 3653 1313 3699 eum
1328 3639 1377 3719 &ll

396 3716 548 3782 Leidensi
572 3718 712 3782 secundo
736 3732 769 3782 et
791 3718 968 3785 Loveliano
989 3722 1092 3808 primo
1114 3721 1294 3787 consentire
1328 3704 1376 3772 uu

396 3824 477 3902 quae
498 3804 605 3867 notavi
625 3803 666 3867 ad
684 3804 771 3868 Livii
790 3804 844 3869 lib.
862 3805 920 3871 IV.
936 3830 1004 3894 cap.
1022 3808 1083 3872 III.
1101 3808 1126 3891 ξ.
1144 3812 1173 3873 9.
1221 3807 1307 3871 Hunc
1321 3812 1377 3885 tls?

394 3886 499 3974 liquos
513 3888 639 3953 codices
651 3889 822 3956 Vossianos
836 3892 900 3956 mei
916 3916 1024 3959 caussa
1038 3893 1156 3969 excuti,
1168 3916 1207 3959 ac
1220 3914 1288 3959 cum
1299 3883 1377 3967 alul*

395 3973 552 4039 committi
567 3974 771 4041 indulserunt
782 3977 986 4043 Illustn'ssimi
998 3980 1193 4045 Academiae
1210 3976 1331 4045 Boaris
1341 3963 1375 4028 sl

394 4074 523 4158 ratores,
544 4081 640 4145 quam
667 4060 782 4134 laboris
805 4086 842 4127 ac
867 4065 964 4129 taedii
961 4064 1114 4215 slplenam
1138 4056 1374 4153 provincianitt

394 4144 537 4290 13:131}
538 4158 724 4293 dusicdsltam
735 4147 906 4234 diligenter
919 4174 960 4236 pe
988 4153 1053 4216 ecit
1063 4150 1131 4217 Vir.
1144 4150 1270 4217 Clariss-
1280 4147 1373 4213 Fut&

439 4308 551 4374 XVll.
608 4334 763 4381 cestuum
789 4320 968 4387 Sucunnus
984 4302 1094 4390 'codex
1117 4325 1232 4391 itidcm
1245 4318 1376 4389 morabut*
