<?xml version="1.0" encoding="UTF-8"?>
<!DOCTYPE html PUBLIC "-//W3C//DTD XHTML 1.0 Transitional//EN"
    "http://www.w3.org/TR/xhtml1/DTD/xhtml1-transitional.dtd">
<html xmlns="http://www.w3.org/1999/xhtml" xml:lang="en" lang="en">
 <head>
  <title>
</title>
<meta http-equiv="Content-Type" content="text/html;charset=utf-8" />
  <meta name='ocr-system' content='tesseract 3.04.00' />
  <meta name='ocr-capabilities' content='ocr_page ocr_carea ocr_par ocr_line ocrx_word'/>
</head>
<body>
  <div class='ocr_page' id='page_1' title='image "./tliviipatavinih01kreygoog/tliviipatavinih01kreygoog_0025.png"; bbox 0 0 2934 4800; ppageno 0'>
   <div class='ocr_carea' id='block_1_1' title="bbox 446 230 1178 300">
    <p class='ocr_par' dir='ltr' id='par_1_1' title="bbox 446 230 1178 300">
     <span class='ocr_line' id='line_1_1' title="bbox 446 230 1178 300; baseline 0.001 -2"><span class='ocrx_word' id='word_1_1' title='bbox 446 230 542 300; x_wconf 88' lang='lat' dir='ltr'><strong>LIB.</strong></span> <span class='ocrx_word' id='word_1_2' title='bbox 567 231 658 299; x_wconf 90' lang='lat' dir='ltr'>XLI.</span> <span class='ocrx_word' id='word_1_3' title='bbox 691 231 804 300; x_wconf 86' lang='lat' dir='ltr'><strong>CAP.</strong></span> <span class='ocrx_word' id='word_1_4' title='bbox 830 237 879 298; x_wconf 92' lang='grc'><strong>10.</strong></span> <span class='ocrx_word' id='word_1_5' title='bbox 1138 237 1178 300; x_wconf 84' lang='grc'><strong>15</strong></span> 
     </span>
    </p>
   </div>
   <div class='ocr_carea' id='block_1_2' title="bbox 125 364 1336 696">
    <p class='ocr_par' dir='ltr' id='par_1_2' title="bbox 125 364 1336 632">
     <span class='ocr_line' id='line_1_2' title="bbox 126 364 1336 460; baseline 0.002 -26"><span class='ocrx_word' id='word_1_6' title='bbox 126 367 286 435; x_wconf 81' lang='lat' dir='ltr'><strong>‘civitatis</strong></span> <span class='ocrx_word' id='word_1_7' title='bbox 299 364 582 436; x_wconf 87' lang='lat' dir='ltr'><strong>mutandae‘csusa</strong></span> <span class='ocrx_word' id='word_1_8' title='bbox 599 393 698 437; x_wconf 89' lang='lat' dir='ltr'><strong>manu</strong></span> <span class='ocrx_word' id='word_1_9' title='bbox 717 393 783 436; x_wconf 91' lang='lat' dir='ltr'><strong>non</strong></span> <span class='ocrx_word' id='word_1_10' title='bbox 798 371 959 436; x_wconf 74' lang='lat' dir='ltr'><strong>mitteret&#39;</strong></span> <span class='ocrx_word' id='word_1_11' title='bbox 979 371 1036 460; x_wconf 89' lang='lat' dir='ltr'><strong>qui</strong></span> <span class='ocrx_word' id='word_1_12' title='bbox 1056 371 1092 436; x_wconf 89' lang='lat' dir='ltr'><strong>id</strong></span> <span class='ocrx_word' id='word_1_13' title='bbox 1110 393 1176 438; x_wconf 90' lang='lat' dir='ltr'><strong>non</strong></span> <span class='ocrx_word' id='word_1_14' title='bbox 1189 385 1222 436; x_wconf 80' lang='grc' dir='ltr'><strong>υ.</strong></span> <span class='ocrx_word' id='word_1_15' title='bbox 1233 387 1264 438; x_wconf 88' lang='lat' dir='ltr'><strong>c.</strong></span> <span class='ocrx_word' id='word_1_16' title='bbox 1280 396 1336 450; x_wconf 71' lang='lat'><strong>575.</strong></span> 
     </span>
     <span class='ocr_line' id='line_1_3' title="bbox 125 451 1336 534; baseline 0.001 -12"><span class='ocrx_word' id='word_1_17' title='bbox 125 456 258 534; x_wconf 82' lang='lat' dir='ltr'><strong>iuraret,</strong></span> <span class='ocrx_word' id='word_1_18' title='bbox 280 479 355 522; x_wconf 90' lang='lat' dir='ltr'><strong>eum</strong></span> <span class='ocrx_word' id='word_1_19' title='bbox 377 458 667 524; x_wconf 78' lang='lat' dir='ltr'><strong>manumittendum</strong></span> <span class='ocrx_word' id='word_1_20' title='bbox 688 481 755 523; x_wconf 93' lang='lat' dir='ltr'><strong>non</strong></span> <span class='ocrx_word' id='word_1_21' title='bbox 777 470 976 524; x_wconf 82' lang='lat' dir='ltr'><strong>censuerunt.</strong></span> <span class='ocrx_word' id='word_1_22' title='bbox 1024 457 1116 524; x_wconf 87' lang='lat' dir='ltr'><strong>Haec</strong></span> <span class='ocrx_word' id='word_1_23' title='bbox 1141 451 1216 523; x_wconf 58' lang='lat' dir='ltr'><strong>inL</strong></span> <span class='ocrx_word' id='word_1_24' title='bbox 1234 451 1264 501; x_wconf 82' lang='lat'><strong>⁰·</strong></span> <span class='ocrx_word' id='word_1_25' title='bbox 1281 463 1336 513; x_wconf 80' lang='lat'><strong>¹⁷⁷·</strong></span> 
     </span>
     <span class='ocr_line' id='line_1_4' title="bbox 125 543 1177 632; baseline 0.003 -23"><span class='ocrx_word' id='word_1_26' title='bbox 125 557 292 631; x_wconf 88' lang='lat' dir='ltr'><strong>posterum</strong></span> <span class='ocrx_word' id='word_1_27' title='bbox 308 565 404 610; x_wconf 76' lang='lat' dir='ltr'><strong>carna</strong></span> <span class='ocrx_word' id='word_1_28' title='bbox 420 545 560 632; x_wconf 88' lang='lat' dir='ltr'><strong>iurisque</strong></span> <span class='ocrx_word' id='word_1_29' title='bbox 580 544 678 610; x_wconf 89' lang='lat' dir='ltr'><strong>dictio</strong></span> <span class='ocrx_word' id='word_1_30' title='bbox 700 543 739 610; x_wconf 88' lang='lat' dir='ltr'><strong>C.</strong></span> <span class='ocrx_word' id='word_1_31' title='bbox 753 544 890 611; x_wconf 88' lang='lat' dir='ltr'><strong>Claudio</strong></span> <span class='ocrx_word' id='word_1_32' title='bbox 907 544 1031 610; x_wconf 86' lang='lat' dir='ltr'><strong>consuli</strong></span> <span class='ocrx_word' id='word_1_33' title='bbox 1049 544 1177 612; x_wconf 84' lang='lat' dir='ltr'><strong>decreta</strong></span> 
     </span>
    </p>

    <p class='ocr_par' dir='ltr' id='par_1_3' title="bbox 127 643 187 696">
     <span class='ocr_line' id='line_1_5' title="bbox 127 643 187 696; baseline -0.017 0"><span class='ocrx_word' id='word_1_34' title='bbox 127 643 187 696; x_wconf 65' lang='lat' dir='ltr'><strong>esi·</strong></span> 
     </span>
    </p>
   </div>
   <div class='ocr_carea' id='block_1_3' title="bbox 127 716 1284 904">
    <p class='ocr_par' dir='ltr' id='par_1_4' title="bbox 127 716 1284 904">
     <span class='ocr_line' id='line_1_6' title="bbox 174 716 1284 806; baseline 0.002 -25"><span class='ocrx_word' id='word_1_35' title='bbox 174 716 264 781; x_wconf 90' lang='lat' dir='ltr'><strong>Dum</strong></span> <span class='ocrx_word' id='word_1_36' title='bbox 283 716 363 783; x_wconf 85' lang='lat' dir='ltr'><strong>hsec</strong></span> <span class='ocrx_word' id='word_1_37' title='bbox 384 718 505 783; x_wconf 85' lang='lat' dir='ltr'><strong>Romae</strong></span> <span class='ocrx_word' id='word_1_38' title='bbox 527 731 691 806; x_wconf 80' lang='lat' dir='ltr'><strong>geruntur,</strong></span> <span class='ocrx_word' id='word_1_39' title='bbox 712 716 761 783; x_wconf 87' lang='grc' dir='ltr'><strong>Μ,</strong></span> <span class='ocrx_word' id='word_1_40' title='bbox 774 716 887 783; x_wconf 91' lang='lat' dir='ltr'><strong>lunius</strong></span> <span class='ocrx_word' id='word_1_41' title='bbox 908 732 942 785; x_wconf 90' lang='lat' dir='ltr'><strong>et</strong></span> <span class='ocrx_word' id='word_1_42' title='bbox 963 718 1005 783; x_wconf 89' lang='lat' dir='ltr'><strong>A.</strong></span> <span class='ocrx_word' id='word_1_43' title='bbox 1022 717 1174 797; x_wconf 87' lang='lat' dir='ltr'><strong>Manlius,</strong></span> <span class='ocrx_word' id='word_1_44' title='bbox 1235 726 1284 785; x_wconf 89' lang='lat'><strong>10.</strong></span> 
     </span>
     <span class='ocr_line' id='line_1_7' title="bbox 127 803 1272 904; baseline -0.001 -33"><span class='ocrx_word' id='word_1_45' title='bbox 127 805 188 892; x_wconf 91' lang='lat' dir='ltr'><strong>qui</strong></span> <span class='ocrx_word' id='word_1_46' title='bbox 201 805 304 904; x_wconf 79' lang='lat' dir='ltr'><strong>priore</strong></span> <span class='ocrx_word' id='word_1_47' title='bbox 315 827 400 869; x_wconf 88' lang='lat' dir='ltr'><strong>anno</strong></span> <span class='ocrx_word' id='word_1_48' title='bbox 410 803 555 870; x_wconf 87' lang='lat' dir='ltr'><strong>consules</strong></span> <span class='ocrx_word' id='word_1_49' title='bbox 568 805 703 883; x_wconf 85' lang='lat' dir='ltr'><strong>fuerant,</strong></span> <span class='ocrx_word' id='word_1_50' title='bbox 716 827 816 891; x_wconf 90' lang='lat' dir='ltr'><strong>quum</strong></span> <span class='ocrx_word' id='word_1_51' title='bbox 828 804 997 892; x_wconf 79' lang='lat' dir='ltr'><strong>Aquileiae</strong></span> <span class='ocrx_word' id='word_1_52' title='bbox 1012 804 1176 871; x_wconf 87' lang='lat' dir='ltr'><strong>hibernas·</strong></span> <span class='ocrx_word' id='word_1_53' title='bbox 1184 808 1236 856; x_wconf 67' lang='lat' dir='ltr'><strong>lte</strong></span> <span class='ocrx_word' id='word_1_54' title='bbox 1246 808 1272 856; x_wconf 67' lang='lat'><strong>5¹1</strong></span> 
     </span>
    </p>
   </div>
   <div class='ocr_carea' id='block_1_4' title="bbox 126 872 1317 986">
    <p class='ocr_par' dir='ltr' id='par_1_5' title="bbox 126 872 1317 986">
     <span class='ocr_line' id='line_1_8' title="bbox 126 872 1317 986; baseline 0.005 -30"><span class='ocrx_word' id='word_1_55' title='bbox 126 903 211 968; x_wconf 86' lang='lat' dir='ltr'><strong>sent,</strong></span> <span class='ocrx_word' id='word_1_56' title='bbox 225 891 383 979; x_wconf 73' lang='lat' dir='ltr'><strong>principio</strong></span> <span class='ocrx_word' id='word_1_57' title='bbox 397 891 478 956; x_wconf 87' lang='lat' dir='ltr'><strong>veris</strong></span> <span class='ocrx_word' id='word_1_58' title='bbox 497 891 533 957; x_wconf 90' lang='lat' dir='ltr'><strong>in</strong></span> <span class='ocrx_word' id='word_1_59' title='bbox 546 892 626 957; x_wconf 84' lang='lat' dir='ltr'><strong>fines</strong></span> <span class='ocrx_word' id='word_1_60' title='bbox 645 890 800 956; x_wconf 86' lang='lat' dir='ltr'><strong>Istrorum</strong></span> <span class='ocrx_word' id='word_1_61' title='bbox 814 891 991 956; x_wconf 84' lang='lat' dir='ltr'><strong>exercitum</strong></span> <span class='ocrx_word' id='word_1_62' title='bbox 1007 891 1174 957; x_wconf 86' lang='lat' dir='ltr'><strong>introdux-</strong></span> <span class='ocrx_word' id='word_1_63' title='bbox 1182 872 1317 986; x_wconf 53' lang='lat' dir='ltr'><strong>{ffiff</strong></span> 
     </span>
    </p>
   </div>
   <div class='ocr_carea' id='block_1_5' title="bbox 97 976 1268 4013">
    <p class='ocr_par' dir='ltr' id='par_1_6' title="bbox 97 976 1268 4013">
     <span class='ocr_line' id='line_1_9' title="bbox 126 976 1268 1066; baseline 0.001 -23"><span class='ocrx_word' id='word_1_64' title='bbox 126 991 241 1043; x_wconf 85' lang='lat' dir='ltr'><strong>erunt:</strong></span> <span class='ocrx_word' id='word_1_65' title='bbox 265 977 321 1042; x_wconf 93' lang='lat' dir='ltr'><strong>ubi</strong></span> <span class='ocrx_word' id='word_1_66' title='bbox 340 1000 441 1065; x_wconf 92' lang='lat' dir='ltr'><strong>quum</strong></span> <span class='ocrx_word' id='word_1_67' title='bbox 460 977 558 1043; x_wconf 86' lang='lat' dir='ltr'><strong>effuse</strong></span> <span class='ocrx_word' id='word_1_68' title='bbox 580 977 817 1066; x_wconf 73' lang='lat' dir='ltr'><strong>popularentur,</strong></span> <span class='ocrx_word' id='word_1_69' title='bbox 837 976 928 1042; x_wconf 91' lang='lat' dir='ltr'><strong>dolor</strong></span> <span class='ocrx_word' id='word_1_70' title='bbox 948 979 1049 1066; x_wconf 78' lang='lat' dir='ltr'><strong>magis</strong></span> <span class='ocrx_word' id='word_1_71' title='bbox 1069 993 1103 1044; x_wconf 88' lang='lat' dir='ltr'><strong>et</strong></span> <span class='ocrx_word' id='word_1_72' title='bbox 1124 980 1268 1052; x_wconf 66' lang='lat' dir='ltr'><strong>immania</strong></span> 
     </span>
     <span class='ocr_line' id='line_1_10' title="bbox 126 1063 1173 1154; baseline 0.002 -26"><span class='ocrx_word' id='word_1_73' title='bbox 126 1063 273 1152; x_wconf 73' lang='lat' dir='ltr'><strong>dignatio</strong></span> <span class='ocrx_word' id='word_1_74' title='bbox 291 1063 387 1152; x_wconf 85' lang='lat' dir='ltr'><strong>diripi</strong></span> <span class='ocrx_word' id='word_1_75' title='bbox 406 1085 456 1129; x_wconf 90' lang='lat' dir='ltr'><strong>res</strong></span> <span class='ocrx_word' id='word_1_76' title='bbox 474 1087 546 1130; x_wconf 90' lang='lat' dir='ltr'><strong>suas</strong></span> <span class='ocrx_word' id='word_1_77' title='bbox 566 1077 732 1130; x_wconf 82' lang='lat' dir='ltr'><strong>cernentes</strong></span> <span class='ocrx_word' id='word_1_78' title='bbox 751 1064 858 1142; x_wconf 72' lang='lat' dir='ltr'><strong>lenos,</strong></span> <span class='ocrx_word' id='word_1_79' title='bbox 874 1087 970 1152; x_wconf 89' lang='lat' dir='ltr'><strong>quam</strong></span> <span class='ocrx_word' id='word_1_80' title='bbox 992 1080 1079 1130; x_wconf 85' lang='lat' dir='ltr'><strong>certa</strong></span> <span class='ocrx_word' id='word_1_81' title='bbox 1092 1089 1173 1154; x_wconf 87' lang='lat' dir='ltr'><strong>spes,</strong></span> 
     </span>
     <span class='ocr_line' id='line_1_11' title="bbox 126 1150 1175 1228; baseline 0.002 -12"><span class='ocrx_word' id='word_1_82' title='bbox 126 1152 204 1216; x_wconf 62' lang='lat' dir='ltr'><strong>ntis</strong></span> <span class='ocrx_word' id='word_1_83' title='bbox 215 1151 274 1216; x_wconf 82' lang='lat' dir='ltr'><strong>sibi</strong></span> <span class='ocrx_word' id='word_1_84' title='bbox 282 1150 397 1215; x_wconf 87' lang='lat' dir='ltr'><strong>virium</strong></span> <span class='ocrx_word' id='word_1_85' title='bbox 409 1151 557 1216; x_wconf 84' lang='lat' dir='ltr'><strong>adversus</strong></span> <span class='ocrx_word' id='word_1_86' title='bbox 567 1151 647 1216; x_wconf 89' lang='lat' dir='ltr'><strong>duos</strong></span> <span class='ocrx_word' id='word_1_87' title='bbox 656 1150 822 1228; x_wconf 84' lang='lat' dir='ltr'><strong>exercitus,</strong></span> <span class='ocrx_word' id='word_1_88' title='bbox 834 1151 959 1216; x_wconf 83' lang='lat' dir='ltr'><strong>excivit.</strong></span> <span class='ocrx_word' id='word_1_89' title='bbox 1007 1151 1175 1219; x_wconf 84' lang='lat' dir='ltr'><strong>Concursn</strong></span> 
     </span>
     <span class='ocr_line' id='line_1_12' title="bbox 127 1237 1176 1326; baseline 0.001 -23"><span class='ocrx_word' id='word_1_90' title='bbox 127 1259 171 1304; x_wconf 82' lang='lat' dir='ltr'><strong>ex</strong></span> <span class='ocrx_word' id='word_1_91' title='bbox 185 1237 332 1302; x_wconf 89' lang='lat' dir='ltr'><strong>omnibus</strong></span> <span class='ocrx_word' id='word_1_92' title='bbox 345 1237 471 1326; x_wconf 88' lang='lat' dir='ltr'><strong>populis</strong></span> <span class='ocrx_word' id='word_1_93' title='bbox 482 1238 654 1303; x_wconf 84' lang='lat' dir='ltr'><strong>iuventutis</strong></span> <span class='ocrx_word' id='word_1_94' title='bbox 667 1237 762 1315; x_wconf 81' lang='lat' dir='ltr'><strong>facto,</strong></span> <span class='ocrx_word' id='word_1_95' title='bbox 776 1237 962 1325; x_wconf 85' lang='lat' dir='ltr'><strong>repentinus</strong></span> <span class='ocrx_word' id='word_1_96' title='bbox 973 1250 1006 1304; x_wconf 87' lang='lat' dir='ltr'><strong>et</strong></span> <span class='ocrx_word' id='word_1_97' title='bbox 1020 1239 1176 1305; x_wconf 88' lang='lat' dir='ltr'><strong>tumultu·</strong></span> 
     </span>
     <span class='ocr_line' id='line_1_13' title="bbox 125 1324 1173 1424; baseline 0 -34"><span class='ocrx_word' id='word_1_98' title='bbox 125 1325 214 1390; x_wconf 89' lang='lat' dir='ltr'><strong>arius</strong></span> <span class='ocrx_word' id='word_1_99' title='bbox 233 1324 390 1389; x_wconf 86' lang='lat' dir='ltr'><strong>exercitus</strong></span> <span class='ocrx_word' id='word_1_100' title='bbox 404 1325 506 1389; x_wconf 83' lang='lat' dir='ltr'><strong>acrius</strong></span> <span class='ocrx_word' id='word_1_101' title='bbox 525 1325 627 1412; x_wconf 89' lang='lat' dir='ltr'><strong>primo</strong></span> <span class='ocrx_word' id='word_1_102' title='bbox 647 1324 781 1412; x_wconf 88' lang='lat' dir='ltr'><strong>impetu,</strong></span> <span class='ocrx_word' id='word_1_103' title='bbox 796 1347 893 1424; x_wconf 85' lang='lat' dir='ltr'><strong>quam</strong></span> <span class='ocrx_word' id='word_1_104' title='bbox 911 1327 1173 1411; x_wconf 82' lang='lat' dir='ltr'><strong>perseverantius,</strong></span> 
     </span>
     <span class='ocr_line' id='line_1_14' title="bbox 125 1409 1173 1499; baseline 0.001 -24"><span class='ocrx_word' id='word_1_105' title='bbox 125 1411 290 1499; x_wconf 76' lang='lat' dir='ltr'><strong>pugnavit.</strong></span> <span class='ocrx_word' id='word_1_106' title='bbox 336 1409 393 1474; x_wconf 94' lang='lat' dir='ltr'><strong>Ad</strong></span> <span class='ocrx_word' id='word_1_107' title='bbox 407 1424 556 1498; x_wconf 89' lang='lat' dir='ltr'><strong>quattuor</strong></span> <span class='ocrx_word' id='word_1_108' title='bbox 570 1411 669 1475; x_wconf 90' lang='lat' dir='ltr'><strong>millia</strong></span> <span class='ocrx_word' id='word_1_109' title='bbox 683 1433 795 1475; x_wconf 88' lang='lat' dir='ltr'><strong>eorum</strong></span> <span class='ocrx_word' id='word_1_110' title='bbox 808 1433 843 1474; x_wconf 89' lang='grc' dir='ltr'><strong>ιιι</strong></span> <span class='ocrx_word' id='word_1_111' title='bbox 857 1411 925 1474; x_wconf 88' lang='lat' dir='ltr'><strong>acie</strong></span> <span class='ocrx_word' id='word_1_112' title='bbox 936 1433 1040 1475; x_wconf 76' lang='lat' dir='ltr'><strong>caesar</strong></span> <span class='ocrx_word' id='word_1_113' title='bbox 1064 1412 1173 1490; x_wconf 89' lang='lat' dir='ltr'><strong>ceteri,</strong></span> 
     </span>
     <span class='ocr_line' id='line_1_15' title="bbox 127 1495 1174 1584; baseline 0.001 -21"><span class='ocrx_word' id='word_1_114' title='bbox 127 1499 244 1563; x_wconf 71' lang='lat' dir='ltr'><strong>omioeo</strong></span> <span class='ocrx_word' id='word_1_115' title='bbox 257 1495 352 1575; x_wconf 92' lang='lat' dir='ltr'><strong>bello,</strong></span> <span class='ocrx_word' id='word_1_116' title='bbox 368 1497 402 1562; x_wconf 89' lang='lat' dir='ltr'><strong>in</strong></span> <span class='ocrx_word' id='word_1_117' title='bbox 422 1497 562 1563; x_wconf 82' lang='lat' dir='ltr'><strong>civitates</strong></span> <span class='ocrx_word' id='word_1_118' title='bbox 576 1498 692 1584; x_wconf 90' lang='lat' dir='ltr'><strong>passim</strong></span> <span class='ocrx_word' id='word_1_119' title='bbox 708 1497 912 1582; x_wconf 80' lang='lat' dir='ltr'><strong>diffugerunt</strong></span> <span class='ocrx_word' id='word_1_120' title='bbox 957 1495 1039 1562; x_wconf 91' lang='lat' dir='ltr'><strong>Inde</strong></span> <span class='ocrx_word' id='word_1_121' title='bbox 1053 1497 1174 1584; x_wconf 81' lang='lat' dir='ltr'><strong>legatos</strong></span> 
     </span>
     <span class='ocr_line' id='line_1_16' title="bbox 127 1582 1175 1672; baseline 0.002 -24"><span class='ocrx_word' id='word_1_122' title='bbox 127 1585 266 1672; x_wconf 88' lang='lat' dir='ltr'><strong>primum</strong></span> <span class='ocrx_word' id='word_1_123' title='bbox 278 1583 322 1658; x_wconf 79' lang='lat' dir='ltr'><strong>ad</strong></span> <span class='ocrx_word' id='word_1_124' title='bbox 337 1605 447 1670; x_wconf 82' lang='lat' dir='ltr'><strong>pacem</strong></span> <span class='ocrx_word' id='word_1_125' title='bbox 462 1583 634 1671; x_wconf 86' lang='lat' dir='ltr'><strong>petendam</strong></span> <span class='ocrx_word' id='word_1_126' title='bbox 648 1584 682 1647; x_wconf 92' lang='lat' dir='ltr'><strong>in</strong></span> <span class='ocrx_word' id='word_1_127' title='bbox 697 1597 799 1648; x_wconf 84' lang='lat' dir='ltr'><strong>castra</strong></span> <span class='ocrx_word' id='word_1_128' title='bbox 813 1584 970 1661; x_wconf 87' lang='lat' dir='ltr'><strong>Romana,</strong></span> <span class='ocrx_word' id='word_1_129' title='bbox 985 1582 1102 1648; x_wconf 86' lang='lat' dir='ltr'><strong>deinde</strong></span> <span class='ocrx_word' id='word_1_130' title='bbox 1118 1585 1175 1650; x_wconf 91' lang='lat' dir='ltr'><strong>ob-</strong></span> 
     </span>
     <span class='ocr_line' id='line_1_17' title="bbox 128 1669 1175 1770; baseline 0 -34"><span class='ocrx_word' id='word_1_131' title='bbox 128 1671 213 1736; x_wconf 89' lang='lat' dir='ltr'><strong>sides</strong></span> <span class='ocrx_word' id='word_1_132' title='bbox 239 1671 420 1758; x_wconf 89' lang='lat' dir='ltr'><strong>imperatos,</strong></span> <span class='ocrx_word' id='word_1_133' title='bbox 446 1671 608 1736; x_wconf 83' lang='lat' dir='ltr'><strong>miserunt.</strong></span> <span class='ocrx_word' id='word_1_134' title='bbox 656 1669 747 1734; x_wconf 85' lang='lat' dir='ltr'><strong>Haec</strong></span> <span class='ocrx_word' id='word_1_135' title='bbox 770 1691 870 1770; x_wconf 90' lang='lat' dir='ltr'><strong>quum</strong></span> <span class='ocrx_word' id='word_1_136' title='bbox 900 1670 1022 1736; x_wconf 88' lang='lat' dir='ltr'><strong>Romae</strong></span> <span class='ocrx_word' id='word_1_137' title='bbox 1045 1672 1175 1758; x_wconf 78' lang='lat' dir='ltr'><strong>cognita</strong></span> 
     </span>
     <span class='ocr_line' id='line_1_18' title="bbox 125 1755 1173 1845; baseline 0.001 -23"><span class='ocrx_word' id='word_1_138' title='bbox 125 1757 228 1822; x_wconf 90' lang='lat' dir='ltr'><strong>literis</strong></span> <span class='ocrx_word' id='word_1_139' title='bbox 245 1756 470 1845; x_wconf 79' lang='lat' dir='ltr'><strong>proconsulum</strong></span> <span class='ocrx_word' id='word_1_140' title='bbox 490 1771 603 1834; x_wconf 63' lang='lat' dir='ltr'><strong>efflent,</strong></span> <span class='ocrx_word' id='word_1_141' title='bbox 621 1755 832 1826; x_wconf 84' lang='lat' dir='ltr'><strong>C.Claud1us</strong></span> <span class='ocrx_word' id='word_1_142' title='bbox 850 1757 970 1834; x_wconf 87' lang='lat' dir='ltr'><strong>consul,</strong></span> <span class='ocrx_word' id='word_1_143' title='bbox 985 1758 1112 1836; x_wconf 86' lang='lat' dir='ltr'><strong>veritus,</strong></span> <span class='ocrx_word' id='word_1_144' title='bbox 1131 1782 1173 1824; x_wconf 89' lang='lat' dir='ltr'><strong>ne</strong></span> 
     </span>
     <span class='ocr_line' id='line_1_19' title="bbox 124 1842 1173 1930; baseline 0.002 -22"><span class='ocrx_word' id='word_1_145' title='bbox 124 1843 206 1909; x_wconf 78' lang='lat' dir='ltr'><strong>forte</strong></span> <span class='ocrx_word' id='word_1_146' title='bbox 228 1865 267 1908; x_wconf 81' lang='lat' dir='ltr'><strong>ea</strong></span> <span class='ocrx_word' id='word_1_147' title='bbox 290 1865 341 1909; x_wconf 83' lang='lat' dir='ltr'><strong>res</strong></span> <span class='ocrx_word' id='word_1_148' title='bbox 360 1844 556 1930; x_wconf 78' lang='lat' dir='ltr'><strong>provinciam</strong></span> <span class='ocrx_word' id='word_1_149' title='bbox 578 1843 753 1908; x_wconf 86' lang='lat' dir='ltr'><strong>exercitum</strong></span> <span class='ocrx_word' id='word_1_150' title='bbox 777 1865 818 1908; x_wconf 91' lang='lat' dir='ltr'><strong>ue</strong></span> <span class='ocrx_word' id='word_1_151' title='bbox 840 1842 900 1909; x_wconf 92' lang='lat' dir='ltr'><strong>sibi</strong></span> <span class='ocrx_word' id='word_1_152' title='bbox 921 1844 1084 1922; x_wconf 86' lang='lat' dir='ltr'><strong>adimeret,</strong></span> <span class='ocrx_word' id='word_1_153' title='bbox 1106 1868 1173 1910; x_wconf 90' lang='lat' dir='ltr'><strong>non</strong></span> 
     </span>
     <span class='ocr_line' id='line_1_20' title="bbox 101 1867 1172 2018; baseline 0.003 -24"><span class='ocrx_word' id='word_1_154' title='bbox 101 1949 112 1984; x_wconf 75' lang='grc' dir='ltr'><strong>ι</strong></span> <span class='ocrx_word' id='word_1_155' title='bbox 124 1931 208 1996; x_wconf 87' lang='lat' dir='ltr'><strong>votis</strong></span> <span class='ocrx_word' id='word_1_156' title='bbox 219 1931 418 2017; x_wconf 89' lang='lat' dir='ltr'><strong>nuncupatis,</strong></span> <span class='ocrx_word' id='word_1_157' title='bbox 427 1953 494 1995; x_wconf 90' lang='lat' dir='ltr'><strong>non</strong></span> <span class='ocrx_word' id='word_1_158' title='bbox 504 1929 683 2018; x_wconf 87' lang='lat' dir='ltr'><strong>paludatus,</strong></span> <span class='ocrx_word' id='word_1_159' title='bbox 693 1867 944 2007; x_wconf 72' lang='lat' dir='ltr'><strong>siudlictoribus,</strong></span> <span class='ocrx_word' id='word_1_160' title='bbox 955 1953 1020 1995; x_wconf 89' lang='lat' dir='ltr'><strong>uno</strong></span> <span class='ocrx_word' id='word_1_161' title='bbox 1029 1931 1172 1997; x_wconf 88' lang='lat' dir='ltr'><strong>omniurn</strong></span> 
     </span>
     <span class='ocr_line' id='line_1_21' title="bbox 123 2016 1173 2119; baseline 0 -37"><span class='ocrx_word' id='word_1_162' title='bbox 123 2017 261 2082; x_wconf 86' lang='lat' dir='ltr'><strong>certiore</strong></span> <span class='ocrx_word' id='word_1_163' title='bbox 274 2016 357 2082; x_wconf 86' lang='lat' dir='ltr'><strong>fecto</strong></span> <span class='ocrx_word' id='word_1_164' title='bbox 377 2016 506 2119; x_wconf 66' lang='lat' dir='ltr'><strong>collega,</strong></span> <span class='ocrx_word' id='word_1_165' title='bbox 522 2032 616 2082; x_wconf 90' lang='lat' dir='ltr'><strong>nocte</strong></span> <span class='ocrx_word' id='word_1_166' title='bbox 636 2017 805 2104; x_wconf 81' lang='lat' dir='ltr'><strong>profectus,</strong></span> <span class='ocrx_word' id='word_1_167' title='bbox 820 2038 971 2104; x_wconf 86' lang='lat' dir='ltr'><strong>praeceps</strong></span> <span class='ocrx_word' id='word_1_168' title='bbox 990 2018 1024 2081; x_wconf 91' lang='lat' dir='ltr'><strong>in</strong></span> <span class='ocrx_word' id='word_1_169' title='bbox 1045 2019 1173 2105; x_wconf 87' lang='lat' dir='ltr'><strong>provin-</strong></span> 
     </span>
     <span class='ocr_line' id='line_1_22' title="bbox 123 2102 1170 2192; baseline 0.002 -24"><span class='ocrx_word' id='word_1_170' title='bbox 123 2105 209 2168; x_wconf 89' lang='lat' dir='ltr'><strong>ciam</strong></span> <span class='ocrx_word' id='word_1_171' title='bbox 238 2103 334 2170; x_wconf 84' lang='lat' dir='ltr'><strong>abiit:</strong></span> <span class='ocrx_word' id='word_1_172' title='bbox 373 2104 428 2168; x_wconf 87' lang='lat' dir='ltr'><strong>nbi</strong></span> <span class='ocrx_word' id='word_1_173' title='bbox 461 2102 679 2181; x_wconf 86' lang='lat' dir='ltr'><strong>rnconsultius,</strong></span> <span class='ocrx_word' id='word_1_174' title='bbox 710 2125 807 2188; x_wconf 91' lang='lat' dir='ltr'><strong>quam</strong></span> <span class='ocrx_word' id='word_1_175' title='bbox 835 2116 973 2181; x_wconf 86' lang='lat' dir='ltr'><strong>venerat,</strong></span> <span class='ocrx_word' id='word_1_176' title='bbox 1003 2127 1036 2168; x_wconf 86' lang='lat' dir='ltr'><strong>se</strong></span> <span class='ocrx_word' id='word_1_177' title='bbox 1065 2107 1170 2192; x_wconf 72' lang='lat' dir='ltr'><strong>gessit.</strong></span> 
     </span>
     <span class='ocr_line' id='line_1_23' title="bbox 124 2189 1172 2278; baseline 0.001 -23"><span class='ocrx_word' id='word_1_178' title='bbox 124 2190 225 2268; x_wconf 89' lang='lat' dir='ltr'><strong>Nam,</strong></span> <span class='ocrx_word' id='word_1_179' title='bbox 244 2213 341 2278; x_wconf 89' lang='lat' dir='ltr'><strong>quum</strong></span> <span class='ocrx_word' id='word_1_180' title='bbox 362 2191 514 2256; x_wconf 88' lang='lat' dir='ltr'><strong>concione</strong></span> <span class='ocrx_word' id='word_1_181' title='bbox 535 2191 686 2255; x_wconf 85' lang='lat' dir='ltr'><strong>advocata</strong></span> <span class='ocrx_word' id='word_1_182' title='bbox 703 2189 812 2277; x_wconf 79' lang='lat' dir='ltr'><strong>fugam</strong></span> <span class='ocrx_word' id='word_1_183' title='bbox 831 2212 850 2254; x_wconf 91' lang='lat' dir='ltr'><strong>e</strong></span> <span class='ocrx_word' id='word_1_184' title='bbox 869 2191 978 2255; x_wconf 86' lang='lat' dir='ltr'><strong>castris</strong></span> <span class='ocrx_word' id='word_1_185' title='bbox 998 2191 1039 2255; x_wconf 90' lang='lat' dir='ltr'><strong>A.</strong></span> <span class='ocrx_word' id='word_1_186' title='bbox 1055 2191 1172 2256; x_wconf 90' lang='lat' dir='ltr'><strong>Manlii</strong></span> 
     </span>
     <span class='ocr_line' id='line_1_24' title="bbox 122 2275 1173 2429; baseline 0.001 -87"><span class='ocrx_word' id='word_1_187' title='bbox 122 2277 264 2342; x_wconf 85' lang='lat' dir='ltr'><strong>adversis</strong></span> <span class='ocrx_word' id='word_1_188' title='bbox 283 2278 411 2341; x_wconf 85' lang='lat' dir='ltr'><strong>auribus</strong></span> <span class='ocrx_word' id='word_1_189' title='bbox 427 2276 564 2344; x_wconf 89' lang='lat' dir='ltr'><strong>militum</strong></span> <span class='ocrx_word' id='word_1_190' title='bbox 584 2277 678 2364; x_wconf 90' lang='lat' dir='ltr'><strong>(quip</strong></span> <span class='ocrx_word' id='word_1_191' title='bbox 738 2277 796 2428; x_wconf 88' lang='lat' dir='ltr'><strong>qui</strong></span> <span class='ocrx_word' id='word_1_192' title='bbox 814 2275 984 2429; x_wconf 55' lang='lat' dir='ltr'><strong>primiffsi</strong></span> <span class='ocrx_word' id='word_1_193' title='bbox 1002 2277 1173 2366; x_wconf 79' lang='lat' dir='ltr'><strong>fugissent)</strong></span> 
     </span>
     <span class='ocr_line' id='line_1_25' title="bbox 122 2363 1174 2452; baseline 0.001 -22"><span class='ocrx_word' id='word_1_194' title='bbox 122 2365 279 2442; x_wconf 83' lang='lat' dir='ltr'><strong>iactasset,</strong></span> <span class='ocrx_word' id='word_1_195' title='bbox 295 2363 536 2451; x_wconf 81' lang='lat' dir='ltr'><strong>ingessissetque</strong></span> <span class='ocrx_word' id='word_1_196' title='bbox 551 2365 666 2452; x_wconf 91' lang='lat' dir='ltr'><strong>probra</strong></span> <span class='ocrx_word' id='word_1_197' title='bbox 719 2412 727 2429; x_wconf 93' lang='lat'><strong>.</strong></span> <span class='ocrx_word' id='word_1_198' title='bbox 759 2363 846 2440; x_wconf 92' lang='lat' dir='ltr'><strong>unio,</strong></span> <span class='ocrx_word' id='word_1_199' title='bbox 858 2386 903 2451; x_wconf 91' lang='lat' dir='ltr'><strong>qu</strong></span> <span class='ocrx_word' id='word_1_200' title='bbox 960 2387 993 2430; x_wconf 89' lang='lat' dir='ltr'><strong>se</strong></span> <span class='ocrx_word' id='word_1_201' title='bbox 1008 2364 1174 2431; x_wconf 79' lang='lat' dir='ltr'><strong>dedecoris</strong></span> 
     </span>
     <span class='ocr_line' id='line_1_26' title="bbox 122 2450 1171 2539; baseline 0 -22"><span class='ocrx_word' id='word_1_202' title='bbox 122 2452 247 2517; x_wconf 89' lang='lat' dir='ltr'><strong>socium</strong></span> <span class='ocrx_word' id='word_1_203' title='bbox 266 2450 405 2539; x_wconf 80' lang='lat' dir='ltr'><strong>collegae</strong></span> <span class='ocrx_word' id='word_1_204' title='bbox 419 2452 553 2529; x_wconf 82' lang='lat' dir='ltr'><strong>fecisset,</strong></span> <span class='ocrx_word' id='word_1_205' title='bbox 569 2451 610 2516; x_wconf 86' lang='lat' dir='ltr'><strong>ad</strong></span> <span class='ocrx_word' id='word_1_206' title='bbox 630 2464 810 2517; x_wconf 84' lang='lat' dir='ltr'><strong>extremum</strong></span> <span class='ocrx_word' id='word_1_207' title='bbox 829 2463 1001 2538; x_wconf 88' lang='lat' dir='ltr'><strong>utrumque</strong></span> <span class='ocrx_word' id='word_1_208' title='bbox 1015 2450 1171 2517; x_wconf 87' lang='lat' dir='ltr'><strong>decedere</strong></span> 
     </span>
     <span class='ocr_line' id='line_1_27' title="bbox 147 2537 1172 2625; baseline 0 -22"><span class='ocrx_word' id='word_1_209' title='bbox 147 2538 287 2603; x_wconf 84' lang='lat' dir='ltr'><strong>rorincia</strong></span> <span class='ocrx_word' id='word_1_210' title='bbox 315 2538 413 2603; x_wconf 81' lang='lat' dir='ltr'><strong>iussit.</strong></span> <span class='ocrx_word' id='word_1_211' title='bbox 461 2538 559 2614; x_wconf 83' lang='lat' dir='ltr'><strong>Quod</strong></span> <span class='ocrx_word' id='word_1_212' title='bbox 584 2560 685 2625; x_wconf 89' lang='lat' dir='ltr'><strong>quum</strong></span> <span class='ocrx_word' id='word_1_213' title='bbox 707 2537 847 2603; x_wconf 86' lang='lat' dir='ltr'><strong>illitum</strong></span> <span class='ocrx_word' id='word_1_214' title='bbox 872 2538 1010 2602; x_wconf 87' lang='lat' dir='ltr'><strong>consulis</strong></span> <span class='ocrx_word' id='word_1_215' title='bbox 1038 2539 1172 2625; x_wconf 90' lang='lat' dir='ltr'><strong>imperio</strong></span> 
     </span>
     <span class='ocr_line' id='line_1_28' title="bbox 149 2624 1172 2710; baseline -0.001 -19"><span class='ocrx_word' id='word_1_216' title='bbox 149 2626 213 2691; x_wconf 87' lang='lat' dir='ltr'><strong>&#39;cto</strong></span> <span class='ocrx_word' id='word_1_217' title='bbox 232 2624 397 2691; x_wconf 82' lang='lat' dir='ltr'><strong>audientes</strong></span> <span class='ocrx_word' id='word_1_218' title='bbox 418 2624 539 2690; x_wconf 85' lang='lat' dir='ltr'><strong>futuros</strong></span> <span class='ocrx_word' id='word_1_219' title='bbox 554 2648 621 2691; x_wconf 88' lang='lat' dir='ltr'><strong>esse</strong></span> <span class='ocrx_word' id='word_1_220' title='bbox 642 2624 795 2701; x_wconf 87' lang='lat' dir='ltr'><strong>dicerent,</strong></span> <span class='ocrx_word' id='word_1_221' title='bbox 811 2646 911 2710; x_wconf 91' lang='lat' dir='ltr'><strong>quum</strong></span> <span class='ocrx_word' id='word_1_222' title='bbox 930 2624 1064 2689; x_wconf 81' lang='lat' dir='ltr'><strong>ismore</strong></span> <span class='ocrx_word' id='word_1_223' title='bbox 1073 2625 1172 2691; x_wconf 89' lang='lat' dir='ltr'><strong>maio-</strong></span> 
     </span>
     <span class='ocr_line' id='line_1_29' title="bbox 122 2710 1170 2799; baseline 0 -23"><span class='ocrx_word' id='word_1_224' title='bbox 122 2732 207 2787; x_wconf 89' lang='lat' dir='ltr'><strong>rum,</strong></span> <span class='ocrx_word' id='word_1_225' title='bbox 219 2710 394 2777; x_wconf 89' lang='lat' dir='ltr'><strong>secundum</strong></span> <span class='ocrx_word' id='word_1_226' title='bbox 405 2725 480 2777; x_wconf 85' lang='lat' dir='ltr'><strong>vota</strong></span> <span class='ocrx_word' id='word_1_227' title='bbox 489 2712 524 2777; x_wconf 88' lang='lat' dir='ltr'><strong>in</strong></span> <span class='ocrx_word' id='word_1_228' title='bbox 540 2710 698 2799; x_wconf 86' lang='lat' dir='ltr'><strong>Capitolio</strong></span> <span class='ocrx_word' id='word_1_229' title='bbox 708 2726 902 2797; x_wconf 89' lang='lat' dir='ltr'><strong>nuncupata,</strong></span> <span class='ocrx_word' id='word_1_230' title='bbox 914 2732 988 2775; x_wconf 90' lang='lat' dir='ltr'><strong>cum</strong></span> <span class='ocrx_word' id='word_1_231' title='bbox 998 2710 1170 2789; x_wconf 85' lang='lat' dir='ltr'><strong>lictoribus,</strong></span> 
     </span>
     <span class='ocr_line' id='line_1_30' title="bbox 97 2796 1170 2885; baseline 0.006 -27"><span class='ocrx_word' id='word_1_232' title='bbox 97 2797 293 2885; x_wconf 72' lang='lat' dir='ltr'><strong>spaludatus</strong></span> <span class='ocrx_word' id='word_1_233' title='bbox 321 2797 480 2885; x_wconf 89' lang='lat' dir='ltr'><strong>profectus</strong></span> <span class='ocrx_word' id='word_1_234' title='bbox 505 2798 544 2863; x_wconf 88' lang='lat' dir='ltr'><strong>ab</strong></span> <span class='ocrx_word' id='word_1_235' title='bbox 570 2796 648 2863; x_wconf 92' lang='lat' dir='ltr'><strong>urbe</strong></span> <span class='ocrx_word' id='word_1_236' title='bbox 671 2812 771 2873; x_wconf 83' lang='lat' dir='ltr'><strong>esset3</strong></span> <span class='ocrx_word' id='word_1_237' title='bbox 800 2797 908 2861; x_wconf 84' lang='lat' dir='ltr'><strong>furens</strong></span> <span class='ocrx_word' id='word_1_238' title='bbox 933 2798 989 2874; x_wconf 87' lang='lat' dir='ltr'><strong>ira,</strong></span> <span class='ocrx_word' id='word_1_239' title='bbox 1011 2814 1170 2876; x_wconf 84' lang='lat' dir='ltr'><strong>vocatum,</strong></span> 
     </span>
     <span class='ocr_line' id='line_1_31' title="bbox 147 2883 1170 2985; baseline 0.002 -36"><span class='ocrx_word' id='word_1_240' title='bbox 147 2885 181 2949; x_wconf 92' lang='lat' dir='ltr'><strong>ui</strong></span> <span class='ocrx_word' id='word_1_241' title='bbox 201 2905 260 2972; x_wconf 91' lang='lat' dir='ltr'><strong>pro</strong></span> <span class='ocrx_word' id='word_1_242' title='bbox 275 2898 439 2971; x_wconf 88' lang='lat' dir='ltr'><strong>quaestore</strong></span> <span class='ocrx_word' id='word_1_243' title='bbox 455 2883 573 2949; x_wconf 88' lang='lat' dir='ltr'><strong>Manlii</strong></span> <span class='ocrx_word' id='word_1_244' title='bbox 587 2898 664 2961; x_wconf 87' lang='lat' dir='ltr'><strong>erat,</strong></span> <span class='ocrx_word' id='word_1_245' title='bbox 679 2898 807 2949; x_wconf 88' lang='lat' dir='ltr'><strong>catenas</strong></span> <span class='ocrx_word' id='word_1_246' title='bbox 825 2884 979 2985; x_wconf 88' lang='lat' dir='ltr'><strong>poposcit,</strong></span> <span class='ocrx_word' id='word_1_247' title='bbox 994 2883 1117 2950; x_wconf 83' lang='lat' dir='ltr'><strong>vinctos</strong></span> <span class='ocrx_word' id='word_1_248' title='bbox 1135 2908 1170 2951; x_wconf 87' lang='lat' dir='ltr'><strong>se</strong></span> 
     </span>
     <span class='ocr_line' id='line_1_32' title="bbox 122 2908 1170 3058; baseline 0.001 -22"><span class='ocrx_word' id='word_1_249' title='bbox 122 2908 255 3037; x_wconf 63' lang='lat' dir='ltr'><strong>lunium</strong></span> <span class='ocrx_word' id='word_1_250' title='bbox 271 2970 494 3058; x_wconf 86' lang='lat' dir='ltr'><strong>Manliumque</strong></span> <span class='ocrx_word' id='word_1_251' title='bbox 513 2972 662 3035; x_wconf 87' lang='lat' dir='ltr'><strong>minitans</strong></span> <span class='ocrx_word' id='word_1_252' title='bbox 682 2970 820 3035; x_wconf 86' lang='lat' dir='ltr'><strong>Romam</strong></span> <span class='ocrx_word' id='word_1_253' title='bbox 840 2992 1016 3036; x_wconf 77' lang='lat' dir='ltr'><strong>musarum.</strong></span> <span class='ocrx_word' id='word_1_254' title='bbox 1062 2971 1170 3037; x_wconf 92' lang='lat' dir='ltr'><strong>Abeo</strong></span> 
     </span>
     <span class='ocr_line' id='line_1_33' title="bbox 122 3057 1170 3145; baseline 0.001 -23"><span class='ocrx_word' id='word_1_255' title='bbox 122 3078 254 3145; x_wconf 89' lang='lat' dir='ltr'><strong>quoque</strong></span> <span class='ocrx_word' id='word_1_256' title='bbox 279 3072 421 3145; x_wconf 87' lang='lat' dir='ltr'><strong>spretum</strong></span> <span class='ocrx_word' id='word_1_257' title='bbox 446 3058 583 3123; x_wconf 87' lang='lat' dir='ltr'><strong>consulis</strong></span> <span class='ocrx_word' id='word_1_258' title='bbox 608 3057 778 3145; x_wconf 89' lang='lat' dir='ltr'><strong>imperium</strong></span> <span class='ocrx_word' id='word_1_259' title='bbox 803 3070 871 3122; x_wconf 84' lang='lat' dir='ltr'><strong>est:</strong></span> <span class='ocrx_word' id='word_1_260' title='bbox 900 3070 935 3122; x_wconf 93' lang='lat' dir='ltr'><strong>et</strong></span> <span class='ocrx_word' id='word_1_261' title='bbox 961 3058 1170 3123; x_wconf 86' lang='lat' dir='ltr'><strong>circumfusus</strong></span> 
     </span>
     <span class='ocr_line' id='line_1_34' title="bbox 121 3142 1169 3232; baseline 0 -22"><span class='ocrx_word' id='word_1_262' title='bbox 121 3144 292 3222; x_wconf 80' lang='lat' dir='ltr'><strong>exercitus,</strong></span> <span class='ocrx_word' id='word_1_263' title='bbox 312 3144 420 3209; x_wconf 87' lang='lat' dir='ltr'><strong>favens</strong></span> <span class='ocrx_word' id='word_1_264' title='bbox 439 3145 664 3232; x_wconf 88' lang='lat' dir='ltr'><strong>imperatorum</strong></span> <span class='ocrx_word' id='word_1_265' title='bbox 685 3166 808 3221; x_wconf 87' lang='lat' dir='ltr'><strong>causae,</strong></span> <span class='ocrx_word' id='word_1_266' title='bbox 829 3157 862 3208; x_wconf 89' lang='lat' dir='ltr'><strong>et</strong></span> <span class='ocrx_word' id='word_1_267' title='bbox 883 3142 1005 3208; x_wconf 87' lang='lat' dir='ltr'><strong>consuli</strong></span> <span class='ocrx_word' id='word_1_268' title='bbox 1026 3144 1169 3223; x_wconf 79' lang='lat' dir='ltr'><strong>infestus,</strong></span> 
     </span>
     <span class='ocr_line' id='line_1_35' title="bbox 122 3229 1170 3319; baseline 0.002 -23"><span class='ocrx_word' id='word_1_269' title='bbox 122 3231 246 3296; x_wconf 82' lang='lat' dir='ltr'><strong>animos</strong></span> <span class='ocrx_word' id='word_1_270' title='bbox 268 3230 310 3296; x_wconf 88' lang='lat' dir='ltr'><strong>ad</strong></span> <span class='ocrx_word' id='word_1_271' title='bbox 338 3252 403 3295; x_wconf 92' lang='lat' dir='ltr'><strong>non</strong></span> <span class='ocrx_word' id='word_1_272' title='bbox 432 3232 608 3319; x_wconf 89' lang='lat' dir='ltr'><strong>parendum</strong></span> <span class='ocrx_word' id='word_1_273' title='bbox 638 3229 783 3296; x_wconf 82' lang='lat' dir='ltr'><strong>addebat.</strong></span> <span class='ocrx_word' id='word_1_274' title='bbox 828 3229 993 3296; x_wconf 89' lang='lat' dir='ltr'><strong>Postremo</strong></span> <span class='ocrx_word' id='word_1_275' title='bbox 1022 3231 1170 3319; x_wconf 81' lang='lat' dir='ltr'><strong>fatigatus</strong></span> 
     </span>
     <span class='ocr_line' id='line_1_36' title="bbox 121 3316 1170 3405; baseline 0 -23"><span class='ocrx_word' id='word_1_276' title='bbox 121 3318 234 3383; x_wconf 91' lang='lat' dir='ltr'><strong>consul</strong></span> <span class='ocrx_word' id='word_1_277' title='bbox 249 3330 283 3382; x_wconf 90' lang='lat' dir='ltr'><strong>et</strong></span> <span class='ocrx_word' id='word_1_278' title='bbox 297 3317 497 3383; x_wconf 89' lang='lat' dir='ltr'><strong>contumeliis</strong></span> <span class='ocrx_word' id='word_1_279' title='bbox 514 3317 719 3405; x_wconf 85' lang='lat' dir='ltr'><strong>singulorum,</strong></span> <span class='ocrx_word' id='word_1_280' title='bbox 736 3331 770 3382; x_wconf 92' lang='lat' dir='ltr'><strong>et</strong></span> <span class='ocrx_word' id='word_1_281' title='bbox 786 3316 999 3382; x_wconf 89' lang='lat' dir='ltr'><strong>multitudinis</strong></span> <span class='ocrx_word' id='word_1_282' title='bbox 1013 3316 1105 3402; x_wconf 90' lang='lat' dir='ltr'><strong>(nam</strong></span> <span class='ocrx_word' id='word_1_283' title='bbox 1120 3318 1170 3382; x_wconf 92' lang='lat' dir='ltr'><strong>in·</strong></span> 
     </span>
     <span class='ocr_line' id='line_1_37' title="bbox 120 3403 1170 3505; baseline -0.002 -35"><span class='ocrx_word' id='word_1_284' title='bbox 120 3426 219 3505; x_wconf 87' lang='lat' dir='ltr'><strong>super</strong></span> <span class='ocrx_word' id='word_1_285' title='bbox 233 3404 421 3486; x_wconf 87' lang='lat' dir='ltr'><strong>irridebant)</strong></span> <span class='ocrx_word' id='word_1_286' title='bbox 435 3403 588 3481; x_wconf 80' lang='lat' dir='ltr'><strong>ludibriis,</strong></span> <span class='ocrx_word' id='word_1_287' title='bbox 604 3406 683 3469; x_wconf 80' lang='lat' dir='ltr'><strong>n&#39;ave</strong></span> <span class='ocrx_word' id='word_1_288' title='bbox 696 3404 818 3482; x_wconf 86' lang='lat' dir='ltr'><strong>eadem,</strong></span> <span class='ocrx_word' id='word_1_289' title='bbox 831 3426 896 3491; x_wconf 85' lang='lat' dir='ltr'><strong>qua</strong></span> <span class='ocrx_word' id='word_1_290' title='bbox 909 3418 1048 3481; x_wconf 83' lang='lat' dir='ltr'><strong>venerat,</strong></span> <span class='ocrx_word' id='word_1_291' title='bbox 1064 3404 1170 3491; x_wconf 91' lang='lat' dir='ltr'><strong>Aqui·</strong></span> 
     </span>
     <span class='ocr_line' id='line_1_38' title="bbox 121 3488 1170 3579; baseline 0 -24"><span class='ocrx_word' id='word_1_292' title='bbox 121 3490 218 3557; x_wconf 88' lang='lat' dir='ltr'><strong>leram</strong></span> <span class='ocrx_word' id='word_1_293' title='bbox 239 3490 344 3556; x_wconf 89' lang='lat' dir='ltr'><strong>rediit.</strong></span> <span class='ocrx_word' id='word_1_294' title='bbox 389 3490 470 3555; x_wconf 91' lang='lat' dir='ltr'><strong>Inde</strong></span> <span class='ocrx_word' id='word_1_295' title='bbox 493 3488 632 3577; x_wconf 85' lang='lat' dir='ltr'><strong>collegae</strong></span> <span class='ocrx_word' id='word_1_296' title='bbox 648 3490 783 3579; x_wconf 87' lang='lat' dir='ltr'><strong>scripsit,</strong></span> <span class='ocrx_word' id='word_1_297' title='bbox 802 3503 839 3555; x_wconf 92' lang='lat' dir='ltr'><strong>ut</strong></span> <span class='ocrx_word' id='word_1_298' title='bbox 859 3489 996 3554; x_wconf 90' lang='lat' dir='ltr'><strong>militum</strong></span> <span class='ocrx_word' id='word_1_299' title='bbox 1015 3512 1170 3555; x_wconf 80' lang='lat' dir='ltr'><strong>novorum</strong></span> 
     </span>
     <span class='ocr_line' id='line_1_39' title="bbox 121 3574 1168 3677; baseline -0.002 -34"><span class='ocrx_word' id='word_1_300' title='bbox 121 3578 153 3643; x_wconf 92' lang='lat' dir='ltr'><strong>ei</strong></span> <span class='ocrx_word' id='word_1_301' title='bbox 168 3578 261 3666; x_wconf 88' lang='lat' dir='ltr'><strong>parti,</strong></span> <span class='ocrx_word' id='word_1_302' title='bbox 277 3600 359 3665; x_wconf 87' lang='lat' dir='ltr'><strong>quac</strong></span> <span class='ocrx_word' id='word_1_303' title='bbox 380 3578 495 3665; x_wconf 87' lang='lat' dir='ltr'><strong>scripte</strong></span> <span class='ocrx_word' id='word_1_304' title='bbox 508 3578 543 3641; x_wconf 91' lang='lat' dir='ltr'><strong>in</strong></span> <span class='ocrx_word' id='word_1_305' title='bbox 558 3576 682 3642; x_wconf 86' lang='lat' dir='ltr'><strong>Istriam</strong></span> <span class='ocrx_word' id='word_1_306' title='bbox 703 3576 897 3677; x_wconf 88' lang='lat' dir='ltr'><strong>provinciam</strong></span> <span class='ocrx_word' id='word_1_307' title='bbox 912 3588 1003 3652; x_wconf 86' lang='lat' dir='ltr'><strong>esset,</strong></span> <span class='ocrx_word' id='word_1_308' title='bbox 1019 3574 1168 3656; x_wconf 80' lang='lat' dir='ltr'><strong>ediceret,</strong></span> 
     </span>
     <span class='ocr_line' id='line_1_40' title="bbox 120 3662 1169 3751; baseline 0.001 -22"><span class='ocrx_word' id='word_1_309' title='bbox 120 3664 307 3751; x_wconf 84' lang='lat' dir='ltr'><strong>Aquileiam</strong></span> <span class='ocrx_word' id='word_1_310' title='bbox 323 3678 360 3729; x_wconf 89' lang='lat' dir='ltr'><strong>ut</strong></span> <span class='ocrx_word' id='word_1_311' title='bbox 374 3664 577 3745; x_wconf 80' lang='lat' dir='ltr'><strong>conveniret3</strong></span> <span class='ocrx_word' id='word_1_312' title='bbox 601 3686 642 3729; x_wconf 89' lang='lat' dir='ltr'><strong>ne</strong></span> <span class='ocrx_word' id='word_1_313' title='bbox 658 3663 738 3749; x_wconf 87' lang='lat' dir='ltr'><strong>qurd</strong></span> <span class='ocrx_word' id='word_1_314' title='bbox 757 3686 791 3727; x_wconf 90' lang='lat' dir='ltr'><strong>se</strong></span> <span class='ocrx_word' id='word_1_315' title='bbox 812 3662 935 3727; x_wconf 84' lang='lat' dir='ltr'><strong>Romae</strong></span> <span class='ocrx_word' id='word_1_316' title='bbox 956 3674 1088 3741; x_wconf 81' lang='lat' dir='ltr'><strong>teneret,</strong></span> <span class='ocrx_word' id='word_1_317' title='bbox 1103 3686 1169 3751; x_wconf 89' lang='lat' dir='ltr'><strong>quo</strong></span> 
     </span>
     <span class='ocr_line' id='line_1_41' title="bbox 120 3748 1169 3839; baseline 0.001 -24"><span class='ocrx_word' id='word_1_318' title='bbox 120 3752 238 3828; x_wconf 88' lang='lat' dir='ltr'><strong>minus,</strong></span> <span class='ocrx_word' id='word_1_319' title='bbox 257 3751 340 3816; x_wconf 86' lang='lat' dir='ltr'><strong>votis</strong></span> <span class='ocrx_word' id='word_1_320' title='bbox 359 3750 557 3839; x_wconf 89' lang='lat' dir='ltr'><strong>nuncupatis,</strong></span> <span class='ocrx_word' id='word_1_321' title='bbox 578 3750 747 3839; x_wconf 85' lang='lat' dir='ltr'><strong>paludatus</strong></span> <span class='ocrx_word' id='word_1_322' title='bbox 763 3750 804 3814; x_wconf 91' lang='lat' dir='ltr'><strong>ab</strong></span> <span class='ocrx_word' id='word_1_323' title='bbox 823 3748 901 3813; x_wconf 89' lang='lat' dir='ltr'><strong>urbe</strong></span> <span class='ocrx_word' id='word_1_324' title='bbox 921 3748 1032 3815; x_wconf 77' lang='lat' dir='ltr'><strong>exiret.</strong></span> <span class='ocrx_word' id='word_1_325' title='bbox 1078 3748 1169 3817; x_wconf 90' lang='lat' dir='ltr'><strong>Haec</strong></span> 
     </span>
     <span class='ocr_line' id='line_1_42' title="bbox 120 3835 1170 3924; baseline 0.001 -22"><span class='ocrx_word' id='word_1_326' title='bbox 120 3837 262 3924; x_wconf 82' lang='lat' dir='ltr'><strong>collegae</strong></span> <span class='ocrx_word' id='word_1_327' title='bbox 274 3838 485 3924; x_wconf 87' lang='lat' dir='ltr'><strong>obsequenter</strong></span> <span class='ocrx_word' id='word_1_328' title='bbox 499 3838 590 3913; x_wconf 80' lang='lat' dir='ltr'><strong>lacte,</strong></span> <span class='ocrx_word' id='word_1_329' title='bbox 603 3838 769 3923; x_wconf 86' lang='lat' dir='ltr'><strong>brevisque</strong></span> <span class='ocrx_word' id='word_1_330' title='bbox 781 3835 850 3901; x_wconf 91' lang='lat' dir='ltr'><strong>dies</strong></span> <span class='ocrx_word' id='word_1_331' title='bbox 862 3835 904 3900; x_wconf 88' lang='lat' dir='ltr'><strong>ad</strong></span> <span class='ocrx_word' id='word_1_332' title='bbox 913 3836 1170 3903; x_wconf 86' lang='lat' dir='ltr'><strong>conveniendum</strong></span> 
     </span>
     <span class='ocr_line' id='line_1_43' title="bbox 119 3922 1167 4013; baseline -0.001 -23"><span class='ocrx_word' id='word_1_333' title='bbox 119 3924 228 3990; x_wconf 78' lang='lat' dir='ltr'><strong>edicta</strong></span> <span class='ocrx_word' id='word_1_334' title='bbox 256 3937 313 3989; x_wconf 86' lang='lat' dir='ltr'><strong>est.</strong></span> <span class='ocrx_word' id='word_1_335' title='bbox 359 3923 516 3989; x_wconf 85' lang='lat' dir='ltr'><strong>Claudius</strong></span> <span class='ocrx_word' id='word_1_336' title='bbox 544 3946 643 4013; x_wconf 91' lang='lat' dir='ltr'><strong>prope</strong></span> <span class='ocrx_word' id='word_1_337' title='bbox 669 3936 857 3988; x_wconf 87' lang='lat' dir='ltr'><strong>consecutus</strong></span> <span class='ocrx_word' id='word_1_338' title='bbox 882 3936 932 3988; x_wconf 90' lang='lat' dir='ltr'><strong>est</strong></span> <span class='ocrx_word' id='word_1_339' title='bbox 956 3922 1062 3989; x_wconf 88' lang='lat' dir='ltr'><strong>literas</strong></span> <span class='ocrx_word' id='word_1_340' title='bbox 1086 3946 1167 3989; x_wconf 85' lang='lat' dir='ltr'><strong>suas.</strong></span> 
     </span>
    </p>
   </div>
   <div class='ocr_carea' id='block_1_6' title="bbox 121 4134 1170 4459">
    <p class='ocr_par' dir='ltr' id='par_1_7' title="bbox 121 4134 1170 4453">
     <span class='ocr_line' id='line_1_44' title="bbox 152 4134 1169 4200; baseline 0 -14"><span class='ocrx_word' id='word_1_341' title='bbox 152 4138 330 4197; x_wconf 77' lang='lat' dir='ltr'><strong>rPelndatas]</strong></span> <span class='ocrx_word' id='word_1_342' title='bbox 346 4136 629 4186; x_wconf 83' lang='lat' dir='ltr'><strong>Paludamentumchla-</strong></span> <span class='ocrx_word' id='word_1_343' title='bbox 662 4138 704 4199; x_wconf 90' lang='lat' dir='ltr'><strong>qui</strong></span> <span class='ocrx_word' id='word_1_344' title='bbox 718 4152 763 4200; x_wconf 89' lang='lat' dir='ltr'><strong>pro</strong></span> <span class='ocrx_word' id='word_1_345' title='bbox 777 4142 905 4199; x_wconf 74' lang='lat' dir='ltr'><strong>quaestore</strong></span> <span class='ocrx_word' id='word_1_346' title='bbox 919 4134 1009 4184; x_wconf 81' lang='lat' dir='ltr'><strong>Manlii</strong></span> <span class='ocrx_word' id='word_1_347' title='bbox 1024 4143 1084 4196; x_wconf 83' lang='lat' dir='ltr'><strong>erat,</strong></span> <span class='ocrx_word' id='word_1_348' title='bbox 1099 4143 1125 4186; x_wconf 84' lang='lat' dir='ltr'><strong>et</strong></span> <span class='ocrx_word' id='word_1_349' title='bbox 1140 4138 1169 4186; x_wconf 90' lang='lat' dir='ltr'><strong>il-</strong></span> 
     </span>
     <span class='ocr_line' id='line_1_45' title="bbox 121 4200 1170 4275; baseline 0.001 -26"><span class='ocrx_word' id='word_1_350' title='bbox 121 4216 179 4263; x_wconf 79' lang='lat' dir='ltr'><strong>myr</strong></span> <span class='ocrx_word' id='word_1_351' title='bbox 192 4201 349 4275; x_wconf 78' lang='lat' dir='ltr'><strong>imperatoria</strong></span> <span class='ocrx_word' id='word_1_352' title='bbox 361 4207 508 4263; x_wconf 78' lang='lat' dir='ltr'><strong>emt,quam</strong></span> <span class='ocrx_word' id='word_1_353' title='bbox 523 4200 630 4262; x_wconf 85' lang='lat' dir='ltr'><strong>proficis·</strong></span> <span class='ocrx_word' id='word_1_354' title='bbox 663 4202 716 4249; x_wconf 92' lang='lat' dir='ltr'><strong>lum</strong></span> <span class='ocrx_word' id='word_1_355' title='bbox 736 4206 836 4249; x_wconf 85' lang='lat' dir='ltr'><strong>catenas</strong></span> <span class='ocrx_word' id='word_1_356' title='bbox 854 4200 974 4263; x_wconf 83' lang='lat' dir='ltr'><strong>poposcit.</strong></span> <span class='ocrx_word' id='word_1_357' title='bbox 1007 4200 1059 4275; x_wconf 59' lang='lat' dir='ltr'><strong>§lui</strong></span> <span class='ocrx_word' id='word_1_358' title='bbox 1079 4201 1170 4250; x_wconf 83' lang='lat' dir='ltr'><strong>Manlii</strong></span> 
     </span>
     <span class='ocr_line' id='line_1_46' title="bbox 122 4264 1169 4328; baseline -0.001 -15"><span class='ocrx_word' id='word_1_359' title='bbox 122 4270 206 4314; x_wconf 82' lang='lat' dir='ltr'><strong>cantes</strong></span> <span class='ocrx_word' id='word_1_360' title='bbox 215 4280 242 4315; x_wconf 85' lang='grc' dir='ltr'><strong>ιιι</strong></span> <span class='ocrx_word' id='word_1_361' title='bbox 252 4266 346 4315; x_wconf 89' lang='lat' dir='ltr'><strong>bellum</strong></span> <span class='ocrx_word' id='word_1_362' title='bbox 357 4266 433 4313; x_wconf 84' lang='lat' dir='ltr'><strong>duces</strong></span> <span class='ocrx_word' id='word_1_363' title='bbox 443 4264 489 4327; x_wconf 85' lang='lat' dir='ltr'><strong>ipsi</strong></span> <span class='ocrx_word' id='word_1_364' title='bbox 499 4265 623 4327; x_wconf 79' lang='lat' dir='ltr'><strong>gerebant.</strong></span> <span class='ocrx_word' id='word_1_365' title='bbox 663 4264 769 4314; x_wconf 86' lang='lat' dir='ltr'><strong>consulis</strong></span> <span class='ocrx_word' id='word_1_366' title='bbox 777 4272 890 4328; x_wconf 82' lang='lat' dir='ltr'><strong>quaestor</strong></span> <span class='ocrx_word' id='word_1_367' title='bbox 899 4264 988 4323; x_wconf 79' lang='lat' dir='ltr'><strong>fueret,</strong></span> <span class='ocrx_word' id='word_1_368' title='bbox 995 4266 1105 4313; x_wconf 69' lang='lat' dir='ltr'><strong>eusdem</strong></span> <span class='ocrx_word' id='word_1_369' title='bbox 1114 4280 1169 4327; x_wconf 88' lang='lat' dir='ltr'><strong>pro-</strong></span> 
     </span>
     <span class='ocr_line' id='line_1_47' title="bbox 121 4328 1129 4453; baseline -0.004 -74"><span class='ocrx_word' id='word_1_370' title='bbox 121 4330 630 4453; x_wconf 46' lang='lat' dir='ltr'><strong>“q‘l&#39;qulprqqpopsrorsptonb&#39;i</strong></span> <span class='ocrx_word' id='word_1_371' title='bbox 663 4329 770 4379; x_wconf 87' lang='lat' dir='ltr'><strong>consulis</strong></span> <span class='ocrx_word' id='word_1_372' title='bbox 780 4344 826 4393; x_wconf 88' lang='lat' dir='ltr'><strong>pro</strong></span> <span class='ocrx_word' id='word_1_373' title='bbox 834 4332 962 4391; x_wconf 83' lang='lat' dir='ltr'><strong>quaestore</strong></span> <span class='ocrx_word' id='word_1_374' title='bbox 972 4333 1032 4379; x_wconf 82' lang='lat' dir='ltr'><strong>eret.</strong></span> <span class='ocrx_word' id='word_1_375' title='bbox 1049 4328 1129 4377; x_wconf 76' lang='lat' dir='ltr'><strong>Oarv.</strong></span> 
     </span>
    </p>

    <p class='ocr_par' dir='ltr' id='par_1_8' title="bbox 179 4408 630 4459">
     <span class='ocr_line' id='line_1_48' title="bbox 179 4408 630 4459; baseline -0.004 -16"><span class='ocrx_word' id='word_1_376' title='bbox 179 4410 211 4451; x_wconf 82' lang='grc' dir='ltr'><strong>,ο</strong></span> <span class='ocrx_word' id='word_1_377' title='bbox 306 4408 405 4458; x_wconf 74' lang='lat' dir='ltr'><strong>popam</strong></span> <span class='ocrx_word' id='word_1_378' title='bbox 473 4408 630 4459; x_wconf 64' lang='lat' dir='ltr'><strong>ocaneum,</strong></span> 
     </span>
    </p>
   </div>
   <div class='ocr_carea' id='block_1_7' title="bbox 0 0 1472 4800">
    <p class='ocr_par' dir='ltr' id='par_1_9' title="bbox 0 0 1472 4800">
     <span class='ocr_line' id='line_1_49' title="bbox 0 0 1472 4800; baseline 0 0"><span class='ocrx_word' id='word_1_379' title='bbox 0 0 1472 4800; x_wconf 95' lang='lat' dir='ltr'><strong> </strong></span> 
     </span>
    </p>
   </div>
  </div>
 </body>
</html>
