2934 4800
368 256 409 316 ss
728 245 863 332 ¹r1rr
889 245 1027 314 lell
1090 243 1101 266 ⁷

215 389 583 462 U·0·581.iumentorum
600 386 831 473 hominumque
851 390 991 448 moratus
1009 381 1089 459 dies,
1103 377 1206 467 quum
1225 378 1377 445 audiret
1391 398 1455 439 aa}

214 464 246 512 A.
262 462 293 512 ⁰·
309 475 438 562 ¹⁷¹·gari
453 471 645 538 Macedonas
656 473 771 538 effusos
781 494 840 559 per
853 470 1058 546 Thessaliam,
1069 467 1254 616 vastarique
1267 465 1436 542 sociorum
1454 476 1455 545 ξ

372 583 472 648 agros,
484 560 557 625 satis
572 561 634 624 iam
645 559 797 624 refectum
812 557 944 622 militem
955 556 997 621 ad
1011 555 1167 620 Larissam
1203 549 1436 622 ociter-Inde,
1454 560 1456 584 ¹

374 670 473 735 quum
489 647 549 711 tria
568 645 666 710 millia
680 647 778 710 ferme
793 646 915 709 abesset
934 666 953 707 a
971 641 1105 729 Tripoli,
1121 639 1284 725 (Scaeam
1304 635 1434 715 vocanti
1454 622 1456 697 l

218 742 337 791 Eumenis
374 756 469 820 super
493 732 637 798 Peneum
661 755 787 797 amnem
810 731 916 819 posuit
938 744 1046 794 castra.
1091 726 1156 791 Per
1180 726 1278 790 idem
1308 700 1456 811 teinpus}

216 807 342 858 ‘dmm‘
376 819 536 885 Eumenes
550 819 591 884 ad
608 818 795 883 Chalcidem
814 818 946 882 navibus
960 815 1089 885 necessit
1104 837 1177 880 cum
1192 812 1327 876 Attalo
1343 809 1433 896 a'tque
1454 814 1455 817 ’

375 907 544 972 Athenaeo
570 905 724 982 fratribus,
747 904 927 969 Philetaero
952 901 1045 966 fratre
1069 900 1179 966 relicto
1203 899 1380 998 Pergami
1400 895 1432 958 ad

375 993 507 1058 tutelam
522 1015 555 1057 re
602 993 620 1056 ’.
666 991 748 1055 lnde
771 1013 843 1056 cum
861 989 970 1054 Attalo
987 1001 1183 1075 etquattuor
1201 985 1368 1050 millibus
1386 1006 1434 1069 pe-

374 1080 487 1157 ditum,
504 1080 547 1143 mi
571 1102 622 1144 ee
646 1079 759 1156 uitem,
771 1077 812 1142 ed
823 1076 985 1142 consrdem
998 1075 1094 1139 venit
1141 1071 1315 1137 Chalcide
1327 1070 1432 1136 retica

218 1173 354 1248 sliaauxi-
375 1165 440 1231 duo
465 1165 564 1231 millia
589 1101 743 1254 peditum,
768 1164 883 1252 quibus
908 1162 1095 1227 Athenaeus
1121 1159 1351 1246 praepositus.
1397 1155 1431 1218 Et

212 1237 259 1286 ω
374 1252 436 1318 alia
450 1253 564 1317 eodem
578 1251 696 1316 auxilia
716 1250 870 1316 Romanis
884 1272 924 1314 ex
942 1249 1088 1313 omnibus
1102 1245 1250 1333 undique
1270 1243 1429 1309 Graeciae

375 1339 499 1440 populis
519 1351 745 1414 convenerunt,
761 1359 895 1424 quorum
937 1334 1065 1421 leraque
1084 1332 1180 1421 (adeo
1197 1355 1310 1418 parva
1331 1330 1429 1412 erant)

375 1449 410 1489 1n
438 1425 629 1496 oblivionem
658 1423 804 1489 adducta.
848 1358 1071 1510 Apolloniatae
1100 1433 1263 1484 trecentos
1293 1419 1426 1504 equitet,

374 1525 504 1577 centum
527 1512 649 1598 pedites
675 1511 838 1574 miserunt.
883 1507 1073 1574 Aetolorum
1097 1504 1165 1570 alae
1188 1505 1295 1570 unius
1325 1505 1439 1572 instar..

375 1613 531 1684 quantum
550 1599 590 1664 ab
610 1611 677 1662 tota
694 1612 789 1683 gente
810 1597 955 1683 equitum
973 1604 1240 1671 emarcuerant:
1267 1605 1310 1656 et
1333 1590 1427 1654 Thes-

375 1683 510 1749 salorum
533 1683 650 1771 (omnis
676 1683 835 1768 equitatus
857 1695 1016 1768 separante
1037 1678 1120 1766 erat)
1140 1701 1205 1742 non
1229 1677 1314 1764 plus
1338 1699 1439 1764 quana

376 1771 509 1834 trecenti
528 1784 617 1834 erant
631 1769 755 1854 equites
768 1769 808 1832 »in
827 1769 935 1833 castris
955 1767 1117 1831 Romania
1162 1763 1298 1828 Achaei
1321 1765 1426 1827 iuvere

376 1856 453 2006 liniis
478 1878 563 1932 suae,
589 1853 717 1920 Cretico
743 1856 879 1919 maxime
901 1868 1033 1931 armatu,
1055 1852 1096 1917 ad
1118 1850 1204 1914 mille
1226 1852 1425 1938 quingentos

399 1964 415 2005 e
440 1955 541 2006 erunt.

263 2029 315 2090 56.
422 2028 488 2093 Sub
510 2029 596 2092 idem
620 2041 744 2116 tempus
761 2042 794 2092 ct
813 2026 852 2093 C.
866 2028 1035 2092 Lucretius
1053 2041 1187 2127 praetor,
1206 2024 1267 2112 qui
1291 2025 1424 2088 navibus

220 2111 347 2186 Lucretius
376 2128 519 2200 praeerat
540 2114 581 2178 ad
605 2113 652 2180 Ce
677 2115 854 2193 halleniam,
876 2113 924 2178 M
937 2114 1087 2178 Lucretio
1107 2113 1203 2176 fratre
1225 2133 1308 2174 cum
1334 2111 1424 2174 classe

218 2176 295 2292 {w
304 2177 366 2227 ΒΨ
376 2223 470 2288 super
485 2200 625 2265 Maleam
641 2139 828 2265 Chalcidem
849 2202 932 2265 iusso
946 2214 1063 2287 petere,
1079 2198 1146 2285 ipse
1166 2199 1341 2262 triremem
1357 2218 1438 2263 cont

376 2288 508 2366 scandit,
532 2288 635 2352 sinum
660 2287 863 2351 Corinthium
876 2300 999 2387 ‘petens
1020 2286 1061 2350 ad
1083 2284 1374 2372 praeoccupandas
1396 2283 1424 2344 in

375 2373 509 2439 Boeotia
523 2396 580 2439 res
626 2373 763 2439 Tardior
772 2374 802 2438 ei
814 2374 971 2525 naqqatio
977 2385 1111 2524 propter
1121 2371 1351 2435 infirmitatem
1363 2391 1424 2434 cor·

398 2463 460 2526 oris
480 2462 549 2526 fuit.
595 2460 643 2525 M.
661 2459 838 2537 Lucretius,
917 2460 977 2525 alei
1000 2483 1052 2525 em
1073 2459 1256 2535 adveniens
1280 2479 1424 2544 quuma

374 2485 411 2611 P.
424 2547 562 2613 Lentulo
579 2546 758 2612 Haliartum
770 2547 945 2634 oppugnari
960 2546 1106 2623 audisset,
1121 2545 1284 2621 nuntium,
1325 2558 1423 2607 raeto-

375 2636 417 2698 ris
432 2635 543 2712 verbis,
559 2634 616 2721 qni
630 2625 797 2699 abscedere
812 2656 886 2698 eurn
901 2633 977 2697 inde
992 2633 1124 2722 iuberet,
1139 2631 1233 2696 misit.
1282 2566 1422 2695 Ipoew

357 2741 445 2783 ¹rum
463 2722 637 2797 iuventute,
657 2743 739 2806 quae
761 2742 832 2806 pars
854 2742 927 2784 cum
950 2719 1103 2784 Romanis
1125 2719 1236 2795 stabat,
1258 2740 1337 2780 eam
1360 2738 1422 2779 rcrn

376 2828 537 2904 aggressus
551 2805 681 2887 legatus,
697 2829 715 2870 a
733 2806 898 2870 moenibus
912 2806 1067 2869 abscessit
1114 2802 1205 2868 Haec
1219 2803 1329 2867 solnta
1344 2803 1422 2867 obsi·

376 2890 430 2955 dro
444 2890 549 2955 locum
564 2890 653 2955 alteri
667 2914 768 2956 novae
780 2891 935 2956 obsidioni
951 2892 1048 2956 dedit
1094 2890 1245 2975 Namque
1258 2889 1420 2975 extemplo
1454 2938 1456 2943 .

377 2973 424 3040 M.
438 2976 605 3042 Lucretius
619 2999 692 3041 cum
710 2978 853 3041 exercitu
867 2977 979 3054 navali,
996 2977 1107 3041 decem
1127 2975 1268 3040 millibus
1286 2993 1421 3039 armam-
1454 2950 1456 3047 l

375 3084 456 3140 rum,
472 3064 514 3127 ad
532 3064 593 3128 hoc
611 3063 735 3127 duobus
754 3063 892 3128 millibus
908 3064 1076 3150 regiorum,
1092 3064 1148 3149 qui
1167 3064 1228 3126 sub
1248 3062 1419 3126 Athenaeo
1454 3078 1456 3135 ξ

376 3162 474 3226 erant,
501 3148 678 3213 Haliartum
705 3150 921 3214 circumsedit:
952 3150 1198 3238 parantibusque
1224 3149 1290 3213 iam
1321 3172 1419 3236 oppu·
1454 3142 1456 3204 l

375 3257 482 3321 gnaro,
498 3235 678 3321 supervenit
692 3258 711 3299 a
727 3234 849 3299 Creusa
862 3251 994 3323 praetor.
1040 3237 1096 3300 Ad
1110 3236 1197 3299 idern
1212 3235 1280 3300 fere
1296 3249 1418 3322 tempus

376 3335 408 3386 et
423 3322 461 3385 ab
481 3321 572 3386 sociis
592 3343 687 3384 naves
709 3320 896 3385 Chalcidem
915 3336 1150 3386 convenerunt:
1173 3322 1257 3386 duae
1278 3321 1418 3386 Punicae

374 3407 629 3495 quinqueremes,
645 3407 726 3471 duae
747 3408 786 3471 ab
806 3405 963 3472 Heraclea
976 3431 1025 3472 ex·
1037 3408 1142 3472 Ponto
1156 3409 1315 3486 triremes,
1332 3422 1418 3495 qnat-

374 3508 447 3558 tuor
472 3494 687 3569 Chalcedone,
713 3492 846 3557 totidem
875 3494 979 3571 Samo,
1005 3509 1075 3559 tum
1098 3494 1244 3581 quinque
1272 3494 1417 3559 Rhodiae

374 3580 597 3665 quadriremes
644 3578 713 3643 Has
727 3598 862 3665 praetor,
878 3581 954 3666 quia
970 3603 1126 3666 nusquam
1142 3596 1211 3645 erat
1225 3581 1417 3646 maritimum

373 3665 501 3745 bellum,
519 3667 639 3749 remisit
657 3666 757 3730 sociis
804 3664 847 3729 Et
864 3666 904 3741 Q,
918 3666 1059 3731 Marcius
1076 3665 1267 3731 Chalcidem
1288 3669 1416 3732 naribus
1454 3705 1456 3724 ι

372 3752 476 3900 venitq
490 3754 593 3840 Alope
613 3766 714 3840 capta,
734 3751 867 3829 Larissa,
886 3775 967 3839 quae
985 3751 1148 3818 Cremaste
1168 3752 1301 3834 dicitnr,
1319 3776 1416 3842 oppu-
1454 3749 1455 3802 l

372 3858 436 3922 gne

407 4084 418 4118 1
436 4074 499 4122 Alae
509 4074 585 4134 ardua
594 4076 685 4133 irater]
707 4074 748 4123 Ex
759 4073 782 4122 ri
794 4076 875 4122 verbo-
906 4090 948 4125 sus
963 4076 995 4124 ad
1006 4076 1084 4125 varias
1094 4076 1199 4138 regionis
1211 4084 1297 4139 partas
1310 4080 1414 4127 tuendas.

372 4149 436 4192 rum,
446 4136 525 4197 imago
536 4151 565 4184 ao
575 4136 667 4197 species
678 4138 750 4186 unius
762 4137 831 4186 alae:
849 4138 876 4186 id
907 4140 1023 4187 Ceterum
1033 4148 1147 4201 speram
1158 4156 1190 4188 ex
1202 4142 1348 4191 coniectura
1359 4142 1414 4190 Dra·

371 4202 417 4253 est,
429 4214 477 4245 una
487 4200 663 4261 propemodum
674 4202 720 4249 ala.
746 4203 796 4249 Ala
806 4203 874 4263 apud
905 4202 1048 4251 kenborchii
1058 4204 1168 4265 reposuit
1178 4204 1292 4262 Bekker.

371 4260 497 4310 Romanos
508 4265 753 4313 trecentorumferme
764 4265 874 4327 equitnm
937 4280 951 4326 3
967 4268 1049 4329 Super
1063 4269 1189 4329 Maleam]
1220 4270 1347 4334 Superato
1366 4272 1413 4321 raa
1454 4311 1455 4324 2

369 4330 429 4375 arat.
445 4326 527 4374 (ἷκεν.
905 4331 959 4380 leae
968 4330 1141 4393 promontorio.
1454 4329 1456 4372 l

404 4402 417 4438 a
432 4389 566 4453 Separatur
575 4387 654 4455 erat)]
669 4391 727 4441 Huc
737 4392 798 4445 illuc
808 4408 874 4457 spar-
1454 4375 1455 4466 l

1454 4487 1455 4516 l

1454 4621 1455 4646 l
