2934 4800
252 259 949 334 M.tuuscu11²'rouumr.1vl1.
1063 272 1128 331 433

32 400 122 463 eius
142 423 228 488 cap.
246 402 431 467 XXXVll.
449 410 475 486 ς.
493 408 522 467 3.
547 403 650 467 verbis
668 427 731 503 per
751 408 857 470 omnic
869 407 955 491 sora
976 406 1128 469 concilio·

32 488 217 573 buhque
228 491 410 563 edixerunt,
423 490 589 575 sequentia
601 502 737 575 ascripta
748 491 876 555 inveni:
894 490 1016 555 ‘Periit
1031 490 1126 553 buius

34 582 46 611 ‘
61 574 166 639 XL.
192 572 265 637 libri
280 574 362 652 finis,
378 575 648 661 quemadmodum
665 588 696 639 et
712 577 809 641 ceteri
825 600 935 641 omnes
950 590 1022 664 post
1039 575 1126 640 hunc

35 658 224 724 ‘librum
275 660 387 726 Fiebat
412 678 518 727 autem
544 662 578 725 in
605 662 665 726 hoc
692 662 756 727 fine
782 678 852 750 post
878 663 1034 750 quaedam
1065 661 1127 727 alia

35 754 46 783 ‘
63 748 222 811 mentio
236 746 277 811 de
292 746 442 836 Philippo
457 770 542 835 rege,
555 750 611 835 qui
627 749 825 835 aegritudine
840 750 938 814 animi
952 751 1125 826 conlectus,

35 841 49 869 ‘
63 834 186 919 quod
204 833 405 898 Demetrium
421 834 533 911 lilium,
548 834 633 899 falsis
648 835 758 899 Persei
777 836 904 901 alterius
919 836 976 901 filii
996 836 1029 899 in
1050 858 1126 899 eum

37 920 312 985 ‘delationibus
334 920 497 1008 impulsus,
514 943 638 987 veneno
660 922 844 1000 sustulisset,
865 946 938 988 cum
958 922 1000 986 de
1022 944 1127 1010 poena

39 1005 211 1071 ‘Persei
239 1008 401 1094 cogitaret,
434 1008 592 1095 velletque
620 1010 820 1095 Antigonum
852 1012 958 1096 potius
987 1008 1125 1073 amicum

41 1102 193 1158 ‘suum
217 1095 305 1180 regni
328 1116 538 1159 successorem
561 1094 751 1195 relinquere,
767 1109 875 1183 raptus
896 1118 915 1161 e
938 1096 1044 1159 medio
1065 1108 1124 1160 est.

42 1180 235 1245 ‘Perseus
271 1203 346 1245 vero
382 1202 515 1267 regnum
552 1197 690 1269 excepit.
750 1180 814 1247 llic
851 1182 948 1245 finem
985 1180 1125 1246 Decadis

43 1275 55 1304 ‘
99 1282 241 1343 uastae,
261 1266 296 1331 id
319 1279 367 1331 est
390 1267 461 1331 libri
487 1268 561 1333 XL.
584 1269 624 1333 ab
648 1270 725 1333 urbe
750 1268 879 1333 condita
903 1268 1063 1333 Historiae
1084 1266 1125 1331 Τ.

44 1290 184 1417 ‘lxvii
201 1354 346 1419 Patavini
366 1367 439 1419 ante
458 1356 562 1441 operis
581 1356 650 1419 eius
669 1354 869 1443 naufragium
883 1356 990 1432 fuisse,
1009 1353 1126 1419 Guini-

47 1448 59 1479 ‘
72 1440 189 1505 fortis
203 1440 336 1506 invenit.
382 1440 456 1505 Deo
470 1443 585 1528 gratias
600 1442 714 1506 amen!

101 1526 159 1592 V.
188 1526 407 1592 Lovnmsxus
431 1528 582 1592 Tnnrrus
605 1540 654 1591 est
676 1527 780 1593 codex
805 1528 940 1615 scriptus
964 1528 998 1591 in
1025 1548 1126 1591 mem·

50 1614 195 1690 brania,
221 1614 322 1678 forms
350 1614 471 1692 maiori,
497 1614 613 1691 seculo,
644 1626 680 1679 ut
708 1614 844 1691 videtur,
871 1614 923 1678 vel
951 1616 1047 1678 tertio
1075 1612 1124 1676 vel

52 1700 325 1785 quartodecimo.
369 1700 433 1765 Sed
447 1716 515 1765 erat
529 1700 667 1766 mutilus.
709 1701 876 1775 Quaedam
892 1702 978 1765 enim
993 1700 1126 1765 deirant

56 1788 106 1849 ab
121 1786 233 1863 initio,
244 1800 277 1851 ct
287 1786 417 1851 demum
428 1787 601 1873 incipiebat
612 1787 681 1851 libr.
690 1789 813 1853 XXXl
818 1790 842 1853 l.
854 1810 921 1875 cap.
932 1788 997 1852 Vll
1002 1788 1024 1851 l.
1036 1794 1062 1870 ς.
1077 1792 1125 1851 ll.

55 1872 98 1935 in
128 1873 266 1937 vocibus
290 1874 356 1960 ipsi
375 1876 588 1961 praesidium.
637 1873 804 1949 Quaedam
829 1875 925 1939 etiam
951 1874 1083 1937 debrant
1109 1896 1128 1937 a

57 1958 148 2023 fine.
199 1958 285 2023 Nam
305 1958 422 2024 desinit
441 1958 494 2024 lib.
517 1961 591 2025 XL.
616 1982 682 2047 cap.
703 1962 852 2026 XXVll.
870 1968 895 2044 ξ.
914 1964 942 2027 7.
967 1962 1002 2023 in
1022 1960 1126 2023 verbis

59 2069 208 2110 manera
221 2048 311 2111 iussi.

114 2132 185 2196 Vl.
209 2132 429 2197 Lovsnmrsus
456 2131 623 2208 Quassus
652 2132 755 2197 codex
784 2146 832 2197 est
857 2134 1125 2209 membranaceis,

62 2216 180 2282 forma
208 2219 329 2295 maiori,
359 2218 547 2305 plerumque
580 2220 782 2284 consentiens
812 2218 985 2284 Loveliano
1012 2220 1124 2306 primo.

67 2302 242 2391 Scriptum
257 2328 324 2369 esse
340 2305 446 2369 seculo
462 2306 705 2391 quintodecimo
715 2306 857 2383 ineunte,
872 2306 952 2371 haec
969 2305 1011 2370 ad
1028 2306 1127 2369 tincm

66 2391 145 2455 eius
169 2391 292 2457 adiecta
313 2392 410 2456 verba
431 2405 605 2458 testantur:
638 2394 831 2458 Geriardus
853 2394 1017 2479 Magistri
1039 2394 1127 2457 Loa-

56 2479 213 2562 sranchi
227 2483 267 2544 de
282 2480 432 2544 Bononia
447 2481 582 2565 scripsit
597 2480 643 2542 M
643 2480 768 2543 CCCC
773 2480 889 2543 VIIII.

118 2565 202 2630 Vll.
226 2563 447 2629 Iovnnrsxus
473 2564 630 2639 Qumrus
653 2581 701 2629 est
724 2565 821 2628 etiam
844 2564 947 2628 codex
971 2564 1127 2627 membra·

68 2673 206 2728 naceus,
221 2651 322 2716 forma
336 2652 464 2728 maiore,
481 2665 555 2716 nata
569 2650 632 2714 iam
647 2664 714 2715 arte
730 2663 864 2738 typogm
885 2650 958 2714 hica
971 2662 1125 2714 exaratus.

71 2738 132 2804 Ad
148 2738 269 2803 calcem
284 2738 370 2803 enim
384 2737 456 2802 libri
471 2738 606 2825 ascripta
623 2751 698 2800 sunt
712 2737 791 2801 haec
806 2673 920 2802 verba:
944 2738 1049 2801 Finis.
1059 2759 1126 2822 pro

70 2827 343 2892 reverendissimo
354 2827 495 2889 Domino
506 2826 678 2890 Cardinoli
694 2825 1127 2889 TheanensiFrunciscus-dc

77 2913 199 2976 Tronis
219 2912 429 2976 Pistoriensis
443 2913 576 2996 scripsit
595 2933 677 2974 anco
694 2911 829 2975 Domini
845 2912 889 2976 M
891 2910 1125 2975 CCCCLXX.

75 2996 244 3061 Convenit
272 2995 461 3083 plerumque
490 3018 563 3060 cum
598 2995 773 3061 Loveliano
803 2998 953 3073 secundo,
970 3010 1017 3060 ,εἰ
1051 3018 1125 3059 cum

73 3081 273 3147 editionibus
282 3082 494 3170 principibus;
511 3081 554 3145 im
579 3082 665 3145 rimis
675 3097 780 3146 autem
792 3105 866 3146 cum
876 3083 1016 3147 editione
1029 3081 1126 3147 Cam·

73 3171 163 3257 pani,
179 3191 262 3256 quae
277 3191 319 3234 ex
333 3168 426 3234 simili
442 3105 616 3256 exemplari
633 3169 717 3256 typis
731 3167 833 3232 deseri
857 3181 889 3232 ta
906 3190 974 3232 csse
989 3169 1124 3240 ridetur.

118 3257 220 3322 Vlll.
244 3255 464 3321 Lovnumxus
482 3254 613 3320 Sux‘rus
631 3270 679 3318 est
696 3254 799 3319 codex
819 3191 1011 3332 cbartaceus,
1026 3254 1128 3318 forms

75 3343 200 3420 maiori,
216 3365 253 3407 ac
271 3343 370 3407 ferme
390 3364 463 3407 cum
485 3343 595 3406 codice
611 3337 777 3418 Vossiano,
792 3340 834 3405 de
852 3363 917 3428 quo
940 3361 1015 3404 mox
1036 3363 1124 3404 num.

76 3432 140 3496 Xl.
158 3450 260 3516 agam,
276 3429 446 3494 convenire
460 3428 548 3493 solet.

121 3517 185 3581 lX.
210 3515 422 3580 Mnxursuus
458 3515 589 3579 Pmuus
625 3525 673 3578 est
709 3513 812 3578 codex
842 3512 913 3576 Viri
952 3512 1127 3577 Clarissimi

77 3603 234 3668 Richardi
250 3602 359 3680 Mead,
375 3601 573 3668 celeberrimi
587 3600 673 3688 apud
691 3601 914 3665 Londinenses
927 3600 1054 3677 medici,
1069 3601 1127 3685 qui

76 3689 203 3776 scriptis
224 3702 259 3753 et
279 3689 373 3754 editis
395 3688 488 3753 variis
509 3687 596 3752 libris
619 3687 743 3773 insigne
766 3687 800 3751 in
822 3688 897 3751 orbe
919 3685 1046 3750 erudito
1067 3685 1127 3750 sibi

76 3795 197 3841 nomen
212 3777 341 3864 paravit.
378 3773 457 3839 Eius
471 3773 572 3839 codex
588 3773 650 3852 hic,
666 3775 722 3860 qui
737 3773 772 3836 in
786 3793 979 3860 pergameno
993 3773 1127 3859 scriptus

77 3861 384 3950 quadringentorum
409 3861 581 3926 admodum
606 3883 762 3925 annorum
792 3883 858 3924 esse
888 3859 1015 3936 dicitur,
1041 3881 1128 3924 com·

100 3949 229 4014 lectitur
254 3947 398 4035 primam,
424 3947 557 4024 tertiam,
582 3959 615 4012 et
664 3963 786 4012 [sartam
812 3945 947 4010 decadas
975 3946 1128 4010 librorum

9 4089 10 4112 ,
77 3973 176 4112 livii,
190 4047 224 4098 et
243 4035 276 4098 in
298 4035 455 4122 principio
475 4034 627 4119 cuiusque
641 3971 718 4098 libri
739 4055 798 4109 res,
814 4055 897 4119 quae
915 4033 948 4096 in
963 4031 1032 4119 ipso
1046 4031 1128 4097 libro

9 4115 11 4182 l
80 4121 312 4198 describuntur,
342 4119 473 4208 picturis
506 4121 646 4184 exhibet.
703 4119 874 4184 Praeterea
906 4120 941 4182 in
973 4119 1126 4205 cuiusque

82 4207 222 4273 Decadis
233 4207 326 4272 initio
337 4219 488 4272 contenta
499 4206 693 4292 singulorum
709 4207 860 4271 libromm
872 4205 1128 4292 praemittuntur,

84 4295 199 4382 quibus
213 4295 248 4358 in
262 4295 365 4382 prima
379 4293 499 4359 decade
522 4293 574 4358 hic
595 4293 704 4358 titulus
723 4293 885 4381 appositus
903 4303 972 4356 est:
1002 4295 1129 4357 Tabula

83 4383 239 4467 imprimis
265 4384 305 4447 de
329 4385 435 4447 decem
463 4382 556 4446 libris
587 4381 655 4446 Titi
680 4381 781 4459 Livii,
805 4381 896 4445 edito
919 4380 1130 4527 afmcgistro

124 4485 199 4532 vola.
218 4487 263 4531 IV.
917 4486 936 4528 F
