2934 4800
354 125 416 190 lor
731 117 845 186 ΤΙΤΙ
876 117 1012 185 LIVII

199 276 276 327 uo
292 257 489 340 ,sa‘ordiue
514 253 603 322 nafis
628 257 823 344 temporibus
851 256 916 333 liat,
942 269 976 320 et
1001 255 1074 320 soiri
1098 267 1174 320 aute
1198 269 1244 353 et
1276 249 1395 339 praedii

196 341 232 393 Ᾰ·
246 342 277 394 ⁰·
294 339 367 392 ¹⁶⁸³
377 367 477 434 poure
522 342 636 431 Itaque
658 341 938 430 quemadmodum,
954 342 1031 429 quia
1047 341 1126 406 certi
1146 339 1229 406 sobs
1254 339 1395 423 luneque

357 439 413 497 ‘et
425 443 513 496 ortus
527 444 561 494 et
574 451 704 495 occasus
717 429 791 506 sint,
807 451 894 493 nunc
915 428 1012 515 pleno
1026 429 1112 504 orbe,
1127 449 1220 491 nunc
1245 447 1396 490 senescer-

358 526 444 582 ‘tem
464 517 581 618 exiguo
594 538 695 581 cornu
711 514 832 601 fulgere
851 513 961 578 lunam
980 537 1045 578 nou
1069 513 1274 577 mirarentur
1283 535 1294 587 ;
1320 512 1360 574 its
1371 532 1397 572 m

358 605 538 668 ‘obscuram
555 601 697 690 quidem,
717 623 818 688 quum
840 599 994 665 condatur
1011 601 1123 664 umbra
1145 612 1272 675 terrae,
1296 597 1397 662 trahor

358 691 414 754 ‘in
428 689 610 776 prodigium
623 687 760 753 debere!
805 685 921 763 Nocte,
967 708 1040 750 uam
1062 685 1164 772 pridie
1186 683 1317 748 Nonas
1341 683 1399 768 Sep·

357 777 494 841 tembres
515 775 658 840 insecuta
679 786 728 838 est
747 773 824 850 dies,
849 773 936 838 edita
977 794 1033 836 ora
1052 770 1128 836 luna
1171 793 1263 834 uurn
1286 769 1401 834 desem

357 874 416 939 set,
432 861 587 926 Romania
601 860 755 925 militibus
771 857 858 924 Gelli
871 858 1027 946 sapientia
1042 879 1141 945 prope
1148 793 1282 921 divina
1297 856 1399 919 videri:

359 945 565 1024 Macedonas,
580 960 617 1011 ut
630 946 719 1010 triste
734 945 926 1033 prodigium,
942 965 1088 1010 occasum
1102 943 1192 1030 regui
1217 943 1401 1029 perniciem

357 1032 560 1205 dilidaiddqtide
570 1029 1266 1194 ppraegiesnffirggztugepuizligegngcoffi
1283 1027 1404 1179 icnlbinabl

358 1206 462 1271 lucem
478 1205 614 1272 emersit

400 1292 532 1358 Postero
554 1290 608 1356 die
629 1290 752 1378 (tantus
770 1291 898 1378 utrique
918 1288 1011 1355 ardor
1029 1288 1184 1356 exercitui
1206 1288 1257 1354 ad
1283 1309 1402 1354 concur·

357 1378 494 1444 rendum
513 1378 626 1455 suerat,
641 1390 679 1443 ut
696 1389 730 1442 et
752 1398 860 1464 regem
881 1389 915 1442 et
936 1376 1098 1442 consulem
1113 1397 1252 1440 suorum
1271 1375 1399 1462 quidam,

381 1466 446 1530 uod
460 1465 528 1530 sine
543 1463 664 1551 proelio
678 1462 849 1530 discessum
864 1475 955 1540 esset,
966 1461 1165 1548 occursarent)
1178 1461 1254 1548 regi
1266 1479 1402 1549 prompta
1425 1511 1426 1524 ,

357 1488 500 1616 defensio
525 1564 602 1628 erat,
628 1572 695 1615 nou
719 1572 759 1614 eo
787 1549 900 1627 solum,
926 1548 1013 1636 quod
1041 1548 1140 1613 hostis
1168 1545 1275 1634 prior,
1308 1561 1399 1634 aperte

357 1658 499 1724 pugnam
513 1635 702 1713 detrectans,
718 1635 753 1699 in
770 1648 872 1700 costra
885 1635 991 1722 copias
1005 1633 1203 1711 reduximet3
1227 1634 1295 1700 sed
1309 1635 1399 1699 etiam
1426 1705 1427 1710 η

358 1721 576 1809 quodeoloco
586 1723 677 1808 signa
686 1721 909 1798 constituisset,
919 1743 984 1809 quo
992 1721 1141 1809 phalanx,
1151 1742 1253 1807 quam
1264 1719 1399 1786 inutilen
1426 1717 1427 1748 r

357 1807 409 1872 vel
423 1806 590 1872 mediocris
604 1807 756 1894 iniquitas
770 1806 832 1872 luci
846 1806 993 1884 efficeret,
1008 1807 1186 1895 promoveri
1203 1829 1279 1871 non
1299 1819 1399 1894 posset

360 1893 483 1959 Consul
505 1892 547 1957 ad
568 1892 612 1970 id,
627 1893 716 1980 quod
737 1893 840 1980 pridie
861 1892 1104 1982 praetermisisse
1125 1892 1303 1980 pugnandi
1325 1909 1428 1986 octat¹

356 1981 479 2045 sionem
501 1978 678 2057 videbatur,
699 1993 734 2044 et
755 1978 862 2044 locum
885 1979 1009 2044 dedisse
1032 1978 1125 2056 hosti,
1150 1977 1177 2043 si
1201 1993 1306 2044 nocte
1328 1979 1398 2043 abire

356 2064 462 2142 vellet,
487 2077 564 2130 tunc
587 2088 716 2154 quoque
739 2087 797 2153 per
819 2066 957 2152 speciem
979 2064 1165 2148 immolandi
1189 2079 1301 2130 terere
1326 2063 1400 2128 vide

357 2153 451 2216 betur
464 2165 527 2215 tem
553 2174 712 2252 us,quum
726 2149 798 2216 luce
835 2152 915 2216 rima
927 2151 1054 2238 signum
1068 2151 1271 2239 propositum
1283 2172 1398 2239 pargnac

357 2237 399 2303 ad
421 2173 605 2337 creundum
626 2259 662 2301 ιιι
683 2237 783 2302 aciem
841 2238 923 2302 isset.
970 2237 1080 2302 Tertia
1098 2236 1232 2302 demum
1255 2238 1349 2314 hors,
1361 2259 1400 2334 ³3-

357 2323 477 2390 orificio
499 2337 559 2388 nte
582 2346 625 2411 pe
681 2336 773 2401 troto,
797 2323 840 2388 ad
864 2321 1031 2388 consilium
1055 2323 1198 2402 vocavit3
1228 2338 1332 2412 atque
1354 2323 1398 2396 iu,

357 2412 445 2500 quod
464 2410 512 2477 rei
569 2434 625 2476 ren
706 2424 831 2498 tempus
850 2423 941 2487 esset,
956 2410 1118 2498 loquendo
1132 2423 1166 2475 et
1179 2409 1398 2499 intempestive

255 2562 260 2569 .
356 2433 568 2564 morundi
593 2497 761 2563 videbatur
789 2496 979 2597 quibusdum
1011 2496 1185 2596 extrahere.
1233 2496 1319 2563 Post
1345 2518 1399 2561 ser·

247 2587 299 2648 38.
357 2600 476 2650 mones
487 2598 595 2649 temen
612 2583 723 2649 consul
737 2596 912 2649 oratronem
931 2582 1050 2648 habmt.
1097 2582 1155 2649 εΡ.
1170 2581 1305 2661 Nasica,
1320 2604 1399 2670 egre-

199 2669 300 2720 Aemilii
358 2670 450 2755 ‘gius
471 2669 662 2747 adolescens,
688 2692 730 2734 ex
756 2669 903 2735 omnibus
924 2690 1017 2746 unus,
1041 2669 1158 2755 quibus
1179 2669 1337 2735 hesterno
1356 2668 1398 2733 die

199 2734 276 2781 oratio
287 2734 320 2783 de
359 2763 369 2794 ς

208 2812 233 2843 ,u
292 2796 328 2846 di-
379 2754 515 2842 pugnari
536 2754 665 2841 placuit,
689 2754 864 2821 denudavit
886 2754 966 2819 mihi
987 2777 1080 2819 suum
1104 2754 1298 2821 consilium:
1322 2756 1397 2821 iden

198 2812 283 2910 istim
358 2850 497 2927 ‘postea
512 2841 558 2904 ita
570 2853 608 2904 ut
621 2842 767 2906 transisse
787 2842 822 2905 in
842 2841 1032 2906 senteutiam
1052 2864 1155 2907 meam
1169 2842 1273 2907 videri
1289 2854 1396 2931 posset,

357 2927 486 2992 ‘tacuit
533 2924 734 3002 Quibusdam
753 2926 822 2993 aliis
842 2927 1005 2992 absentem
1024 2950 1152 3015 carpere
1166 2928 1211 2991 im
1254 2944 1396 3001 retorem,

357 3022 368 3054 ‘
402 3034 473 3077 uam
494 3025 692 3100 praesentem
711 3035 852 3091 monere,
867 3012 981 3078 melius
995 3013 1096 3078 visum
1111 3027 1167 3079 est
1245 3031 1258 3078 t
1280 3016 1352 3091 tibi,
1366 3012 1396 3077 P.

357 3109 367 3139 ‘
413 3099 506 3176 aeica,
521 3112 555 3164 et
567 3099 688 3185 quicun
711 3122 753 3163 ue
771 3098 868 3177 idem,
884 3099 972 3185 quod
992 3114 1037 3177 tu,
1052 3099 1206 3165 occultius
1223 3114 1395 3175 senserunt,

356 3194 443 3251 ‘non
470 3184 625 3272 gravabor
706 3185 782 3250 dere
808 3185 923 3250 dilatae
948 3208 1074 3285 pugnae
1103 3186 1268 3251 rationem.
1321 3186 1397 3253 Nau

356 3282 367 3314 ‘
377 3286 502 3338 tantum
523 3270 621 3350 abed,
637 3284 674 3336 ut
696 3293 747 3335 me
766 3271 932 3336 hesternae
953 3272 1070 3421 epuleris
1152 3272 1261 3351 niteat,
1277 3288 1320 3339 ut
1341 3295 1395 3338 ser-

356 3369 484 3424 ‘vatnm
506 3382 527 3423 a
546 3379 599 3422 me
618 3357 794 3424 exercitum
815 3380 853 3423 eo
875 3358 962 3423 consi
976 3358 1045 3423 ioc
1154 3406 1162 3422 .
1209 3358 1250 3423 ln
1263 3382 1335 3445 qua
1354 3381 1394 3423 me

354 3445 525 3534 ‘opinione
540 3467 608 3510 esse
622 3466 664 3509 ne
676 3444 748 3530 quis
758 3456 897 3509 vestrum
911 3444 980 3509 sine
995 3467 1089 3510 causa
1102 3444 1220 3522 credat,
1354 3468 1394 3510 os

354 3543 435 3611 ‘cat,
459 3532 606 3621 agedum,
630 3552 766 3608 mecum,
787 3530 814 3595 si
834 3529 969 3608 videtur,
989 3553 1086 3617 quam
1108 3531 1208 3596 multa
1228 3554 1288 3618 pro
1338 3546 1394 3597 oste

386 3737 860 3805 7PridtaNonusSoptanbrea1Hinc
893 3740 1082 3802 Cycl.x.§.18.
1110 3742 1232 3803 Atquum
1243 3744 1395 3803 Mauso

353 3803 440 3853 Lunae
455 3804 589 3864 detectum,
606 3821 638 3854 ex
656 3807 858 3854 Astrouomorum
892 3804 977 3853 temdrt'
1005 3804 1096 3853 Persen
1122 3806 1154 3853 ab
1178 3804 1286 3854 Aemilio
1314 3806 1395 3855 Paullo

352 3867 495 3925 rationibus,
514 3868 632 3917 accidisse
653 3869 694 3917 die
712 3882 773 3917 xxr.
792 3867 859 3917 lunii
894 3867 985 3916 victum
1004 3884 1056 3917 essa
1073 3868 1195 3931 scripserit
1214 3869 1352 3933 Eutropius
1368 3870 1394 3917 iu

354 3932 446 3981 Iuliani
463 3930 601 3995 prolsptici,
617 3947 724 3993 eumque
742 3931 806 3981 diem
823 3946 859 3980 se-
894 3940 916 3992 7.
935 3932 1049 3981 mendam
1069 3932 1141 3992 hanc,
1160 3933 1180 3981 si
1200 3948 1258 3981 vera
1279 3936 1312 3983 sit
1335 3934 1393 3984 noc

352 3997 460 4045 eundum
474 3995 577 4044 formam
592 3994 652 4043 runi
665 3994 754 4043 veteris
767 4010 817 4043 non
833 3995 858 4042 in
892 3994 955 4043 uelli
981 3995 1128 4055 coniectura,
1148 3997 1284 4045 admodum
1308 3998 1393 4047 mese

348 4061 432 4121 pridie
456 4062 544 4108 Nonus
571 4060 730 4120 Septembres,
757 4060 800 4106 sed
832 4058 857 4107 iu
891 4065 969 4107 ratam
986 4065 1012 4107 st
1028 4059 1082 4122 ipso
1098 4060 1218 4122 Eutropio
1235 4061 1391 4124 antiquiorem

348 4124 432 4183 pridie
447 4124 535 4170 Nouos
554 4122 658 4171 &ntes
679 4120 793 4169 incidisse
815 4122 857 4169 do·
890 4137 942 4171 csse
952 4129 1037 4171 monet
1048 4123 1272 4174 Drakenborclrius.

352 4190 392 4232 oet
428 4183 571 4232 Dodrrellus
604 4184 633 4233 in
670 4185 787 4245 Append.
825 4186 858 4232 od
923 4186 1125 4250 8Adidquod]
1141 4188 1317 4251 Praeterquam
1328 4190 1393 4255 qnod

353 4248 474 4297 Praeleet.
488 4246 576 4298 camd.
593 4262 618 4309 p.
635 4256 689 4308 752.
705 4252 731 4295 et
746 4247 811 4297 Diss.
827 4248 859 4297 de
890 4248 921 4298 el.
933 4264 998 4311 supr.
1009 4248 1043 4300 iii.
1055 4248 1094 4301 62.
1111 4266 1186 4301 xxxv.
1201 4265 1238 4311 ιι.
