<?xml version="1.0" encoding="UTF-8"?>
<!DOCTYPE html PUBLIC "-//W3C//DTD XHTML 1.0 Transitional//EN"
    "http://www.w3.org/TR/xhtml1/DTD/xhtml1-transitional.dtd">
<html xmlns="http://www.w3.org/1999/xhtml" xml:lang="en" lang="en">
 <head>
  <title>
</title>
<meta http-equiv="Content-Type" content="text/html;charset=utf-8" />
  <meta name='ocr-system' content='tesseract 3.04.00' />
  <meta name='ocr-capabilities' content='ocr_page ocr_carea ocr_par ocr_line ocrx_word'/>
</head>
<body>
  <div class='ocr_page' id='page_1' title='image "./tliviipatavinih01kreygoog_0568.png"; bbox 0 0 2934 4800; ppageno 0'>
   <div class='ocr_carea' id='block_1_1' title="bbox 706 195 927 256">
    <p class='ocr_par' dir='ltr' id='par_1_1' title="bbox 706 195 927 256">
     <span class='ocr_line' id='line_1_1' title="bbox 706 195 927 256; baseline -0.009 0"><span class='ocrx_word' id='word_1_1' title='bbox 706 195 927 256; x_wconf 83' lang='lat' dir='ltr'><strong>INDEX.</strong></span> 
     </span>
    </p>
   </div>
   <div class='ocr_carea' id='block_1_2' title="bbox 288 308 1339 4345">
    <p class='ocr_par' dir='ltr' id='par_1_2' title="bbox 330 308 1339 568">
     <span class='ocr_line' id='line_1_2' title="bbox 332 308 1338 374; baseline -0.005 -10"><span class='ocrx_word' id='word_1_2' title='bbox 332 319 357 364; x_wconf 88' lang='lat' dir='ltr'>et</span> <span class='ocrx_word' id='word_1_3' title='bbox 368 313 452 362; x_wconf 85' lang='lat' dir='ltr'>urbem</span> <span class='ocrx_word' id='word_1_4' title='bbox 464 309 561 360; x_wconf 84' lang='lat' dir='ltr'>Volscis</span> <span class='ocrx_word' id='word_1_5' title='bbox 570 309 652 370; x_wconf 75' lang='lat' dir='ltr'>tradit,</span> <span class='ocrx_word' id='word_1_6' title='bbox 663 308 722 360; x_wconf 84' lang='lat' dir='ltr'>ibid.</span> <span class='ocrx_word' id='word_1_7' title='bbox 733 310 765 360; x_wconf 79' lang='lat' dir='ltr'>cf.</span> <span class='ocrx_word' id='word_1_8' title='bbox 776 315 802 360; x_wconf 90' lang='lat' dir='ltr'>et</span> <span class='ocrx_word' id='word_1_9' title='bbox 866 309 956 358; x_wconf 86' lang='lat' dir='ltr'>traiicit</span> <span class='ocrx_word' id='word_1_10' title='bbox 970 308 997 358; x_wconf 87' lang='lat' dir='ltr'>in</span> <span class='ocrx_word' id='word_1_11' title='bbox 1012 309 1121 359; x_wconf 73' lang='lat' dir='ltr'>Africam</span> <span class='ocrx_word' id='word_1_12' title='bbox 1137 321 1228 374; x_wconf 77' lang='grc'>1915</span> <span class='ocrx_word' id='word_1_13' title='bbox 1248 309 1338 359; x_wconf 76' lang='lat' dir='ltr'>Rbodi</span> 
     </span>
     <span class='ocr_line' id='line_1_3' title="bbox 331 373 1339 501; baseline -0.004 -11"><span class='ocrx_word' id='word_1_14' title='bbox 331 374 802 501; x_wconf 50' lang='lat' dir='ltr'>iiidilmiiiiiffiiiidii</span> <span class='ocrx_word' id='word_1_15' title='bbox 865 373 1339 501; x_wconf 38' lang='grc' dir='ltr'>ᾙωίἒξξῇἷῗῗΐωθ·</span> 
     </span>
     <span class='ocr_line' id='line_1_4' title="bbox 330 473 1337 568; baseline -0.001 -16"><span class='ocrx_word' id='word_1_16' title='bbox 330 511 423 568; x_wconf 73' lang='lat' dir='ltr'>quant,</span> <span class='ocrx_word' id='word_1_17' title='bbox 433 505 677 560; x_wconf 60' lang='lat' dir='ltr'>senatusconsultum,</span> <span class='ocrx_word' id='word_1_18' title='bbox 687 503 747 552; x_wconf 82' lang='lat' dir='ltr'>ibid.</span> <span class='ocrx_word' id='word_1_19' title='bbox 865 503 975 551; x_wconf 70' lang='lat' dir='ltr'>Africam</span> <span class='ocrx_word' id='word_1_20' title='bbox 993 473 1032 563; x_wconf 52' lang='lat'>25,</span> <span class='ocrx_word' id='word_1_21' title='bbox 1048 515 1072 562; x_wconf 89' lang='grc'>5,</span> <span class='ocrx_word' id='word_1_22' title='bbox 1087 516 1125 566; x_wconf 79' lang='grc'>19</span> <span class='ocrx_word' id='word_1_23' title='bbox 1145 501 1224 550; x_wconf 69' lang='lat' dir='ltr'>uincit</span> <span class='ocrx_word' id='word_1_24' title='bbox 1240 504 1337 551; x_wconf 69' lang='lat' dir='ltr'>clm</span> 
     </span>
    </p>

    <p class='ocr_par' dir='ltr' id='par_1_3' title="bbox 299 565 1338 693">
     <span class='ocr_line' id='line_1_5' title="bbox 299 565 1338 628; baseline -0.003 -9"><span class='ocrx_word' id='word_1_25' title='bbox 299 569 448 619; x_wconf 74' lang='lat' dir='ltr'>Circeienscs</span> <span class='ocrx_word' id='word_1_26' title='bbox 458 568 593 616; x_wconf 84' lang='lat' dir='ltr'>moliuntur</span> <span class='ocrx_word' id='word_1_27' title='bbox 603 567 767 616; x_wconf 77' lang='lat' dir='ltr'>deiectionem</span> <span class='ocrx_word' id='word_1_28' title='bbox 776 565 802 628; x_wconf 89' lang='grc'>6,</span> <span class='ocrx_word' id='word_1_29' title='bbox 866 566 985 615; x_wconf 86' lang='lat' dir='ltr'>Punicam</span> <span class='ocrx_word' id='word_1_30' title='bbox 1002 566 1043 626; x_wconf 85' lang='grc'>18,</span> <span class='ocrx_word' id='word_1_31' title='bbox 1053 583 1076 625; x_wconf 80' lang='grc'>4.</span> <span class='ocrx_word' id='word_1_32' title='bbox 1095 571 1176 614; x_wconf 75' lang='lat' dir='ltr'>restat</span> <span class='ocrx_word' id='word_1_33' title='bbox 1192 580 1278 628; x_wconf 73' lang='lat' dir='ltr'>agrum</span> <span class='ocrx_word' id='word_1_34' title='bbox 1293 567 1338 616; x_wconf 62' lang='lat' dir='ltr'>co</span> 
     </span>
     <span class='ocr_line' id='line_1_6' title="bbox 334 629 1338 693; baseline -0.002 -13"><span class='ocrx_word' id='word_1_35' title='bbox 334 647 371 692; x_wconf 91' lang='grc' dir='ltr'>ι1,</span> <span class='ocrx_word' id='word_1_36' title='bbox 382 647 420 680; x_wconf 83' lang='grc'>11.</span> <span class='ocrx_word' id='word_1_37' title='bbox 864 630 981 680; x_wconf 84' lang='lat' dir='ltr'>rinthinrn</span> <span class='ocrx_word' id='word_1_38' title='bbox 997 641 1035 691; x_wconf 77' lang='lat'>27,</span> <span class='ocrx_word' id='word_1_39' title='bbox 1047 644 1085 693; x_wconf 82' lang='lat'>3¹·</span> <span class='ocrx_word' id='word_1_40' title='bbox 1101 631 1143 679; x_wconf 89' lang='lat' dir='ltr'>dic</span> <span class='ocrx_word' id='word_1_41' title='bbox 1155 629 1338 692; x_wconf 69' lang='lat' dir='ltr'>quadragenum</span> 
     </span>
    </p>

    <p class='ocr_par' dir='ltr' id='par_1_4' title="bbox 298 693 1339 760">
     <span class='ocr_line' id='line_1_7' title="bbox 298 693 1339 760; baseline -0.003 -15"><span class='ocrx_word' id='word_1_42' title='bbox 298 695 413 746; x_wconf 79' lang='lat' dir='ltr'>circense</span> <span class='ocrx_word' id='word_1_43' title='bbox 424 694 544 744; x_wconf 85' lang='lat' dir='ltr'>ludicrum</span> <span class='ocrx_word' id='word_1_44' title='bbox 555 713 595 756; x_wconf 98' lang='grc'>44,</span> <span class='ocrx_word' id='word_1_45' title='bbox 606 711 629 760; x_wconf 88' lang='lat'>9.</span> <span class='ocrx_word' id='word_1_46' title='bbox 863 695 959 758; x_wconf 83' lang='lat' dir='ltr'>quinto,</span> <span class='ocrx_word' id='word_1_47' title='bbox 985 709 1059 756; x_wconf 76' lang='lat' dir='ltr'>quam</span> <span class='ocrx_word' id='word_1_48' title='bbox 1083 709 1117 742; x_wconf 80' lang='lat' dir='ltr'>ex</span> <span class='ocrx_word' id='word_1_49' title='bbox 1141 693 1213 743; x_wconf 76' lang='lat' dir='ltr'>silvis</span> <span class='ocrx_word' id='word_1_50' title='bbox 1240 695 1339 742; x_wconf 68' lang='lat' dir='ltr'>nuderis</span> 
     </span>
    </p>

    <p class='ocr_par' dir='ltr' id='par_1_5' title="bbox 298 757 1337 885">
     <span class='ocr_line' id='line_1_8' title="bbox 298 757 1337 822; baseline -0.004 -12"><span class='ocrx_word' id='word_1_51' title='bbox 298 760 448 810; x_wconf 67' lang='lat' dir='ltr'>Cbcenninm</span> <span class='ocrx_word' id='word_1_52' title='bbox 480 761 592 808; x_wconf 89' lang='lat' dir='ltr'>ludorum</span> <span class='ocrx_word' id='word_1_53' title='bbox 620 759 801 822; x_wconf 82' lang='lat' dir='ltr'>magnificentia</span> <span class='ocrx_word' id='word_1_54' title='bbox 863 759 974 808; x_wconf 71' lang='lat' dir='ltr'>detracta</span> <span class='ocrx_word' id='word_1_55' title='bbox 1001 763 1063 818; x_wconf 73' lang='lat' dir='ltr'>erat,</span> <span class='ocrx_word' id='word_1_56' title='bbox 1088 757 1116 806; x_wconf 86' lang='lat' dir='ltr'>in</span> <span class='ocrx_word' id='word_1_57' title='bbox 1141 773 1235 821; x_wconf 84' lang='lat' dir='ltr'>aquam</span> <span class='ocrx_word' id='word_1_58' title='bbox 1264 759 1337 807; x_wconf 82' lang='lat' dir='ltr'>dedn-</span> 
     </span>
     <span class='ocr_line' id='line_1_9' title="bbox 329 822 1337 885; baseline 0 -13"><span class='ocrx_word' id='word_1_59' title='bbox 329 842 372 885; x_wconf 90' lang='grc'>44,</span> <span class='ocrx_word' id='word_1_60' title='bbox 385 825 421 873; x_wconf 88' lang='lat'>18.</span> <span class='ocrx_word' id='word_1_61' title='bbox 865 823 929 871; x_wconf 79' lang='lat' dir='ltr'>eitun</span> <span class='ocrx_word' id='word_1_62' title='bbox 951 822 991 882; x_wconf 84' lang='grc'>18,</span> <span class='ocrx_word' id='word_1_63' title='bbox 1013 833 1052 884; x_wconf 85' lang='grc'>45.</span> <span class='ocrx_word' id='word_1_64' title='bbox 1083 823 1255 884; x_wconf 49' lang='lat' dir='ltr'>proficiatur,</span> <span class='ocrx_word' id='word_1_65' title='bbox 1277 824 1337 871; x_wconf 67' lang='lat' dir='ltr'>dm</span> 
     </span>
    </p>

    <p class='ocr_par' dir='ltr' id='par_1_6' title="bbox 297 885 1337 952">
     <span class='ocr_line' id='line_1_10' title="bbox 297 885 1337 952; baseline -0.003 -15"><span class='ocrx_word' id='word_1_66' title='bbox 297 887 488 951; x_wconf 80' lang='lat' dir='ltr'>Circumpadani</span> <span class='ocrx_word' id='word_1_67' title='bbox 499 887 580 952; x_wconf 84' lang='lat' dir='ltr'>campi</span> <span class='ocrx_word' id='word_1_68' title='bbox 591 903 631 947; x_wconf 89' lang='grc' dir='ltr'>1ι,</span> <span class='ocrx_word' id='word_1_69' title='bbox 642 899 680 952; x_wconf 83' lang='grc'>35.</span> <span class='ocrx_word' id='word_1_70' title='bbox 864 886 988 948; x_wconf 80' lang='lat' dir='ltr'>Scipione,</span> <span class='ocrx_word' id='word_1_71' title='bbox 998 885 1024 934; x_wconf 92' lang='lat' dir='ltr'>in</span> <span class='ocrx_word' id='word_1_72' title='bbox 1035 885 1145 934; x_wconf 72' lang='lat' dir='ltr'>Africam</span> <span class='ocrx_word' id='word_1_73' title='bbox 1215 901 1246 948; x_wconf 77' lang='grc'>13</span> <span class='ocrx_word' id='word_1_74' title='bbox 1260 893 1286 935; x_wconf 83' lang='lat' dir='ltr'>et</span> <span class='ocrx_word' id='word_1_75' title='bbox 1299 885 1337 935; x_wconf 83' lang='grc'>16,</span> 
     </span>
    </p>

    <p class='ocr_par' dir='ltr' id='par_1_7' title="bbox 297 950 1335 1976">
     <span class='ocr_line' id='line_1_11' title="bbox 297 950 1335 1024; baseline -0.004 -22"><span class='ocrx_word' id='word_1_76' title='bbox 297 952 383 1002; x_wconf 81' lang='lat' dir='ltr'>Circus</span> <span class='ocrx_word' id='word_1_77' title='bbox 398 952 547 1015; x_wconf 74' lang='lat' dir='ltr'><strong>Apollinaris</strong></span> <span class='ocrx_word' id='word_1_78' title='bbox 565 965 589 1014; x_wconf 86' lang='grc'>3,</span> <span class='ocrx_word' id='word_1_79' title='bbox 606 951 644 1014; x_wconf 88' lang='grc'>63.</span> <span class='ocrx_word' id='word_1_80' title='bbox 666 951 802 1002; x_wconf 71' lang='lat' dir='ltr'><strong>Flaminius</strong></span> <span class='ocrx_word' id='word_1_81' title='bbox 865 951 971 1000; x_wconf 72' lang='lat' dir='ltr'>custodit</span> <span class='ocrx_word' id='word_1_82' title='bbox 983 950 1082 1000; x_wconf 70' lang='lat' dir='ltr'>Siciliae</span> <span class='ocrx_word' id='word_1_83' title='bbox 1093 957 1121 999; x_wconf 83' lang='lat' dir='ltr'>et</span> <span class='ocrx_word' id='word_1_84' title='bbox 1197 950 1261 999; x_wconf 84' lang='lat' dir='ltr'>&#39;nise</span> <span class='ocrx_word' id='word_1_85' title='bbox 1271 965 1335 1024; x_wconf 75' lang='lat' dir='ltr'>crass</span> 
     </span>
     <span class='ocr_line' id='line_1_12' title="bbox 329 1015 1335 1080; baseline -0.002 -16"><span class='ocrx_word' id='word_1_86' title='bbox 329 1029 353 1078; x_wconf 86' lang='grc'>3,</span> <span class='ocrx_word' id='word_1_87' title='bbox 365 1027 403 1078; x_wconf 90' lang='grc'>54.</span> <span class='ocrx_word' id='word_1_88' title='bbox 428 1027 518 1078; x_wconf 78' lang='grc' dir='ltr'>17,1ι.</span> <span class='ocrx_word' id='word_1_89' title='bbox 542 1015 566 1065; x_wconf 89' lang='lat' dir='ltr'>in</span> <span class='ocrx_word' id='word_1_90' title='bbox 584 1033 614 1066; x_wconf 89' lang='lat' dir='ltr'>eo</span> <span class='ocrx_word' id='word_1_91' title='bbox 631 1031 674 1066; x_wconf 82' lang='lat' dir='ltr'>ura</span> <span class='ocrx_word' id='word_1_92' title='bbox 689 1017 801 1080; x_wconf 83' lang='lat' dir='ltr'>Neptuni</span> <span class='ocrx_word' id='word_1_93' title='bbox 865 1028 905 1076; x_wconf 82' lang='grc' dir='ltr'>3ο,</span> <span class='ocrx_word' id='word_1_94' title='bbox 917 1029 939 1065; x_wconf 87' lang='grc'>1.</span> <span class='ocrx_word' id='word_1_95' title='bbox 959 1019 1124 1063; x_wconf 85' lang='lat' dir='ltr'>commeatum</span> <span class='ocrx_word' id='word_1_96' title='bbox 1136 1031 1172 1063; x_wconf 85' lang='lat' dir='ltr'>ex</span> <span class='ocrx_word' id='word_1_97' title='bbox 1188 1015 1298 1063; x_wconf 76' lang='lat' dir='ltr'>Sardin&#39;n</span> <span class='ocrx_word' id='word_1_98' title='bbox 1311 1029 1335 1062; x_wconf 83' lang='grc' dir='ltr'>ιι</span> 
     </span>
     <span class='ocr_line' id='line_1_13' title="bbox 331 1078 1335 1143; baseline -0.003 -14"><span class='ocrx_word' id='word_1_99' title='bbox 331 1080 371 1140; x_wconf 86' lang='grc'>18,</span> <span class='ocrx_word' id='word_1_100' title='bbox 388 1095 424 1130; x_wconf 90' lang='grc' dir='ltr'>ιι.</span> <span class='ocrx_word' id='word_1_101' title='bbox 446 1079 583 1130; x_wconf 80' lang='lat' dir='ltr'>maritimus</span> <span class='ocrx_word' id='word_1_102' title='bbox 597 1082 663 1143; x_wconf 86' lang='lat' dir='ltr'>apud</span> <span class='ocrx_word' id='word_1_103' title='bbox 681 1081 803 1130; x_wconf 85' lang='lat' dir='ltr'>Hernicos</span> <span class='ocrx_word' id='word_1_104' title='bbox 865 1078 974 1127; x_wconf 73' lang='lat' dir='ltr'>Africam</span> <span class='ocrx_word' id='word_1_105' title='bbox 985 1079 1084 1138; x_wconf 79' lang='lat' dir='ltr'>vehens,</span> <span class='ocrx_word' id='word_1_106' title='bbox 1094 1079 1196 1141; x_wconf 86' lang='lat' dir='ltr'>capitur</span> <span class='ocrx_word' id='word_1_107' title='bbox 1208 1095 1225 1127; x_wconf 85' lang='lat' dir='ltr'>s</span> <span class='ocrx_word' id='word_1_108' title='bbox 1238 1079 1335 1128; x_wconf 69' lang='lat' dir='ltr'>Curtia·</span> 
     </span>
     <span class='ocr_line' id='line_1_14' title="bbox 329 1142 1335 1210; baseline -0.002 -18"><span class='ocrx_word' id='word_1_109' title='bbox 329 1158 400 1210; x_wconf 88' lang='grc'>9,41.</span> <span class='ocrx_word' id='word_1_110' title='bbox 414 1145 544 1203; x_wconf 70' lang='lat' dir='ltr'>maximum,</span> <span class='ocrx_word' id='word_1_111' title='bbox 552 1144 708 1207; x_wconf 82' lang='lat' dir='ltr'>aTarquinio</span> <span class='ocrx_word' id='word_1_112' title='bbox 718 1145 802 1194; x_wconf 89' lang='lat' dir='ltr'>Prisco</span> <span class='ocrx_word' id='word_1_113' title='bbox 863 1143 1013 1204; x_wconf 68' lang='lat' dir='ltr'>giniensibus</span> <span class='ocrx_word' id='word_1_114' title='bbox 1023 1155 1061 1202; x_wconf 92' lang='grc'>14.</span> <span class='ocrx_word' id='word_1_115' title='bbox 1077 1149 1147 1204; x_wconf 76' lang='lat' dir='ltr'>gesto</span> <span class='ocrx_word' id='word_1_116' title='bbox 1158 1142 1187 1191; x_wconf 90' lang='lat' dir='ltr'>in</span> <span class='ocrx_word' id='word_1_117' title='bbox 1198 1142 1302 1192; x_wconf 74' lang='lat' dir='ltr'>(inaneis</span> <span class='ocrx_word' id='word_1_118' title='bbox 1311 1153 1335 1190; x_wconf 74' lang='lat' dir='ltr'>es</span> 
     </span>
     <span class='ocr_line' id='line_1_15' title="bbox 329 1207 1334 1272; baseline -0.004 -14"><span class='ocrx_word' id='word_1_119' title='bbox 329 1209 471 1258; x_wconf 81' lang='lat' dir='ltr'>aedificatus</span> <span class='ocrx_word' id='word_1_120' title='bbox 490 1223 511 1268; x_wconf 90' lang='grc' dir='ltr'>ι,</span> <span class='ocrx_word' id='word_1_121' title='bbox 522 1222 560 1272; x_wconf 85' lang='grc'>35.</span> <span class='ocrx_word' id='word_1_122' title='bbox 579 1209 643 1257; x_wconf 78' lang='lat' dir='ltr'>foros</span> <span class='ocrx_word' id='word_1_123' title='bbox 656 1209 681 1256; x_wconf 91' lang='lat' dir='ltr'>in</span> <span class='ocrx_word' id='word_1_124' title='bbox 697 1224 727 1257; x_wconf 90' lang='lat' dir='ltr'>eo</span> <span class='ocrx_word' id='word_1_125' title='bbox 741 1209 801 1257; x_wconf 78' lang='lat' dir='ltr'>facit</span> <span class='ocrx_word' id='word_1_126' title='bbox 864 1213 950 1255; x_wconf 77' lang='lat' dir='ltr'>conus</span> <span class='ocrx_word' id='word_1_127' title='bbox 971 1207 1087 1256; x_wconf 81' lang='lat' dir='ltr'>Perseum</span> <span class='ocrx_word' id='word_1_128' title='bbox 1110 1220 1151 1268; x_wconf 84' lang='grc'>31,</span> <span class='ocrx_word' id='word_1_129' title='bbox 1172 1225 1214 1268; x_wconf 89' lang='grc'>44,</span> <span class='ocrx_word' id='word_1_130' title='bbox 1241 1221 1280 1266; x_wconf 84' lang='grc'>41,</span> <span class='ocrx_word' id='word_1_131' title='bbox 1297 1219 1334 1268; x_wconf 80' lang='lat'>²7·</span> 
     </span>
     <span class='ocr_line' id='line_1_16' title="bbox 329 1271 1334 1336; baseline -0.004 -14"><span class='ocrx_word' id='word_1_132' title='bbox 329 1272 477 1336; x_wconf 77' lang='lat' dir='ltr'>Tarquinius</span> <span class='ocrx_word' id='word_1_133' title='bbox 483 1273 606 1336; x_wconf 87' lang='lat' dir='ltr'>Superbus</span> <span class='ocrx_word' id='word_1_134' title='bbox 613 1271 650 1334; x_wconf 89' lang='grc'>56.</span> <span class='ocrx_word' id='word_1_135' title='bbox 659 1273 801 1322; x_wconf 77' lang='lat' dir='ltr'>ineoiactus</span> <span class='ocrx_word' id='word_1_136' title='bbox 863 1271 981 1320; x_wconf 87' lang='lat' dir='ltr'>classibus</span> <span class='ocrx_word' id='word_1_137' title='bbox 995 1276 1131 1332; x_wconf 74' lang='lat' dir='ltr'>pugnaturn</span> <span class='ocrx_word' id='word_1_138' title='bbox 1145 1272 1179 1319; x_wconf 84' lang='lat' dir='ltr'>sd</span> <span class='ocrx_word' id='word_1_139' title='bbox 1195 1271 1300 1320; x_wconf 76' lang='lat' dir='ltr'>Fidenas</span> <span class='ocrx_word' id='word_1_140' title='bbox 1310 1289 1334 1331; x_wconf 88' lang='grc'>4.</span> 
     </span>
     <span class='ocr_line' id='line_1_17' title="bbox 329 1335 1333 1396; baseline -0.001 -12"><span class='ocrx_word' id='word_1_141' title='bbox 329 1337 409 1386; x_wconf 74' lang='lat' dir='ltr'>fornix</span> <span class='ocrx_word' id='word_1_142' title='bbox 423 1338 455 1386; x_wconf 88' lang='lat' dir='ltr'>de</span> <span class='ocrx_word' id='word_1_143' title='bbox 469 1337 597 1396; x_wconf 79' lang='lat' dir='ltr'>manubiis,</span> <span class='ocrx_word' id='word_1_144' title='bbox 611 1343 636 1386; x_wconf 85' lang='lat' dir='ltr'>ot</span> <span class='ocrx_word' id='word_1_145' title='bbox 652 1337 738 1385; x_wconf 77' lang='lat' dir='ltr'>fornici</span> <span class='ocrx_word' id='word_1_146' title='bbox 755 1335 799 1386; x_wconf 91' lang='lat' dir='ltr'>im·</span> <span class='ocrx_word' id='word_1_147' title='bbox 863 1347 901 1394; x_wconf 83' lang='grc'>54.</span> <span class='ocrx_word' id='word_1_148' title='bbox 918 1335 1032 1383; x_wconf 75' lang='lat' dir='ltr'>classium</span> <span class='ocrx_word' id='word_1_149' title='bbox 1045 1350 1061 1382; x_wconf 83' lang='lat' dir='ltr'>a</span> <span class='ocrx_word' id='word_1_150' title='bbox 1073 1335 1159 1383; x_wconf 80' lang='lat' dir='ltr'>Senio</span> <span class='ocrx_word' id='word_1_151' title='bbox 1170 1335 1258 1384; x_wconf 84' lang='lat' dir='ltr'>Tullio</span> <span class='ocrx_word' id='word_1_152' title='bbox 1270 1335 1333 1383; x_wconf 63' lang='lat' dir='ltr'>inni-</span> 
     </span>
     <span class='ocr_line' id='line_1_18' title="bbox 329 1398 1215 1464; baseline -0.005 -14"><span class='ocrx_word' id='word_1_153' title='bbox 329 1401 410 1463; x_wconf 85' lang='lat' dir='ltr'>posits</span> <span class='ocrx_word' id='word_1_154' title='bbox 419 1401 486 1464; x_wconf 75' lang='lat' dir='ltr'>signs</span> <span class='ocrx_word' id='word_1_155' title='bbox 496 1407 580 1450; x_wconf 86' lang='lat' dir='ltr'>aurata</span> <span class='ocrx_word' id='word_1_156' title='bbox 592 1413 631 1462; x_wconf 88' lang='grc'>53,</span> <span class='ocrx_word' id='word_1_157' title='bbox 640 1411 678 1462; x_wconf 79' lang='grc'>17.</span> <span class='ocrx_word' id='word_1_158' title='bbox 694 1401 763 1462; x_wconf 75' lang='lat' dir='ltr'>signa</span> <span class='ocrx_word' id='word_1_159' title='bbox 773 1402 799 1449; x_wconf 91' lang='lat' dir='ltr'>in</span> <span class='ocrx_word' id='word_1_160' title='bbox 861 1403 918 1447; x_wconf 88' lang='lat' dir='ltr'>tuts</span> <span class='ocrx_word' id='word_1_161' title='bbox 927 1398 1050 1448; x_wconf 85' lang='lat' dir='ltr'>distinctio</span> <span class='ocrx_word' id='word_1_162' title='bbox 1065 1413 1138 1461; x_wconf 83' lang='grc' dir='ltr'>ι,43,</span> <span class='ocrx_word' id='word_1_163' title='bbox 1154 1415 1179 1458; x_wconf 94' lang='grc'>4,</span> <span class='ocrx_word' id='word_1_164' title='bbox 1191 1417 1215 1458; x_wconf 89' lang='grc'>4.</span> 
     </span>
     <span class='ocr_line' id='line_1_19' title="bbox 329 1462 1334 1528; baseline -0.001 -14"><span class='ocrx_word' id='word_1_165' title='bbox 329 1481 359 1514; x_wconf 90' lang='lat' dir='ltr'>co</span> <span class='ocrx_word' id='word_1_166' title='bbox 373 1479 429 1514; x_wconf 89' lang='lat' dir='ltr'>cum</span> <span class='ocrx_word' id='word_1_167' title='bbox 442 1464 569 1524; x_wconf 87' lang='lat' dir='ltr'>columnis,</span> <span class='ocrx_word' id='word_1_168' title='bbox 580 1466 667 1526; x_wconf 84' lang='lat' dir='ltr'>quibus</span> <span class='ocrx_word' id='word_1_169' title='bbox 679 1470 798 1528; x_wconf 76' lang='lat' dir='ltr'>superata·</span> <span class='ocrx_word' id='word_1_170' title='bbox 829 1463 985 1523; x_wconf 74' lang='lat' dir='ltr'>clastidium,</span> <span class='ocrx_word' id='word_1_171' title='bbox 1009 1462 1085 1522; x_wconf 81' lang='lat' dir='ltr'>vicus,</span> <span class='ocrx_word' id='word_1_172' title='bbox 1108 1463 1223 1525; x_wconf 83' lang='lat' dir='ltr'>proditur</span> <span class='ocrx_word' id='word_1_173' title='bbox 1250 1463 1334 1513; x_wconf 81' lang='lat' dir='ltr'>Poenis</span> 
     </span>
     <span class='ocr_line' id='line_1_20' title="bbox 328 1526 1333 1591; baseline -0.001 -14"><span class='ocrx_word' id='word_1_174' title='bbox 328 1530 397 1589; x_wconf 78' lang='lat' dir='ltr'>bunt,</span> <span class='ocrx_word' id='word_1_175' title='bbox 408 1528 494 1578; x_wconf 84' lang='lat' dir='ltr'>evertit</span> <span class='ocrx_word' id='word_1_176' title='bbox 503 1534 573 1578; x_wconf 87' lang='lat' dir='ltr'>atrox</span> <span class='ocrx_word' id='word_1_177' title='bbox 584 1535 715 1591; x_wconf 60' lang='lat' dir='ltr'>tenpestas</span> <span class='ocrx_word' id='word_1_178' title='bbox 725 1543 798 1590; x_wconf 89' lang='grc' dir='ltr'>4ο,1.</span> <span class='ocrx_word' id='word_1_179' title='bbox 862 1541 902 1587; x_wconf 79' lang='grc'>11,</span> <span class='ocrx_word' id='word_1_180' title='bbox 915 1528 954 1587; x_wconf 64' lang='grc'>48.</span> <span class='ocrx_word' id='word_1_181' title='bbox 973 1526 1021 1576; x_wconf 80' lang='lat' dir='ltr'>fnit</span> <span class='ocrx_word' id='word_1_182' title='bbox 1034 1527 1149 1575; x_wconf 86' lang='lat' dir='ltr'>borreum</span> <span class='ocrx_word' id='word_1_183' title='bbox 1164 1527 1266 1588; x_wconf 87' lang='lat' dir='ltr'>Poenis,</span> <span class='ocrx_word' id='word_1_184' title='bbox 1277 1529 1333 1576; x_wconf 79' lang='lat' dir='ltr'>ibid</span> 
     </span>
     <span class='ocr_line' id='line_1_21' title="bbox 329 1590 1333 1667; baseline 0.001 -26"><span class='ocrx_word' id='word_1_185' title='bbox 329 1607 405 1667; x_wconf 84' lang='lat' dir='ltr'>prope</span> <span class='ocrx_word' id='word_1_186' title='bbox 416 1592 505 1641; x_wconf 87' lang='lat' dir='ltr'>circum</span> <span class='ocrx_word' id='word_1_187' title='bbox 516 1594 589 1642; x_wconf 89' lang='lat' dir='ltr'>aedes</span> <span class='ocrx_word' id='word_1_188' title='bbox 597 1592 701 1642; x_wconf 84' lang='lat' dir='ltr'>Veneris</span> <span class='ocrx_word' id='word_1_189' title='bbox 714 1607 797 1654; x_wconf 78' lang='grc' dir='ltr'>ιο,3ι.</span> <span class='ocrx_word' id='word_1_190' title='bbox 860 1607 888 1639; x_wconf 91' lang='lat' dir='ltr'>se</span> <span class='ocrx_word' id='word_1_191' title='bbox 904 1591 972 1641; x_wconf 87' lang='lat' dir='ltr'>dedit</span> <span class='ocrx_word' id='word_1_192' title='bbox 991 1590 1119 1650; x_wconf 79' lang='lat' dir='ltr'>Romsnis,</span> <span class='ocrx_word' id='word_1_193' title='bbox 1139 1606 1180 1654; x_wconf 85' lang='grc'>31,</span> <span class='ocrx_word' id='word_1_194' title='bbox 1196 1607 1236 1656; x_wconf 73' lang='lat' dir='ltr'>sq</span> <span class='ocrx_word' id='word_1_195' title='bbox 1255 1593 1333 1642; x_wconf 79' lang='lat' dir='ltr'>inesa-</span> 
     </span>
     <span class='ocr_line' id='line_1_22' title="bbox 328 1655 976 1719; baseline 0 -15"><span class='ocrx_word' id='word_1_196' title='bbox 328 1671 354 1704; x_wconf 93' lang='grc' dir='ltr'>ιιι</span> <span class='ocrx_word' id='word_1_197' title='bbox 372 1656 436 1705; x_wconf 88' lang='lat' dir='ltr'>circo</span> <span class='ocrx_word' id='word_1_198' title='bbox 453 1671 559 1706; x_wconf 75' lang='lat' dir='ltr'>comoros</span> <span class='ocrx_word' id='word_1_199' title='bbox 575 1657 672 1718; x_wconf 85' lang='lat' dir='ltr'>quendo</span> <span class='ocrx_word' id='word_1_200' title='bbox 691 1656 797 1719; x_wconf 87' lang='lat' dir='ltr'>primum</span> <span class='ocrx_word' id='word_1_201' title='bbox 860 1655 928 1703; x_wconf 83' lang='lat' dir='ltr'>ditur</span> <span class='ocrx_word' id='word_1_202' title='bbox 938 1671 976 1718; x_wconf 82' lang='lat'>31.</span> 
     </span>
     <span class='ocr_line' id='line_1_23' title="bbox 327 1717 1332 1782; baseline 0.003 -14"><span class='ocrx_word' id='word_1_203' title='bbox 327 1721 412 1770; x_wconf 81' lang='lat' dir='ltr'>sistuti</span> <span class='ocrx_word' id='word_1_204' title='bbox 423 1721 448 1780; x_wconf 80' lang='lat'>8,</span> <span class='ocrx_word' id='word_1_205' title='bbox 459 1736 497 1770; x_wconf 87' lang='grc' dir='ltr'>1ο.</span> <span class='ocrx_word' id='word_1_206' title='bbox 513 1720 539 1768; x_wconf 94' lang='lat' dir='ltr'>in</span> <span class='ocrx_word' id='word_1_207' title='bbox 550 1735 580 1769; x_wconf 90' lang='lat' dir='ltr'>eo</span> <span class='ocrx_word' id='word_1_208' title='bbox 592 1720 643 1769; x_wconf 89' lang='lat' dir='ltr'>ludi</span> <span class='ocrx_word' id='word_1_209' title='bbox 655 1736 698 1782; x_wconf 86' lang='lat' dir='ltr'>per</span> <span class='ocrx_word' id='word_1_210' title='bbox 708 1721 797 1782; x_wconf 76' lang='lat' dir='ltr'>quatri·</span> <span class='ocrx_word' id='word_1_211' title='bbox 829 1717 936 1767; x_wconf 83' lang='lat' dir='ltr'>Claudia</span> <span class='ocrx_word' id='word_1_212' title='bbox 946 1719 1042 1776; x_wconf 82' lang='lat' dir='ltr'>Quinta</span> <span class='ocrx_word' id='word_1_213' title='bbox 1055 1725 1168 1768; x_wconf 74' lang='lat' dir='ltr'>metrone</span> <span class='ocrx_word' id='word_1_214' title='bbox 1181 1721 1217 1767; x_wconf 87' lang='lat' dir='ltr'>ab</span> <span class='ocrx_word' id='word_1_215' title='bbox 1228 1722 1332 1770; x_wconf 64' lang='lat' dir='ltr'>mondo</span> 
     </span>
     <span class='ocr_line' id='line_1_24' title="bbox 328 1782 1333 1850; baseline 0.001 -18"><span class='ocrx_word' id='word_1_216' title='bbox 328 1785 405 1833; x_wconf 86' lang='lat' dir='ltr'>duum</span> <span class='ocrx_word' id='word_1_217' title='bbox 416 1785 576 1846; x_wconf 57' lang='grc'>1111131317.</span> <span class='ocrx_word' id='word_1_218' title='bbox 595 1783 658 1832; x_wconf 87' lang='lat' dir='ltr'>circo</span> <span class='ocrx_word' id='word_1_219' title='bbox 671 1785 798 1843; x_wconf 83' lang='lat' dir='ltr'>inundato,</span> <span class='ocrx_word' id='word_1_220' title='bbox 861 1782 927 1831; x_wconf 74' lang='lat' dir='ltr'>tibus</span> <span class='ocrx_word' id='word_1_221' title='bbox 944 1785 1045 1833; x_wconf 84' lang='lat' dir='ltr'>idaeam</span> <span class='ocrx_word' id='word_1_222' title='bbox 1063 1791 1166 1832; x_wconf 82' lang='lat' dir='ltr'>matrem</span> <span class='ocrx_word' id='word_1_223' title='bbox 1187 1783 1280 1847; x_wconf 76' lang='lat' dir='ltr'>accipit</span> <span class='ocrx_word' id='word_1_224' title='bbox 1295 1800 1333 1850; x_wconf 86' lang='grc'>19,</span> 
     </span>
     <span class='ocr_line' id='line_1_25' title="bbox 328 1847 1174 1912; baseline 0.001 -17"><span class='ocrx_word' id='word_1_225' title='bbox 328 1848 380 1896; x_wconf 88' lang='lat' dir='ltr'>ludi</span> <span class='ocrx_word' id='word_1_226' title='bbox 391 1848 545 1910; x_wconf 72' lang='lat' dir='ltr'>Apollinares</span> <span class='ocrx_word' id='word_1_227' title='bbox 555 1855 624 1896; x_wconf 78' lang='lat' dir='ltr'>extre</span> <span class='ocrx_word' id='word_1_228' title='bbox 634 1853 730 1909; x_wconf 83' lang='lat' dir='ltr'>portam</span> <span class='ocrx_word' id='word_1_229' title='bbox 741 1850 798 1900; x_wconf 86' lang='lat' dir='ltr'>Col·</span> <span class='ocrx_word' id='word_1_230' title='bbox 865 1861 901 1908; x_wconf 86' lang='lat'>14.</span> <span class='ocrx_word' id='word_1_231' title='bbox 917 1847 970 1896; x_wconf 88' lang='lat' dir='ltr'>eius</span> <span class='ocrx_word' id='word_1_232' title='bbox 980 1847 1107 1912; x_wconf 78' lang='lat' dir='ltr'>pudicitia,</span> <span class='ocrx_word' id='word_1_233' title='bbox 1114 1847 1174 1896; x_wconf 82' lang='lat' dir='ltr'>ibid.</span> 
     </span>
     <span class='ocr_line' id='line_1_26' title="bbox 328 1911 1331 1976; baseline 0.001 -17"><span class='ocrx_word' id='word_1_234' title='bbox 328 1911 404 1962; x_wconf 77' lang='lat' dir='ltr'>linum</span> <span class='ocrx_word' id='word_1_235' title='bbox 415 1913 493 1976; x_wconf 85' lang='lat' dir='ltr'>parati</span> <span class='ocrx_word' id='word_1_236' title='bbox 505 1925 545 1974; x_wconf 83' lang='lat'>30,</span> <span class='ocrx_word' id='word_1_237' title='bbox 555 1913 593 1974; x_wconf 83' lang='lat'>38.</span> <span class='ocrx_word' id='word_1_238' title='bbox 829 1911 937 1961; x_wconf 84' lang='lat' dir='ltr'>(lisudis</span> <span class='ocrx_word' id='word_1_239' title='bbox 950 1927 1010 1974; x_wconf 75' lang='lat' dir='ltr'>qens</span> <span class='ocrx_word' id='word_1_240' title='bbox 1025 1911 1113 1972; x_wconf 88' lang='lat' dir='ltr'>omnis,</span> <span class='ocrx_word' id='word_1_241' title='bbox 1126 1927 1180 1971; x_wconf 87' lang='lat' dir='ltr'>cnr,</span> <span class='ocrx_word' id='word_1_242' title='bbox 1195 1918 1222 1960; x_wconf 83' lang='lat' dir='ltr'>et</span> <span class='ocrx_word' id='word_1_243' title='bbox 1236 1913 1331 1974; x_wconf 76' lang='lat' dir='ltr'>qundo</span> 
     </span>
    </p>

    <p class='ocr_par' dir='ltr' id='par_1_8' title="bbox 296 1975 1330 2040">
     <span class='ocr_line' id='line_1_27' title="bbox 296 1975 1330 2040; baseline 0 -15"><span class='ocrx_word' id='word_1_244' title='bbox 296 1975 384 2027; x_wconf 79' lang='lat' dir='ltr'>Cirrha</span> <span class='ocrx_word' id='word_1_245' title='bbox 394 1991 435 2039; x_wconf 88' lang='grc'>41,</span> <span class='ocrx_word' id='word_1_246' title='bbox 448 1991 458 2024; x_wconf 93' lang='grc' dir='ltr'><strong>ι</strong></span> <span class='ocrx_word' id='word_1_247' title='bbox 463 1987 485 2040; x_wconf 86' lang='lat'>5.</span> <span class='ocrx_word' id='word_1_248' title='bbox 860 1975 985 2025; x_wconf 81' lang='lat' dir='ltr'>sordidata</span> <span class='ocrx_word' id='word_1_249' title='bbox 994 1975 1019 2034; x_wconf 89' lang='grc'>6,</span> <span class='ocrx_word' id='word_1_250' title='bbox 1031 1990 1069 2025; x_wconf 89' lang='grc' dir='ltr'>1ο.</span> <span class='ocrx_word' id='word_1_251' title='bbox 1085 1975 1223 2024; x_wconf 83' lang='lat' dir='ltr'>maiestatis</span> <span class='ocrx_word' id='word_1_252' title='bbox 1233 1977 1330 2025; x_wconf 71' lang='lat' dir='ltr'>Petram</span> 
     </span>
    </p>

    <p class='ocr_par' dir='ltr' id='par_1_9' title="bbox 295 2040 1331 2232">
     <span class='ocr_line' id='line_1_28' title="bbox 295 2040 1331 2106; baseline -0.001 -16"><span class='ocrx_word' id='word_1_253' title='bbox 295 2042 366 2090; x_wconf 78' lang='lat' dir='ltr'>Cirta</span> <span class='ocrx_word' id='word_1_254' title='bbox 384 2056 423 2106; x_wconf 91' lang='grc'>19,</span> <span class='ocrx_word' id='word_1_255' title='bbox 439 2055 477 2102; x_wconf 88' lang='grc'>31.</span> <span class='ocrx_word' id='word_1_256' title='bbox 501 2045 576 2104; x_wconf 80' lang='lat' dir='ltr'>caput</span> <span class='ocrx_word' id='word_1_257' title='bbox 594 2040 660 2104; x_wconf 74' lang='lat' dir='ltr'>regni</span> <span class='ocrx_word' id='word_1_258' title='bbox 679 2040 798 2104; x_wconf 80' lang='lat' dir='ltr'>Syphacis</span> <span class='ocrx_word' id='word_1_259' title='bbox 860 2040 1035 2102; x_wconf 77' lang='lat' dir='ltr'>propugnatrix</span> <span class='ocrx_word' id='word_1_260' title='bbox 1051 2055 1091 2100; x_wconf 90' lang='grc' dir='ltr'>4ι.</span> <span class='ocrx_word' id='word_1_261' title='bbox 1110 2040 1212 2088; x_wconf 81' lang='lat' dir='ltr'>inimica</span> <span class='ocrx_word' id='word_1_262' title='bbox 1228 2041 1294 2103; x_wconf 88' lang='lat' dir='ltr'>plebi</span> <span class='ocrx_word' id='word_1_263' title='bbox 1307 2055 1331 2104; x_wconf 96' lang='grc'>9,</span> 
     </span>
     <span class='ocr_line' id='line_1_29' title="bbox 328 2105 900 2165; baseline 0.003 -13"><span class='ocrx_word' id='word_1_264' title='bbox 328 2117 368 2165; x_wconf 87' lang='grc' dir='ltr'>3ο,</span> <span class='ocrx_word' id='word_1_265' title='bbox 381 2119 417 2154; x_wconf 85' lang='grc'>11.</span> <span class='ocrx_word' id='word_1_266' title='bbox 440 2120 467 2152; x_wconf 88' lang='lat' dir='ltr'>sc</span> <span class='ocrx_word' id='word_1_267' title='bbox 482 2106 551 2154; x_wconf 87' lang='lat' dir='ltr'>dedit</span> <span class='ocrx_word' id='word_1_268' title='bbox 569 2105 721 2165; x_wconf 80' lang='lat' dir='ltr'>Masinissae,</span> <span class='ocrx_word' id='word_1_269' title='bbox 738 2105 796 2154; x_wconf 87' lang='lat' dir='ltr'>ibid.</span> <span class='ocrx_word' id='word_1_270' title='bbox 861 2116 900 2164; x_wconf 81' lang='grc'>34.</span> 
     </span>
     <span class='ocr_line' id='line_1_30' title="bbox 326 2165 1330 2232; baseline 0.002 -16"><span class='ocrx_word' id='word_1_271' title='bbox 326 2181 381 2216; x_wconf 85' lang='lat' dir='ltr'>eam</span> <span class='ocrx_word' id='word_1_272' title='bbox 392 2168 621 2218; x_wconf 66' lang='lat' dir='ltr'>bissininedonot</span> <span class='ocrx_word' id='word_1_273' title='bbox 631 2169 713 2232; x_wconf 81' lang='lat' dir='ltr'>Scipio</span> <span class='ocrx_word' id='word_1_274' title='bbox 724 2187 763 2229; x_wconf 86' lang='grc'>44.</span> <span class='ocrx_word' id='word_1_275' title='bbox 829 2165 934 2217; x_wconf 78' lang='lat' dir='ltr'>Claudia</span> <span class='ocrx_word' id='word_1_276' title='bbox 944 2168 1021 2217; x_wconf 80' lang='lat' dir='ltr'>tubus</span> <span class='ocrx_word' id='word_1_277' title='bbox 1029 2169 1061 2217; x_wconf 88' lang='lat' dir='ltr'>ab</span> <span class='ocrx_word' id='word_1_278' title='bbox 1073 2169 1122 2230; x_wconf 77' lang='lat' dir='ltr'>Ap.</span> <span class='ocrx_word' id='word_1_279' title='bbox 1130 2169 1240 2218; x_wconf 75' lang='lat' dir='ltr'>Claudio</span> <span class='ocrx_word' id='word_1_280' title='bbox 1250 2171 1330 2232; x_wconf 78' lang='lat' dir='ltr'>appel</span> 
     </span>
    </p>

    <p class='ocr_par' dir='ltr' id='par_1_10' title="bbox 294 2231 996 2297">
     <span class='ocr_line' id='line_1_31' title="bbox 294 2231 996 2297; baseline 0.001 -17"><span class='ocrx_word' id='word_1_281' title='bbox 294 2231 435 2294; x_wconf 80' lang='lat' dir='ltr'>cistophori</span> <span class='ocrx_word' id='word_1_282' title='bbox 446 2233 541 2280; x_wconf 90' lang='lat' dir='ltr'>nummi</span> <span class='ocrx_word' id='word_1_283' title='bbox 552 2243 591 2294; x_wconf 78' lang='lat'>37,</span> <span class='ocrx_word' id='word_1_284' title='bbox 603 2231 641 2292; x_wconf 91' lang='grc'>46.</span> <span class='ocrx_word' id='word_1_285' title='bbox 658 2247 699 2297; x_wconf 86' lang='grc'>39,</span> <span class='ocrx_word' id='word_1_286' title='bbox 711 2244 732 2296; x_wconf 85' lang='lat'>7.</span> <span class='ocrx_word' id='word_1_287' title='bbox 860 2232 912 2280; x_wconf 87' lang='lat' dir='ltr'>lata</span> <span class='ocrx_word' id='word_1_288' title='bbox 923 2247 947 2290; x_wconf 90' lang='grc'>1,</span> <span class='ocrx_word' id='word_1_289' title='bbox 960 2231 996 2284; x_wconf 92' lang='grc' dir='ltr'>ι6.</span> 
     </span>
    </p>

    <p class='ocr_par' dir='ltr' id='par_1_11' title="bbox 294 2295 1331 2362">
     <span class='ocr_line' id='line_1_32' title="bbox 294 2295 1331 2362; baseline 0.002 -17"><span class='ocrx_word' id='word_1_290' title='bbox 294 2295 447 2345; x_wconf 70' lang='lat' dir='ltr'>Cithaeronis</span> <span class='ocrx_word' id='word_1_291' title='bbox 456 2295 533 2343; x_wconf 87' lang='lat' dir='ltr'>saltus</span> <span class='ocrx_word' id='word_1_292' title='bbox 544 2309 583 2357; x_wconf 81' lang='lat'>31,</span> <span class='ocrx_word' id='word_1_293' title='bbox 594 2295 633 2346; x_wconf 88' lang='grc'>16.</span> <span class='ocrx_word' id='word_1_294' title='bbox 828 2295 966 2345; x_wconf 80' lang='lat' dir='ltr'>Claudiana</span> <span class='ocrx_word' id='word_1_295' title='bbox 979 2301 1058 2345; x_wconf 62' lang='lat' dir='ltr'>cumn</span> <span class='ocrx_word' id='word_1_296' title='bbox 1071 2311 1112 2358; x_wconf 89' lang='grc'>13,</span> <span class='ocrx_word' id='word_1_297' title='bbox 1128 2311 1168 2359; x_wconf 84' lang='grc'>31,</span> <span class='ocrx_word' id='word_1_298' title='bbox 1181 2310 1224 2362; x_wconf 88' lang='grc'>39,</span> <span class='ocrx_word' id='word_1_299' title='bbox 1235 2298 1274 2358; x_wconf 77' lang='grc'>48.</span> <span class='ocrx_word' id='word_1_300' title='bbox 1293 2310 1331 2360; x_wconf 97' lang='grc'>15,</span> 
     </span>
    </p>

    <p class='ocr_par' dir='ltr' id='par_1_12' title="bbox 293 2358 898 2423">
     <span class='ocr_line' id='line_1_33' title="bbox 293 2358 898 2423; baseline 0 -12"><span class='ocrx_word' id='word_1_301' title='bbox 293 2358 565 2421; x_wconf 76' lang='lat' dir='ltr'>Citiumblaocdoniac</span> <span class='ocrx_word' id='word_1_302' title='bbox 575 2359 694 2423; x_wconf 88' lang='lat' dir='ltr'>oppidum</span> <span class='ocrx_word' id='word_1_303' title='bbox 706 2373 796 2423; x_wconf 89' lang='grc' dir='ltr'>41,5ι.</span> <span class='ocrx_word' id='word_1_304' title='bbox 860 2372 898 2411; x_wconf 81' lang='grc'>11.</span> 
     </span>
    </p>

    <p class='ocr_par' dir='ltr' id='par_1_13' title="bbox 294 2422 1330 2492">
     <span class='ocr_line' id='line_1_34' title="bbox 294 2422 1330 2492; baseline -0.001 -17"><span class='ocrx_word' id='word_1_305' title='bbox 294 2424 383 2485; x_wconf 81' lang='lat' dir='ltr'>Citius,</span> <span class='ocrx_word' id='word_1_306' title='bbox 392 2438 462 2474; x_wconf 89' lang='lat' dir='ltr'>mons</span> <span class='ocrx_word' id='word_1_307' title='bbox 472 2438 512 2485; x_wconf 90' lang='grc'>43,</span> <span class='ocrx_word' id='word_1_308' title='bbox 524 2437 561 2485; x_wconf 87' lang='grc'>13.</span> <span class='ocrx_word' id='word_1_309' title='bbox 828 2422 954 2485; x_wconf 85' lang='lat' dir='ltr'>Claudius,</span> <span class='ocrx_word' id='word_1_310' title='bbox 967 2424 1096 2474; x_wconf 82' lang='lat' dir='ltr'>historiens</span> <span class='ocrx_word' id='word_1_311' title='bbox 1109 2426 1134 2485; x_wconf 85' lang='grc'>8,</span> <span class='ocrx_word' id='word_1_312' title='bbox 1152 2441 1190 2491; x_wconf 85' lang='grc'>19.</span> <span class='ocrx_word' id='word_1_313' title='bbox 1210 2440 1236 2492; x_wconf 90' lang='grc'>9,</span> <span class='ocrx_word' id='word_1_314' title='bbox 1251 2443 1274 2490; x_wconf 71' lang='grc'>3</span> <span class='ocrx_word' id='word_1_315' title='bbox 1292 2440 1330 2489; x_wconf 86' lang='grc'>33,</span> 
     </span>
    </p>

    <p class='ocr_par' dir='ltr' id='par_1_14' title="bbox 294 2488 1331 2681">
     <span class='ocr_line' id='line_1_35' title="bbox 294 2488 1330 2551; baseline 0.001 -11"><span class='ocrx_word' id='word_1_316' title='bbox 294 2489 433 2540; x_wconf 77' lang='lat' dir='ltr'>Civesnovi</span> <span class='ocrx_word' id='word_1_317' title='bbox 448 2488 514 2538; x_wconf 89' lang='lat' dir='ltr'>censi</span> <span class='ocrx_word' id='word_1_318' title='bbox 528 2490 601 2551; x_wconf 82' lang='lat'><strong>8,17.</strong></span> <span class='ocrx_word' id='word_1_319' title='bbox 618 2488 708 2538; x_wconf 80' lang='lat' dir='ltr'>civium</span> <span class='ocrx_word' id='word_1_320' title='bbox 720 2488 795 2540; x_wconf 86' lang='lat' dir='ltr'>Rom.</span> <span class='ocrx_word' id='word_1_321' title='bbox 861 2503 899 2548; x_wconf 86' lang='lat'>10,</span> <span class='ocrx_word' id='word_1_322' title='bbox 910 2503 949 2550; x_wconf 85' lang='grc' dir='ltr'>3ο.</span> <span class='ocrx_word' id='word_1_323' title='bbox 964 2490 1067 2539; x_wconf 76' lang='lat' dir='ltr'>annales</span> <span class='ocrx_word' id='word_1_324' title='bbox 1076 2489 1330 2541; x_wconf 74' lang='lat' dir='ltr'>AciliunosexGne·</span> 
     </span>
     <span class='ocr_line' id='line_1_36' title="bbox 325 2552 1331 2619; baseline 0.001 -17"><span class='ocrx_word' id='word_1_325' title='bbox 325 2553 350 2602; x_wconf 93' lang='lat' dir='ltr'>in</span> <span class='ocrx_word' id='word_1_326' title='bbox 367 2553 487 2603; x_wconf 84' lang='lat' dir='ltr'>centurias</span> <span class='ocrx_word' id='word_1_327' title='bbox 502 2552 639 2602; x_wconf 82' lang='lat' dir='ltr'>distributio</span> <span class='ocrx_word' id='word_1_328' title='bbox 659 2568 680 2612; x_wconf 89' lang='lat'>1,</span> <span class='ocrx_word' id='word_1_329' title='bbox 691 2567 729 2615; x_wconf 85' lang='lat'>43.</span> <span class='ocrx_word' id='word_1_330' title='bbox 750 2569 794 2603; x_wconf 90' lang='lat' dir='ltr'>nu·</span> <span class='ocrx_word' id='word_1_331' title='bbox 859 2568 888 2601; x_wconf 91' lang='lat' dir='ltr'>co</span> <span class='ocrx_word' id='word_1_332' title='bbox 898 2552 924 2601; x_wconf 93' lang='lat' dir='ltr'>in</span> <span class='ocrx_word' id='word_1_333' title='bbox 936 2553 1051 2603; x_wconf 71' lang='lat' dir='ltr'>Isatinum</span> <span class='ocrx_word' id='word_1_334' title='bbox 1062 2554 1135 2603; x_wconf 83' lang='lat' dir='ltr'>vertit</span> <span class='ocrx_word' id='word_1_335' title='bbox 1143 2567 1184 2617; x_wconf 87' lang='grc'>15,</span> <span class='ocrx_word' id='word_1_336' title='bbox 1194 2570 1234 2619; x_wconf 86' lang='grc'>39.</span> <span class='ocrx_word' id='word_1_337' title='bbox 1246 2568 1287 2617; x_wconf 91' lang='grc'>35,</span> <span class='ocrx_word' id='word_1_338' title='bbox 1296 2570 1331 2615; x_wconf 79' lang='grc' dir='ltr'>ι4.</span> 
     </span>
     <span class='ocr_line' id='line_1_37' title="bbox 325 2616 1330 2681; baseline 0.002 -16"><span class='ocrx_word' id='word_1_339' title='bbox 325 2632 406 2667; x_wconf 87' lang='lat' dir='ltr'>merus</span> <span class='ocrx_word' id='word_1_340' title='bbox 415 2626 525 2681; x_wconf 87' lang='lat' dir='ltr'>tempore</span> <span class='ocrx_word' id='word_1_341' title='bbox 535 2618 612 2667; x_wconf 83' lang='lat' dir='ltr'>Servii</span> <span class='ocrx_word' id='word_1_342' title='bbox 623 2618 701 2666; x_wconf 86' lang='lat' dir='ltr'>Tullii</span> <span class='ocrx_word' id='word_1_343' title='bbox 713 2635 753 2678; x_wconf 82' lang='lat'>44.</span> <span class='ocrx_word' id='word_1_344' title='bbox 825 2616 946 2666; x_wconf 74' lang='lat' dir='ltr'>Claudius</span> <span class='ocrx_word' id='word_1_345' title='bbox 956 2618 1054 2666; x_wconf 76' lang='lat' dir='ltr'>Asellus</span> <span class='ocrx_word' id='word_1_346' title='bbox 1068 2624 1161 2681; x_wconf 72' lang='lat' dir='ltr'>purgant</span> <span class='ocrx_word' id='word_1_347' title='bbox 1176 2634 1235 2667; x_wconf 79' lang='grc' dir='ltr'><strong>αιιιι</strong></span> <span class='ocrx_word' id='word_1_348' title='bbox 1250 2620 1330 2669; x_wconf 87' lang='lat' dir='ltr'>lubel-</span> 
     </span>
    </p>

    <p class='ocr_par' dir='ltr' id='par_1_15' title="bbox 292 2681 1329 2873">
     <span class='ocr_line' id='line_1_38' title="bbox 292 2681 1294 2745; baseline 0.002 -14"><span class='ocrx_word' id='word_1_349' title='bbox 292 2682 373 2731; x_wconf 80' lang='lat' dir='ltr'>Civile</span> <span class='ocrx_word' id='word_1_350' title='bbox 383 2682 429 2739; x_wconf 77' lang='lat' dir='ltr'>ius,</span> <span class='ocrx_word' id='word_1_351' title='bbox 439 2682 465 2731; x_wconf 93' lang='lat' dir='ltr'>in</span> <span class='ocrx_word' id='word_1_352' title='bbox 476 2681 641 2745; x_wconf 76' lang='lat' dir='ltr'>penetrnhbus</span> <span class='ocrx_word' id='word_1_353' title='bbox 651 2683 793 2743; x_wconf 83' lang='lat' dir='ltr'>pontificum</span> <span class='ocrx_word' id='word_1_354' title='bbox 857 2681 891 2729; x_wconf 87' lang='lat' dir='ltr'>lio</span> <span class='ocrx_word' id='word_1_355' title='bbox 902 2681 1000 2730; x_wconf 74' lang='lat' dir='ltr'>Taurea</span> <span class='ocrx_word' id='word_1_356' title='bbox 1009 2682 1138 2745; x_wconf 72' lang='lat' dir='ltr'>Campano</span> <span class='ocrx_word' id='word_1_357' title='bbox 1150 2697 1191 2745; x_wconf 87' lang='grc'>13,</span> <span class='ocrx_word' id='word_1_358' title='bbox 1201 2682 1244 2744; x_wconf 87' lang='grc'>46,</span> <span class='ocrx_word' id='word_1_359' title='bbox 1254 2696 1294 2745; x_wconf 76' lang='grc'>47.</span> 
     </span>
     <span class='ocr_line' id='line_1_39' title="bbox 324 2744 1329 2810; baseline 0.004 -17"><span class='ocrx_word' id='word_1_360' title='bbox 324 2746 465 2809; x_wconf 84' lang='lat' dir='ltr'>repositum,</span> <span class='ocrx_word' id='word_1_361' title='bbox 486 2747 517 2796; x_wconf 83' lang='lat' dir='ltr'>c.</span> <span class='ocrx_word' id='word_1_362' title='bbox 533 2746 640 2805; x_wconf 77' lang='lat' dir='ltr'>Flavius,</span> <span class='ocrx_word' id='word_1_363' title='bbox 659 2747 706 2796; x_wconf 78' lang='lat' dir='ltr'>(ln.</span> <span class='ocrx_word' id='word_1_364' title='bbox 721 2746 794 2806; x_wconf 87' lang='lat' dir='ltr'>tilius,</span> <span class='ocrx_word' id='word_1_365' title='bbox 825 2744 945 2794; x_wconf 82' lang='lat' dir='ltr'>Claudius</span> <span class='ocrx_word' id='word_1_366' title='bbox 955 2746 1024 2794; x_wconf 84' lang='lat' dir='ltr'>Naro</span> <span class='ocrx_word' id='word_1_367' title='bbox 1036 2760 1075 2806; x_wconf 88' lang='grc'>14,</span> <span class='ocrx_word' id='word_1_368' title='bbox 1086 2756 1122 2807; x_wconf 81' lang='lat'>17.</span> <span class='ocrx_word' id='word_1_369' title='bbox 1139 2753 1329 2810; x_wconf 60' lang='lat' dir='ltr'>praetoremn.</span> 
     </span>
     <span class='ocr_line' id='line_1_40' title="bbox 324 2808 1329 2873; baseline 0.004 -16"><span class='ocrx_word' id='word_1_370' title='bbox 324 2809 410 2869; x_wconf 76' lang='lat' dir='ltr'>scribo,</span> <span class='ocrx_word' id='word_1_371' title='bbox 421 2810 552 2873; x_wconf 76' lang='lat' dir='ltr'>evulgato,</span> <span class='ocrx_word' id='word_1_372' title='bbox 563 2808 603 2871; x_wconf 92' lang='grc'>46.</span> <span class='ocrx_word' id='word_1_373' title='bbox 825 2809 1329 2873; x_wconf 67' lang='lat' dir='ltr'>Apclsndinsmsgnscliemiummi</span> 
     </span>
    </p>

    <p class='ocr_par' dir='ltr' id='par_1_16' title="bbox 291 2872 1330 3001">
     <span class='ocr_line' id='line_1_41' title="bbox 291 2872 1329 2938; baseline 0.002 -15"><span class='ocrx_word' id='word_1_374' title='bbox 291 2872 448 2932; x_wconf 78' lang='lat' dir='ltr'>Civismams,</span> <span class='ocrx_word' id='word_1_375' title='bbox 462 2874 559 2936; x_wconf 80' lang='lat' dir='ltr'>regulus</span> <span class='ocrx_word' id='word_1_376' title='bbox 575 2873 713 2933; x_wconf 85' lang='lat' dir='ltr'>Gallorum,</span> <span class='ocrx_word' id='word_1_377' title='bbox 727 2872 793 2923; x_wconf 80' lang='lat' dir='ltr'>cedit</span> <span class='ocrx_word' id='word_1_378' title='bbox 856 2878 923 2922; x_wconf 85' lang='lat' dir='ltr'>tatus</span> <span class='ocrx_word' id='word_1_379' title='bbox 943 2888 1027 2934; x_wconf 79' lang='lat' dir='ltr'>manu,</span> <span class='ocrx_word' id='word_1_380' title='bbox 1047 2876 1079 2922; x_wconf 88' lang='lat' dir='ltr'>ab</span> <span class='ocrx_word' id='word_1_381' title='bbox 1101 2876 1201 2938; x_wconf 75' lang='lat' dir='ltr'>Regillo</span> <span class='ocrx_word' id='word_1_382' title='bbox 1224 2877 1329 2925; x_wconf 78' lang='lat' dir='ltr'>Romam</span> 
     </span>
     <span class='ocr_line' id='line_1_42' title="bbox 323 2935 1330 3001; baseline 0.005 -17"><span class='ocrx_word' id='word_1_383' title='bbox 323 2935 348 2983; x_wconf 92' lang='lat' dir='ltr'>in</span> <span class='ocrx_word' id='word_1_384' title='bbox 360 2936 452 2997; x_wconf 88' lang='lat' dir='ltr'>proelio</span> <span class='ocrx_word' id='word_1_385' title='bbox 465 2951 504 2998; x_wconf 91' lang='grc'>14,</span> <span class='ocrx_word' id='word_1_386' title='bbox 515 2951 554 2996; x_wconf 90' lang='grc'>41.</span> <span class='ocrx_word' id='word_1_387' title='bbox 857 2938 985 3001; x_wconf 76' lang='lat' dir='ltr'>transfugit</span> <span class='ocrx_word' id='word_1_388' title='bbox 1000 2952 1024 2999; x_wconf 91' lang='grc'>1,</span> <span class='ocrx_word' id='word_1_389' title='bbox 1041 2936 1078 2989; x_wconf 84' lang='grc'>16.</span> <span class='ocrx_word' id='word_1_390' title='bbox 1097 2938 1128 2988; x_wconf 89' lang='lat' dir='ltr'>iis</span> <span class='ocrx_word' id='word_1_391' title='bbox 1145 2940 1221 2988; x_wconf 86' lang='lat' dir='ltr'>dstur</span> <span class='ocrx_word' id='word_1_392' title='bbox 1238 2940 1330 2997; x_wconf 75' lang='lat' dir='ltr'>cirita.</span> 
     </span>
    </p>

    <p class='ocr_par' dir='ltr' id='par_1_17' title="bbox 291 2998 1330 3385">
     <span class='ocr_line' id='line_1_43' title="bbox 291 2998 1330 3067; baseline 0.004 -18"><span class='ocrx_word' id='word_1_393' title='bbox 291 2998 384 3050; x_wconf 81' lang='lat' dir='ltr'>Civitas</span> <span class='ocrx_word' id='word_1_394' title='bbox 394 2998 419 3048; x_wconf 89' lang='lat' dir='ltr'>in</span> <span class='ocrx_word' id='word_1_395' title='bbox 434 3000 495 3048; x_wconf 86' lang='lat' dir='ltr'>duas</span> <span class='ocrx_word' id='word_1_396' title='bbox 509 3005 590 3063; x_wconf 85' lang='lat' dir='ltr'>partas</span> <span class='ocrx_word' id='word_1_397' title='bbox 602 3000 703 3051; x_wconf 86' lang='lat' dir='ltr'>discedit</span> <span class='ocrx_word' id='word_1_398' title='bbox 718 3016 743 3067; x_wconf 88' lang='grc'>9,</span> <span class='ocrx_word' id='word_1_399' title='bbox 754 3000 792 3062; x_wconf 90' lang='grc'>46.</span> <span class='ocrx_word' id='word_1_400' title='bbox 857 3007 884 3050; x_wconf 87' lang='lat' dir='ltr'>ct</span> <span class='ocrx_word' id='word_1_401' title='bbox 896 3008 964 3051; x_wconf 83' lang='lat' dir='ltr'>trans</span> <span class='ocrx_word' id='word_1_402' title='bbox 974 3004 1095 3051; x_wconf 79' lang='lat' dir='ltr'>Anienem</span> <span class='ocrx_word' id='word_1_403' title='bbox 1109 3018 1176 3066; x_wconf 75' lang='lat' dir='ltr'>ager,</span> <span class='ocrx_word' id='word_1_404' title='bbox 1189 3004 1249 3054; x_wconf 83' lang='lat' dir='ltr'>ibid.</span> <span class='ocrx_word' id='word_1_405' title='bbox 1267 3004 1330 3053; x_wconf 77' lang='lat' dir='ltr'>inter</span> 
     </span>
     <span class='ocr_line' id='line_1_44' title="bbox 323 3064 1328 3129; baseline 0.006 -18"><span class='ocrx_word' id='word_1_406' title='bbox 323 3064 408 3124; x_wconf 80' lang='lat' dir='ltr'>libera,</span> <span class='ocrx_word' id='word_1_407' title='bbox 423 3068 448 3112; x_wconf 88' lang='lat' dir='ltr'>ct</span> <span class='ocrx_word' id='word_1_408' title='bbox 461 3078 513 3125; x_wconf 87' lang='lat' dir='ltr'>rex,</span> <span class='ocrx_word' id='word_1_409' title='bbox 527 3070 615 3113; x_wconf 84' lang='lat' dir='ltr'>natura</span> <span class='ocrx_word' id='word_1_410' title='bbox 629 3066 693 3114; x_wconf 84' lang='lat' dir='ltr'>inter</span> <span class='ocrx_word' id='word_1_411' title='bbox 706 3082 733 3115; x_wconf 87' lang='lat' dir='ltr'>se</span> <span class='ocrx_word' id='word_1_412' title='bbox 748 3066 793 3114; x_wconf 87' lang='lat' dir='ltr'>ini-</span> <span class='ocrx_word' id='word_1_413' title='bbox 858 3065 945 3115; x_wconf 81' lang='lat' dir='ltr'>Patres</span> <span class='ocrx_word' id='word_1_414' title='bbox 958 3067 1054 3129; x_wconf 77' lang='lat' dir='ltr'>legitur,</span> <span class='ocrx_word' id='word_1_415' title='bbox 1064 3066 1123 3116; x_wconf 81' lang='lat' dir='ltr'>ibid.</span> <span class='ocrx_word' id='word_1_416' title='bbox 1143 3069 1231 3116; x_wconf 76' lang='lat' dir='ltr'>nonan</span> <span class='ocrx_word' id='word_1_417' title='bbox 1246 3083 1286 3118; x_wconf 82' lang='grc'>11.</span> <span class='ocrx_word' id='word_1_418' title='bbox 1303 3068 1328 3116; x_wconf 88' lang='lat' dir='ltr'>in</span> 
     </span>
     <span class='ocr_line' id='line_1_45' title="bbox 322 3128 1329 3194; baseline 0.004 -18"><span class='ocrx_word' id='word_1_419' title='bbox 322 3128 386 3177; x_wconf 86' lang='lat' dir='ltr'>mica</span> <span class='ocrx_word' id='word_1_420' title='bbox 404 3139 445 3190; x_wconf 81' lang='grc'>37,</span> <span class='ocrx_word' id='word_1_421' title='bbox 462 3138 500 3190; x_wconf 87' lang='grc'>54.</span> <span class='ocrx_word' id='word_1_422' title='bbox 523 3128 627 3178; x_wconf 58' lang='lat' dir='ltr'>civitais</span> <span class='ocrx_word' id='word_1_423' title='bbox 645 3130 722 3179; x_wconf 75' lang='lat' dir='ltr'>forma</span> <span class='ocrx_word' id='word_1_424' title='bbox 740 3145 793 3179; x_wconf 87' lang='lat' dir='ltr'>mu·</span> <span class='ocrx_word' id='word_1_425' title='bbox 857 3128 910 3178; x_wconf 86' lang='lat' dir='ltr'>eius</span> <span class='ocrx_word' id='word_1_426' title='bbox 920 3132 1049 3180; x_wconf 82' lang='lat' dir='ltr'>conmlstu</span> <span class='ocrx_word' id='word_1_427' title='bbox 1061 3133 1148 3179; x_wconf 85' lang='lat' dir='ltr'>turbae</span> <span class='ocrx_word' id='word_1_428' title='bbox 1158 3145 1198 3192; x_wconf 86' lang='grc'>13.</span> <span class='ocrx_word' id='word_1_429' title='bbox 1208 3146 1262 3194; x_wconf 89' lang='lat' dir='ltr'>sqq.</span> <span class='ocrx_word' id='word_1_430' title='bbox 1279 3132 1329 3181; x_wconf 83' lang='lat' dir='ltr'>eius</span> 
     </span>
     <span class='ocr_line' id='line_1_46' title="bbox 321 3193 1328 3261; baseline 0.004 -20"><span class='ocrx_word' id='word_1_431' title='bbox 321 3198 396 3252; x_wconf 80' lang='lat' dir='ltr'>tetur,</span> <span class='ocrx_word' id='word_1_432' title='bbox 410 3208 426 3241; x_wconf 78' lang='lat' dir='ltr'><strong>a</strong></span> <span class='ocrx_word' id='word_1_433' title='bbox 442 3193 581 3242; x_wconf 87' lang='lat' dir='ltr'>consulibus</span> <span class='ocrx_word' id='word_1_434' title='bbox 596 3194 628 3241; x_wconf 85' lang='lat' dir='ltr'>cd</span> <span class='ocrx_word' id='word_1_435' title='bbox 645 3194 794 3243; x_wconf 79' lang='lat' dir='ltr'>decemviros</span> <span class='ocrx_word' id='word_1_436' title='bbox 857 3194 978 3243; x_wconf 82' lang='lat' dir='ltr'>sententia</span> <span class='ocrx_word' id='word_1_437' title='bbox 994 3196 1026 3243; x_wconf 88' lang='lat' dir='ltr'>de</span> <span class='ocrx_word' id='word_1_438' title='bbox 1041 3194 1159 3243; x_wconf 81' lang='lat' dir='ltr'>dictatore</span> <span class='ocrx_word' id='word_1_439' title='bbox 1175 3197 1283 3244; x_wconf 84' lang='lat' dir='ltr'>creando</span> <span class='ocrx_word' id='word_1_440' title='bbox 1298 3210 1328 3261; x_wconf 88' lang='grc'>19</span> 
     </span>
     <span class='ocr_line' id='line_1_47' title="bbox 321 3256 1329 3322; baseline 0 -15"><span class='ocrx_word' id='word_1_441' title='bbox 321 3258 438 3307; x_wconf 81' lang='lat' dir='ltr'>translato</span> <span class='ocrx_word' id='word_1_442' title='bbox 446 3256 549 3320; x_wconf 88' lang='lat' dir='ltr'>imperio</span> <span class='ocrx_word' id='word_1_443' title='bbox 559 3271 581 3320; x_wconf 88' lang='grc'>3,</span> <span class='ocrx_word' id='word_1_444' title='bbox 588 3270 627 3319; x_wconf 86' lang='grc'>33.</span> <span class='ocrx_word' id='word_1_445' title='bbox 642 3258 732 3306; x_wconf 79' lang='lat' dir='ltr'>liberae</span> <span class='ocrx_word' id='word_1_446' title='bbox 741 3259 793 3307; x_wconf 84' lang='lat' dir='ltr'>iura</span> <span class='ocrx_word' id='word_1_447' title='bbox 857 3264 883 3307; x_wconf 88' lang='lat' dir='ltr'>et</span> <span class='ocrx_word' id='word_1_448' title='bbox 895 3273 932 3320; x_wconf 83' lang='grc' dir='ltr'>3ο.</span> <span class='ocrx_word' id='word_1_449' title='bbox 948 3264 1034 3307; x_wconf 79' lang='lat' dir='ltr'>auctor</span> <span class='ocrx_word' id='word_1_450' title='bbox 1043 3258 1212 3307; x_wconf 73' lang='lat' dir='ltr'>dinolvcndse</span> <span class='ocrx_word' id='word_1_451' title='bbox 1223 3266 1329 3322; x_wconf 78' lang='lat' dir='ltr'>potestn-</span> 
     </span>
     <span class='ocr_line' id='line_1_48' title="bbox 322 3321 1328 3385; baseline 0.005 -17"><span class='ocrx_word' id='word_1_452' title='bbox 322 3321 435 3371; x_wconf 88' lang='lat' dir='ltr'>omnibus</span> <span class='ocrx_word' id='word_1_453' title='bbox 443 3336 523 3384; x_wconf 83' lang='lat' dir='ltr'>sequa</span> <span class='ocrx_word' id='word_1_454' title='bbox 533 3339 556 3382; x_wconf 94' lang='grc'>4,</span> <span class='ocrx_word' id='word_1_455' title='bbox 570 3334 605 3382; x_wconf 90' lang='grc' dir='ltr'>ι5.</span> <span class='ocrx_word' id='word_1_456' title='bbox 857 3323 889 3372; x_wconf 86' lang='lat' dir='ltr'>tis</span> <span class='ocrx_word' id='word_1_457' title='bbox 909 3322 1048 3371; x_wconf 69' lang='lat' dir='ltr'>tribunitiae</span> <span class='ocrx_word' id='word_1_458' title='bbox 1069 3338 1114 3385; x_wconf 88' lang='lat' dir='ltr'>per</span> <span class='ocrx_word' id='word_1_459' title='bbox 1131 3323 1328 3373; x_wconf 68' lang='lat' dir='ltr'>intercedonesn</span> 
     </span>
    </p>

    <p class='ocr_par' dir='ltr' id='par_1_18' title="bbox 290 3384 895 3449">
     <span class='ocr_line' id='line_1_49' title="bbox 290 3384 895 3449; baseline -0.003 -15"><span class='ocrx_word' id='word_1_460' title='bbox 290 3384 350 3434; x_wconf 83' lang='lat' dir='ltr'>Cius</span> <span class='ocrx_word' id='word_1_461' title='bbox 360 3388 425 3445; x_wconf 86' lang='lat' dir='ltr'>urbs,</span> <span class='ocrx_word' id='word_1_462' title='bbox 435 3385 638 3435; x_wconf 81' lang='lat' dir='ltr'>funditnseversa</span> <span class='ocrx_word' id='word_1_463' title='bbox 648 3397 689 3447; x_wconf 85' lang='grc'>31,</span> <span class='ocrx_word' id='word_1_464' title='bbox 701 3401 741 3449; x_wconf 81' lang='grc'>33,</span> <span class='ocrx_word' id='word_1_465' title='bbox 752 3401 792 3449; x_wconf 83' lang='lat'>34.</span> <span class='ocrx_word' id='word_1_466' title='bbox 857 3404 895 3446; x_wconf 86' lang='grc'>44.</span> 
     </span>
    </p>

    <p class='ocr_par' dir='ltr' id='par_1_19' title="bbox 290 3446 1330 3655">
     <span class='ocr_line' id='line_1_50' title="bbox 290 3446 1329 3514; baseline 0.003 -16"><span class='ocrx_word' id='word_1_467' title='bbox 290 3449 391 3499; x_wconf 83' lang='lat' dir='ltr'>Clamor</span> <span class='ocrx_word' id='word_1_468' title='bbox 403 3450 429 3499; x_wconf 91' lang='lat' dir='ltr'>in</span> <span class='ocrx_word' id='word_1_469' title='bbox 443 3450 536 3512; x_wconf 84' lang='lat' dir='ltr'>proelio</span> <span class='ocrx_word' id='word_1_470' title='bbox 551 3449 574 3507; x_wconf 77' lang='lat'>⁸,</span> <span class='ocrx_word' id='word_1_471' title='bbox 588 3446 625 3508; x_wconf 88' lang='lat'>16,</span> <span class='ocrx_word' id='word_1_472' title='bbox 637 3450 675 3512; x_wconf 83' lang='lat'>38.</span> <span class='ocrx_word' id='word_1_473' title='bbox 695 3464 736 3511; x_wconf 87' lang='grc'>15,</span> <span class='ocrx_word' id='word_1_474' title='bbox 753 3465 792 3510; x_wconf 91' lang='grc' dir='ltr'>1ι,</span> <span class='ocrx_word' id='word_1_475' title='bbox 823 3450 1197 3513; x_wconf 74' lang='lat' dir='ltr'>Ap.claudius‚ccs.in1estus</span> <span class='ocrx_word' id='word_1_476' title='bbox 1217 3452 1289 3514; x_wconf 89' lang='lat' dir='ltr'>plebi</span> <span class='ocrx_word' id='word_1_477' title='bbox 1306 3467 1329 3512; x_wconf 87' lang='grc'>1,</span> 
     </span>
     <span class='ocr_line' id='line_1_51' title="bbox 321 3511 1330 3576; baseline 0.005 -15"><span class='ocrx_word' id='word_1_478' title='bbox 321 3528 360 3573; x_wconf 93' lang='grc' dir='ltr'>4ι.</span> <span class='ocrx_word' id='word_1_479' title='bbox 385 3526 425 3575; x_wconf 90' lang='grc' dir='ltr'>3ο,</span> <span class='ocrx_word' id='word_1_480' title='bbox 444 3528 483 3576; x_wconf 83' lang='grc'>34.</span> <span class='ocrx_word' id='word_1_481' title='bbox 507 3511 576 3562; x_wconf 89' lang='lat' dir='ltr'>initio</span> <span class='ocrx_word' id='word_1_482' title='bbox 595 3528 699 3576; x_wconf 78' lang='lat' dir='ltr'>pugnae,</span> <span class='ocrx_word' id='word_1_483' title='bbox 716 3515 790 3564; x_wconf 86' lang='lat' dir='ltr'>index</span> <span class='ocrx_word' id='word_1_484' title='bbox 855 3513 895 3576; x_wconf 89' lang='grc'>56.</span> <span class='ocrx_word' id='word_1_485' title='bbox 914 3521 984 3564; x_wconf 78' lang='lat' dir='ltr'>atrox</span> <span class='ocrx_word' id='word_1_486' title='bbox 1001 3514 1053 3563; x_wconf 84' lang='lat' dir='ltr'>eius</span> <span class='ocrx_word' id='word_1_487' title='bbox 1070 3521 1194 3564; x_wconf 86' lang='lat' dir='ltr'>certarnen</span> <span class='ocrx_word' id='word_1_488' title='bbox 1211 3517 1330 3566; x_wconf 76' lang='lat' dir='ltr'>admurs</span> 
     </span>
     <span class='ocr_line' id='line_1_52' title="bbox 321 3577 1329 3655; baseline 0.003 -29"><span class='ocrx_word' id='word_1_489' title='bbox 321 3583 422 3627; x_wconf 85' lang='lat' dir='ltr'>eventus</span> <span class='ocrx_word' id='word_1_490' title='bbox 431 3594 456 3637; x_wconf 88' lang='grc'>4,</span> <span class='ocrx_word' id='word_1_491' title='bbox 468 3588 506 3639; x_wconf 78' lang='grc'>37.</span> <span class='ocrx_word' id='word_1_492' title='bbox 523 3592 563 3638; x_wconf 86' lang='grc' dir='ltr'>4ο,</span> <span class='ocrx_word' id='word_1_493' title='bbox 576 3577 614 3626; x_wconf 91' lang='grc'>18.</span> <span class='ocrx_word' id='word_1_494' title='bbox 853 3578 963 3629; x_wconf 86' lang='lat' dir='ltr'>tribunos</span> <span class='ocrx_word' id='word_1_495' title='bbox 978 3578 1011 3628; x_wconf 90' lang='lat' dir='ltr'>de</span> <span class='ocrx_word' id='word_1_496' title='bbox 1025 3578 1206 3655; x_wconf 65' lang='lat' dir='ltr'>magistratibus</span> <span class='ocrx_word' id='word_1_497' title='bbox 1224 3580 1329 3642; x_wconf 73' lang='lat' dir='ltr'>plebei&#39;n</span> 
     </span>
    </p>

    <p class='ocr_par' dir='ltr' id='par_1_20' title="bbox 288 3640 1328 3771">
     <span class='ocr_line' id='line_1_53' title="bbox 288 3640 1328 3705; baseline 0.003 -14"><span class='ocrx_word' id='word_1_498' title='bbox 288 3640 428 3705; x_wconf 75' lang='lat' dir='ltr'>Clampetia</span> <span class='ocrx_word' id='word_1_499' title='bbox 442 3642 468 3690; x_wconf 95' lang='lat' dir='ltr'>in</span> <span class='ocrx_word' id='word_1_500' title='bbox 483 3640 585 3691; x_wconf 83' lang='lat' dir='ltr'>Bruttiis</span> <span class='ocrx_word' id='word_1_501' title='bbox 599 3640 694 3703; x_wconf 78' lang='lat' dir='ltr'>cupitur</span> <span class='ocrx_word' id='word_1_502' title='bbox 707 3659 723 3692; x_wconf 90' lang='lat' dir='ltr'>a</span> <span class='ocrx_word' id='word_1_503' title='bbox 740 3643 790 3692; x_wconf 77' lang='lat' dir='ltr'>Ro</span> <span class='ocrx_word' id='word_1_504' title='bbox 853 3643 950 3692; x_wconf 81' lang='lat' dir='ltr'>tributis</span> <span class='ocrx_word' id='word_1_505' title='bbox 981 3642 1085 3692; x_wconf 79' lang='lat' dir='ltr'>comitiis</span> <span class='ocrx_word' id='word_1_506' title='bbox 1117 3644 1237 3702; x_wconf 63' lang='lat' dir='ltr'>mandis,</span> <span class='ocrx_word' id='word_1_507' title='bbox 1268 3646 1328 3694; x_wconf 81' lang='lat' dir='ltr'>ibid.</span> 
     </span>
     <span class='ocr_line' id='line_1_54' title="bbox 320 3705 1327 3771; baseline 0.003 -16"><span class='ocrx_word' id='word_1_508' title='bbox 320 3706 399 3755; x_wconf 81' lang='lat' dir='ltr'>manis</span> <span class='ocrx_word' id='word_1_509' title='bbox 411 3721 450 3771; x_wconf 89' lang='grc'>19,</span> <span class='ocrx_word' id='word_1_510' title='bbox 461 3707 500 3767; x_wconf 85' lang='grc'>38.</span> <span class='ocrx_word' id='word_1_511' title='bbox 518 3720 557 3768; x_wconf 89' lang='grc' dir='ltr'>3ο,</span> <span class='ocrx_word' id='word_1_512' title='bbox 570 3720 607 3769; x_wconf 81' lang='grc'>19.</span> <span class='ocrx_word' id='word_1_513' title='bbox 853 3705 958 3755; x_wconf 81' lang='lat' dir='ltr'>mittitur</span> <span class='ocrx_word' id='word_1_514' title='bbox 970 3707 996 3755; x_wconf 91' lang='lat' dir='ltr'>in</span> <span class='ocrx_word' id='word_1_515' title='bbox 1014 3707 1117 3756; x_wconf 81' lang='lat' dir='ltr'>Volscos</span> <span class='ocrx_word' id='word_1_516' title='bbox 1131 3708 1169 3769; x_wconf 82' lang='grc'>58.</span> <span class='ocrx_word' id='word_1_517' title='bbox 1190 3709 1327 3758; x_wconf 81' lang='lat' dir='ltr'>exercitum</span> 
     </span>
    </p>

    <p class='ocr_par' dir='ltr' id='par_1_21' title="bbox 288 3768 1327 3833">
     <span class='ocr_line' id='line_1_55' title="bbox 288 3768 1327 3833; baseline 0.004 -15"><span class='ocrx_word' id='word_1_518' title='bbox 288 3768 420 3833; x_wconf 76' lang='lat' dir='ltr'>clarigatio</span> <span class='ocrx_word' id='word_1_519' title='bbox 431 3771 455 3825; x_wconf 88' lang='grc'>8,</span> <span class='ocrx_word' id='word_1_520' title='bbox 469 3784 507 3830; x_wconf 88' lang='lat'>14.</span> <span class='ocrx_word' id='word_1_521' title='bbox 854 3770 1014 3833; x_wconf 78' lang='lat' dir='ltr'>nequicquam</span> <span class='ocrx_word' id='word_1_522' title='bbox 1036 3772 1135 3819; x_wconf 85' lang='lat' dir='ltr'>domare</span> <span class='ocrx_word' id='word_1_523' title='bbox 1155 3777 1246 3832; x_wconf 78' lang='lat' dir='ltr'>tentat,</span> <span class='ocrx_word' id='word_1_524' title='bbox 1267 3772 1327 3822; x_wconf 77' lang='lat' dir='ltr'>ibid.</span> 
     </span>
    </p>

    <p class='ocr_par' dir='ltr' id='par_1_22' title="bbox 288 3832 1326 3911">
     <span class='ocr_line' id='line_1_56' title="bbox 288 3832 1326 3911; baseline 0.002 -28"><span class='ocrx_word' id='word_1_525' title='bbox 288 3832 397 3883; x_wconf 76' lang='lat' dir='ltr'>Classico</span> <span class='ocrx_word' id='word_1_526' title='bbox 409 3833 499 3883; x_wconf 81' lang='lat' dir='ltr'>milites</span> <span class='ocrx_word' id='word_1_527' title='bbox 511 3835 543 3883; x_wconf 82' lang='lat' dir='ltr'>ed</span> <span class='ocrx_word' id='word_1_528' title='bbox 558 3832 698 3883; x_wconf 80' lang='lat' dir='ltr'>concionem</span> <span class='ocrx_word' id='word_1_529' title='bbox 712 3834 789 3884; x_wconf 87' lang='lat' dir='ltr'>vocati</span> <span class='ocrx_word' id='word_1_530' title='bbox 853 3834 906 3909; x_wconf 74' lang='lat' dir='ltr'>eius</span> <span class='ocrx_word' id='word_1_531' title='bbox 920 3834 1040 3911; x_wconf 67' lang='lat' dir='ltr'>exercitus</span> <span class='ocrx_word' id='word_1_532' title='bbox 1054 3836 1149 3911; x_wconf 72' lang='lat' dir='ltr'>mansit</span> <span class='ocrx_word' id='word_1_533' title='bbox 1163 3836 1237 3894; x_wconf 73' lang='lat' dir='ltr'>vinci,</span> <span class='ocrx_word' id='word_1_534' title='bbox 1252 3852 1326 3899; x_wconf 82' lang='lat' dir='ltr'>quam</span> 
     </span>
    </p>

    <p class='ocr_par' dir='ltr' id='par_1_23' title="bbox 288 3896 1326 4345">
     <span class='ocr_line' id='line_1_57' title="bbox 288 3896 1326 4024; baseline 0.002 -13"><span class='ocrx_word' id='word_1_535' title='bbox 288 3896 387 4011; x_wconf 53' lang='lat' dir='ltr'>ciffi?</span> <span class='ocrx_word' id='word_1_536' title='bbox 388 3897 543 4009; x_wconf 51' lang='grc' dir='ltr'><strong>Αξῖιιῖἑοὸιῖιιιι</strong></span> <span class='ocrx_word' id='word_1_537' title='bbox 554 3972 595 4024; x_wconf 84' lang='grc'>35,</span> <span class='ocrx_word' id='word_1_538' title='bbox 606 3959 644 4011; x_wconf 89' lang='grc'>16.</span> <span class='ocrx_word' id='word_1_539' title='bbox 661 3961 740 4010; x_wconf 77' lang='lat' dir='ltr'>Attali</span> <span class='ocrx_word' id='word_1_540' title='bbox 749 3975 789 4024; x_wconf 86' lang='grc'>31,</span> <span class='ocrx_word' id='word_1_541' title='bbox 853 3911 1003 4022; x_wconf 40' lang='lat' dir='ltr'>ambis?</span> <span class='ocrx_word' id='word_1_542' title='bbox 1019 3902 1326 4013; x_wconf 53' lang='lat' dir='ltr'>fflffiffl</span> 
     </span>
     <span class='ocr_line' id='line_1_58' title="bbox 323 4024 989 4085; baseline 0.002 -11"><span class='ocrx_word' id='word_1_543' title='bbox 323 4024 358 4075; x_wconf 87' lang='grc' dir='ltr'>ι6.</span> <span class='ocrx_word' id='word_1_544' title='bbox 382 4024 541 4084; x_wconf 77' lang='lat' dir='ltr'>Graecorum,</span> <span class='ocrx_word' id='word_1_545' title='bbox 559 4025 590 4074; x_wconf 85' lang='lat' dir='ltr'>nd</span> <span class='ocrx_word' id='word_1_546' title='bbox 611 4024 700 4075; x_wconf 88' lang='lat' dir='ltr'>Italiae</span> <span class='ocrx_word' id='word_1_547' title='bbox 718 4025 791 4074; x_wconf 82' lang='lat' dir='ltr'>litora</span> <span class='ocrx_word' id='word_1_548' title='bbox 854 4031 921 4085; x_wconf 86' lang='lat' dir='ltr'>ntur,</span> <span class='ocrx_word' id='word_1_549' title='bbox 932 4026 989 4075; x_wconf 82' lang='lat' dir='ltr'>ibid.</span> 
     </span>
     <span class='ocr_line' id='line_1_59' title="bbox 319 4088 1324 4155; baseline 0.005 -18"><span class='ocrx_word' id='word_1_550' title='bbox 319 4090 424 4151; x_wconf 87' lang='lat' dir='ltr'>appulsa</span> <span class='ocrx_word' id='word_1_551' title='bbox 437 4103 474 4148; x_wconf 91' lang='grc' dir='ltr'>ιο,</span> <span class='ocrx_word' id='word_1_552' title='bbox 483 4103 505 4138; x_wconf 82' lang='lat' dir='ltr'>a.</span> <span class='ocrx_word' id='word_1_553' title='bbox 522 4088 627 4139; x_wconf 85' lang='lat' dir='ltr'>Nabidis</span> <span class='ocrx_word' id='word_1_554' title='bbox 639 4089 724 4152; x_wconf 69' lang='grc'>3516.</span> <span class='ocrx_word' id='word_1_555' title='bbox 741 4090 790 4139; x_wconf 91' lang='lat' dir='ltr'>Pn-</span> <span class='ocrx_word' id='word_1_556' title='bbox 821 4090 870 4152; x_wconf 79' lang='lat' dir='ltr'>Ap.</span> <span class='ocrx_word' id='word_1_557' title='bbox 879 4090 998 4139; x_wconf 83' lang='lat' dir='ltr'>Claudius</span> <span class='ocrx_word' id='word_1_558' title='bbox 1011 4096 1105 4140; x_wconf 79' lang='lat' dir='ltr'>creatur</span> <span class='ocrx_word' id='word_1_559' title='bbox 1115 4092 1239 4141; x_wconf 79' lang='lat' dir='ltr'>decemvir</span> <span class='ocrx_word' id='word_1_560' title='bbox 1249 4108 1274 4155; x_wconf 82' lang='grc'>3,</span> <span class='ocrx_word' id='word_1_561' title='bbox 1286 4107 1324 4155; x_wconf 79' lang='grc'>33</span> 
     </span>
     <span class='ocr_line' id='line_1_60' title="bbox 319 4152 1323 4218; baseline 0.007 -19"><span class='ocrx_word' id='word_1_562' title='bbox 319 4152 375 4200; x_wconf 82' lang='lat' dir='ltr'>nica</span> <span class='ocrx_word' id='word_1_563' title='bbox 392 4166 430 4211; x_wconf 88' lang='grc' dir='ltr'>1ι,</span> <span class='ocrx_word' id='word_1_564' title='bbox 445 4166 483 4200; x_wconf 89' lang='grc'>11.</span> <span class='ocrx_word' id='word_1_565' title='bbox 504 4157 630 4214; x_wconf 66' lang='lat' dir='ltr'>quantur</span> <span class='ocrx_word' id='word_1_566' title='bbox 644 4160 790 4217; x_wconf 82' lang='lat' dir='ltr'>tempestate</span> <span class='ocrx_word' id='word_1_567' title='bbox 854 4153 906 4202; x_wconf 83' lang='lat' dir='ltr'>eius</span> <span class='ocrx_word' id='word_1_568' title='bbox 923 4153 1023 4203; x_wconf 87' lang='lat' dir='ltr'>ambitio</span> <span class='ocrx_word' id='word_1_569' title='bbox 1043 4170 1081 4218; x_wconf 87' lang='grc'>35.</span> <span class='ocrx_word' id='word_1_570' title='bbox 1101 4155 1218 4205; x_wconf 74' lang='lat' dir='ltr'>violentis</span> <span class='ocrx_word' id='word_1_571' title='bbox 1235 4156 1277 4216; x_wconf 88' lang='grc'>36.</span> <span class='ocrx_word' id='word_1_572' title='bbox 1296 4158 1323 4205; x_wconf 75' lang='lat' dir='ltr'>li</span> 
     </span>
     <span class='ocr_line' id='line_1_61' title="bbox 320 4217 1323 4295; baseline 0.004 -30"><span class='ocrx_word' id='word_1_573' title='bbox 320 4228 360 4277; x_wconf 85' lang='grc'>13,</span> <span class='ocrx_word' id='word_1_574' title='bbox 382 4228 419 4276; x_wconf 89' lang='grc'>34.</span> <span class='ocrx_word' id='word_1_575' title='bbox 448 4221 525 4265; x_wconf 73' lang='lat' dir='ltr'>vestm</span> <span class='ocrx_word' id='word_1_576' title='bbox 547 4218 682 4267; x_wconf 78' lang='lat' dir='ltr'>Sardininm</span> <span class='ocrx_word' id='word_1_577' title='bbox 705 4234 746 4281; x_wconf 75' lang='grc'>17,</span> <span class='ocrx_word' id='word_1_578' title='bbox 766 4218 790 4268; x_wconf 94' lang='grc'>6.</span> <span class='ocrx_word' id='word_1_579' title='bbox 852 4217 910 4266; x_wconf 89' lang='lat' dir='ltr'>bido</span> <span class='ocrx_word' id='word_1_580' title='bbox 924 4234 963 4278; x_wconf 81' lang='grc'>44.</span> <span class='ocrx_word' id='word_1_581' title='bbox 981 4219 1034 4267; x_wconf 80' lang='lat' dir='ltr'>loro</span> <span class='ocrx_word' id='word_1_582' title='bbox 1050 4218 1151 4281; x_wconf 83' lang='lat' dir='ltr'>pellitur</span> <span class='ocrx_word' id='word_1_583' title='bbox 1166 4235 1206 4295; x_wconf 77' lang='grc'>49</span> <span class='ocrx_word' id='word_1_584' title='bbox 1225 4221 1323 4269; x_wconf 80' lang='lat' dir='ltr'>abdicat</span> 
     </span>
     <span class='ocr_line' id='line_1_62' title="bbox 320 4276 1323 4345; baseline 0.004 -16"><span class='ocrx_word' id='word_1_585' title='bbox 320 4276 422 4329; x_wconf 74' lang='lat' dir='ltr'>vineim</span> <span class='ocrx_word' id='word_1_586' title='bbox 443 4291 458 4326; x_wconf 78' lang='lat' dir='ltr'>a</span> <span class='ocrx_word' id='word_1_587' title='bbox 477 4279 590 4329; x_wconf 82' lang='lat' dir='ltr'>Romana</span> <span class='ocrx_word' id='word_1_588' title='bbox 610 4296 647 4345; x_wconf 86' lang='grc'>19.</span> <span class='ocrx_word' id='word_1_589' title='bbox 665 4288 690 4331; x_wconf 87' lang='lat' dir='ltr'>et</span> <span class='ocrx_word' id='word_1_590' title='bbox 710 4284 749 4341; x_wconf 83' lang='grc'>18,</span> <span class='ocrx_word' id='word_1_591' title='bbox 766 4298 789 4341; x_wconf 91' lang='grc'>4.</span> <span class='ocrx_word' id='word_1_592' title='bbox 853 4282 1041 4331; x_wconf 81' lang='lat' dir='ltr'>decemviratum</span> <span class='ocrx_word' id='word_1_593' title='bbox 1061 4295 1099 4345; x_wconf 92' lang='grc'>54.</span> <span class='ocrx_word' id='word_1_594' title='bbox 1122 4284 1146 4332; x_wconf 90' lang='lat' dir='ltr'>ei</span> <span class='ocrx_word' id='word_1_595' title='bbox 1163 4285 1216 4333; x_wconf 78' lang='lat' dir='ltr'>does</span> <span class='ocrx_word' id='word_1_596' title='bbox 1234 4284 1323 4333; x_wconf 83' lang='lat' dir='ltr'>dicitur</span> 
     </span>
    </p>
   </div>
   <div class='ocr_carea' id='block_1_3' title="bbox 0 0 1472 4800">
    <p class='ocr_par' dir='ltr' id='par_1_24' title="bbox 0 0 1472 4800">
     <span class='ocr_line' id='line_1_63' title="bbox 0 0 1472 4800; baseline 0 3"><span class='ocrx_word' id='word_1_597' title='bbox 0 0 1472 4800; x_wconf 95' lang='lat' dir='ltr'> </span> 
     </span>
    </p>
   </div>
  </div>
 </body>
</html>
