2934 4800
353 214 395 275 84
740 201 853 271 TITI
881 202 1018 270 LIVII

200 371 235 422 U.
251 371 280 420 ο,
293 370 347 432 581·
357 356 494 436 ‘petet-e,
510 367 551 410 ne
571 365 628 410 rex
641 343 765 410 vicinus
782 342 916 430 imperio
929 343 971 407 sit
990 342 1148 417 Romano,
1162 362 1207 404 ne
1227 357 1330 426 gens
1345 333 1432 432 bello

200 437 232 486 A.
248 436 278 486 C·
294 432 491 499 57¹·‘nobilis
502 455 589 496 arma
602 431 725 496 habeat
773 429 863 494 Haec
877 431 964 494 enim
978 427 1132 494 tradenda
1145 450 1183 491 au
1229 425 1309 489 rbis
1323 421 1433 485 domi·

359 520 430 584 ‘nis
449 541 516 584 esee
534 540 607 583 cum
624 540 698 605 rege
721 539 894 604 regnoque,
914 517 941 579 si
962 514 1111 580 absistere
1131 513 1184 578 bel
1195 536 1229 590 o,
1249 525 1294 575 et
1321 509 1432 573 facere

360 615 370 646 ‘
381 606 535 694 imperata
547 603 666 669 velint’

249 705 301 766 53.
406 691 515 768 Quum
531 712 730 778 peromnem
744 689 918 754 orationem
932 689 1005 752 satis
1019 685 1179 773 frequenti
1190 705 1346 750 assensu
1362 703 1435 744 suc-
1462 748 1464 759 ,

359 778 529 846 clamatum
548 791 650 853 esset3
673 789 743 842 turn
762 798 837 840 vero
856 799 895 840 ea
912 774 1104 851 vociferatio,
1120 771 1216 838 simul
1237 770 1434 856 indignan-
1462 768 1464 825 l

360 867 440 931 tium
466 864 755 951 minitantiumqne,
778 862 892 950 partim
915 861 1093 926 iubentium
1114 861 1241 924 bonum
1268 857 1433 922 animum
1462 912 1464 915 .

203 968 320 1017 Maneat>
359 952 475 1017 habere
495 973 613 1038 regem,
629 963 739 1015 exorta
757 963 814 1026 est,
830 961 867 1013 ut
886 948 983 1011 finem
1002 945 1130 1011 dicendi
1144 945 1281 1010 faceret.
1341 942 1434 1006 Tan·
1462 1008 1464 1013 ,

202 1030 259 1080 ”¹⁸⁰
270 1031 326 1080 eivi-
360 1052 428 1103 tum
448 1038 539 1102 iussis
553 1037 595 1102 ad
613 1031 675 1102 iter
693 1058 812 1123 parare,
828 1036 906 1122 (iam
921 1035 1008 1098 enim
1022 1032 1086 1098 dici
1103 1055 1233 1096 morere
1253 1041 1382 1094 eastra
1395 1028 1464 1094 abz-

202 1101 269 1208 ffi,
278 1111 351 1209 {pepi}
360 1123 552 1213 Nymphaeo
567 1123 746 1208 Romanos)
759 1121 912 1186 concione
926 1121 1063 1197 dimissa,
1074 1119 1116 1184 ad
1131 1117 1326 1183 audiendas
1343 1115 1433 1200 lega
1462 1130 1464 1142 '

201 1229 267 1273 runt
359 1211 463 1276 tiones
473 1209 648 1275 civitatium
664 1209 872 1275 Macedoniae
884 1230 918 1273 se
929 1207 1071 1271 contulit
1117 1204 1297 1269 Venerunt
1314 1216 1432 1268 autem
1462 1252 1464 1265 2

359 1297 401 1362 ad
420 1297 579 1398 pecunias,
599 1318 658 1384 pro
676 1294 879 1360 facultatibus
898 1315 1045 1394 quaeque
1064 1293 1139 1369 suis,
1157 1304 1191 1356 et
1209 1290 1433 1366 frumentum
1462 1288 1463 1373 f

358 1383 573 1472 polhcendum
590 1383 631 1448 ad
645 1382 773 1447 bellum.
821 1381 978 1446 Omnibus
991 1380 1110 1466 gratiae
1125 1391 1224 1454 actae,
1242 1376 1432 1441 remissum
1462 1408 1463 1461 3

359 1470 520 1547 omnibus3
543 1469 617 1534 satis
630 1469 733 1555 regios
744 1481 912 1555 apparatus
925 1465 967 1530 ad
981 1489 1020 1530 ea
1033 1466 1156 1530 dictum
1170 1463 1350 1528 sufficere:
1377 1483 1432 1524 re·
1462 1498 1464 1545 5

358 1555 466 1621 hicula
480 1569 604 1621 tantum
620 1555 782 1642 imperata,
798 1567 835 1618 ut
845 1565 1011 1629 tormenta,
1024 1551 1224 1637 telorumque
1242 1548 1430 1614 missilium

359 1642 371 1706 i
433 1655 523 1707 ntem
531 1641 596 1708 vim
604 1653 831 1728 praeparatam,
841 1639 1053 1726 bellicumque
1061 1637 1150 1703 aliud
1158 1637 1428 1701 instrumentum
1462 1648 1464 1652 “

358 1749 398 1792 ve
422 1741 520 1792 erant

402 1811 568 1877 Profectus
589 1811 665 1876 inde
683 1822 751 1876 toto
772 1810 924 1889 exercitu,
941 1810 1119 1876 Eordaeam
1138 1823 1266 1898 petens,
1286 1809 1340 1874 ad
1363 1806 1427 1871 Be-
1462 1836 1463 1841 ¹

401 1899 520 1975 rritem,
536 1919 633 1984 quern
647 1909 771 1975 vocant,
786 1897 890 1961 lacum
904 1898 1014 1985 positis
1029 1898 1147 1974 castris,
1162 1909 1296 1984 postero
1314 1895 1379 1959 die
1394 1895 1428 1956 in
1462 1950 1463 1953 ,

202 1991 352 2068 ltin'ihea
391 1984 517 2049 linteam
532 1983 573 2048 ad
589 1982 798 2048 Haliacmona
816 1984 948 2048 fluvium
967 1983 1127 2071 processit
1173 1981 1316 2047 Deinde
1340 1979 1426 2045 saltu
1462 1990 1464 2063 ζ

201 2057 296 2108 sairam.
360 2084 494 2157 angusto
515 2070 670 2158 superatis
691 2069 860 2147 montibus,
881 2093 960 2157 quos
984 2069 1182 2134 Cambunios
1202 2081 1345 2143 vocant,
1370 2067 1426 2131 de
1462 2083 1464 2117 ³

359 2156 484 2222 scendit
500 2155 542 2228 ad
559 2154 732 2244 (Tripolim
753 2156 882 2241 vocant)
902 2156 1240 2244 Azorum'Pythinm,
1261 2168 1296 2220 et
1325 2143 1464 2236 Deli-2.

298 2255 304 2264 ’
359 2241 443 2308 chen
471 2241 654 2307 incolentes
700 2240 792 2306 Haec
816 2243 877 2306 tria
905 2242 1022 2329 oppida
1049 2242 1224 2330 paullisper
1249 2235 1464 2314 cunctata*

359 2328 436 2417 quia
463 2326 587 2393 obsides
616 2327 787 2392 Larissaeis
812 2328 975 2407 dederant,
1000 2330 1084 2394 victa
1114 2344 1223 2393 tamen
1250 2326 1425 2415 praesenti
1462 2354 1463 2359 ¹

358 2430 457 2492 metu,
469 2416 504 2479 in
518 2413 713 2479 deditionem
728 2430 958 2481 conoessertmt
1004 2415 1152 2502 Benigne
1166 2416 1218 2479 bis
1232 2415 1424 2501 appellatis,
1462 2459 1464 2487 2

358 2501 446 2567 haud
456 2501 572 2567 dubius
587 2500 783 2566 Perrhaebos
793 2524 920 2587 quoque
932 2502 1018 2566 idem
1032 2502 1179 2579 facturos,
1193 2502 1325 2578 urbem,
1339 2496 1444 2565 nihii-⁶
1462 2542 1464 2547 ·

359 2588 523 2665 cunctatis,
540 2586 595 2673 qui
610 2587 800 2664 incolebant,
815 2588 917 2673 primo
934 2587 1076 2653 adventu
1088 2589 1212 2676 recipit.
1262 2586 1443 2675 Cyretiasi
1462 2602 1464 2651 4

359 2696 542 2761 oppugnare
558 2687 693 2751 coactus,
706 2674 809 2761 primo
816 2674 915 2737 etiam
929 2674 983 2738 die
994 2675 1059 2739 acri
1072 2696 1233 2739 concursu
1247 2672 1293 2738 ad
1359 2689 1425 2739 rtas

359 2773 551 2824 armatorum
562 2758 773 2846 estrepulsus:
796 2774 924 2846 postero
932 2759 985 2825 die
996 2762 1146 2826 omnibus
1155 2783 1195 2825 co
1218 2760 1259 2824 iia
1315 2774 1423 2835 ortus,

293 2890 302 2908 .
359 2844 394 2907 in
409 2842 604 2909 deditionem
619 2866 729 2909 omnes
748 2858 822 2909 ante
841 2859 969 2910 noctem
983 2848 1115 2933 accepit
1161 2784 1290 2935 libne,
1302 2848 1424 2947 proxi-

359 2950 448 2992 mum
463 2928 626 3017 oppidum,
642 2928 687 2994 ita
700 2931 868 3008 munitum,
884 2944 921 2995 ut
935 2932 1200 3020 inexsuperabilis
1215 2934 1423 2999 mummenti

359 3036 431 3100 spes
444 3014 562 3079 incolas
571 3013 736 3079 ferociores
749 3016 875 3094 faceret,
887 3039 953 3082 non
967 3030 1075 3105 portas
1085 3018 1237 3097 claudere
1252 3020 1328 3107 regi
1344 3021 1422 3085 satis
1462 3093 1463 3096 Ἴ

358 3098 548 3177 habuerunt,
572 3098 630 3165 sed
656 3098 778 3187 probris
801 3125 929 3189 quoque
951 3102 988 3167 in
1012 3104 1117 3191 ipsum
1144 3104 1440 3194 Macedonasque8

392 3262 465 3321 μά
478 3264 525 3310 iter
539 3262 644 3323 maore]
674 3262 731 3312 Sub.
745 3278 804 3320 aeae,
819 3264 862 3311 aed
894 3261 929 3312 tio
945 3265 1165 3327 plerooqucaditoa
1176 3268 1323 3331 occupavit.
1362 3270 1422 3318 Per·

358 3322 470 3386 Sigonius
478 3326 567 3387 parari
578 3324 688 3386 praefert
894 3326 1006 3389 spicuam
1017 3335 1101 3377 tamen
1111 3337 1150 3378 est
1160 3331 1244 3393 primo
1255 3332 1323 3380 nihil
1336 3334 1422 3381 minus

391 3384 861 3452 4Ad(l'ripolimoooont)dnonom...
894 3391 1023 3441 convenire
1044 3392 1104 3441 huic
1126 3394 1192 3452 loco,
1211 3410 1292 3457 quam
1313 3400 1420 3445 terbum

357 3452 499 3512 incolentes]
532 3451 573 3500 Ad
593 3450 727 3501 incolentes
747 3453 862 3511 Azorum,
893 3462 1001 3503 motato.
1029 3456 1089 3505 Non
1099 3456 1168 3506 enim
1179 3459 1300 3521 Cyretias
1311 3460 1422 3510 Persem

359 3514 487 3577 Pythium,
497 3520 522 3564 et
537 3514 667 3574 Dolichen,
695 3515 862 3577 namquidam
894 3532 1036 3580 oppugnare
1058 3526 1163 3569 conatus
1183 3529 1232 3582 eat,
1254 3524 1303 3571 sed
1326 3531 1356 3573 et
1378 3542 1421 3588 op
1462 3515 1464 3552 ²

357 3577 481 3641 regionem
495 3578 616 3640 Tripolim
632 3531 725 3627 sociat.
760 3580 863 3640 Tripolis
894 3583 1012 3642 pugnavit
1031 3597 1124 3643 revera,
1144 3591 1173 3633 et
1193 3587 1273 3649 oepit.
1317 3588 1421 3638 Deinde

359 3656 407 3689 vox
419 3641 513 3691 Graeca
522 3648 568 3701 est,
578 3641 688 3690 indicans
697 3642 862 3704 regionem
893 3659 943 3691 non
953 3645 1035 3694 minus
1042 3648 1137 3695 clarum
1145 3655 1194 3709 eat,
1201 3652 1312 3699 verbnm
1319 3662 1421 3702 motu

358 3703 436 3751 tribua
446 3705 541 3767 oppidis
550 3704 693 3753 habitatam.
710 3706 790 3755 Cant.
893 3707 934 3755 hic
947 3711 1067 3771 apprime
1088 3713 1219 3773 quadrare.
1265 3716 1369 3765 Urbem
1396 3718 1419 3765 in

393 3768 546 3839 sufflatum]
565 3768 782 3830 VulgoPptltootn
805 3768 861 3816 Mu-
894 3771 1039 3821 Perrhaebia
1060 3774 1167 3825 Perseus
1194 3778 1282 3839 primo
1306 3774 1421 3830 adventu

357 3829 453 3877 tants*
485 3831 862 3890 niuaaxPlutarcboinPanllo,
893 3843 1025 3896 receperat.
1058 3840 1093 3886 At
1111 3854 1163 3888 non
1181 3843 1275 3891 eadem
1294 3845 1420 3894 facilitate

359 3896 385 3940 et
396 3844 527 3953 scopilio.
545 3894 625 3970 Gaas.
724 3960 729 3972 Ι
893 3898 999 3959 cyretin
1015 3902 1109 3963 potitus
1121 3910 1167 3954 ent
1203 3905 1259 3956 Eas
1270 3923 1419 3972 oppugnare

392 3952 408 4003 6
428 3956 604 4031 &manilii
623 3962 755 4031 artmtatu]
783 3960 862 4007 Recte
894 3966 930 4008 eat
947 3970 1053 4024 cmctns,
1071 3972 1148 4027 atque
1167 3969 1247 4019 etiam
1273 3974 1361 4035 primo
1380 3974 1420 4021 die

359 4024 445 4065 monet
463 4018 606 4077 Gratianus,
625 4020 742 4069 excidisse
763 4022 804 4069 hic
819 4037 862 4069 no-
893 4026 1059 4085 ropuiruseat
1075 4030 1159 4080 cm.

359 4094 417 4129 men
428 4083 501 4141 urbis,
511 4096 584 4144 quam
598 4082 676 4143 primo
686 4084 794 4132 adventu
805 4086 862 4133 Per
930 4090 1064 4141 8Probeir
1078 4110 1198 4157 qaoque.
1217 4134 1224 4147 .
1243 4134 1252 4148 .
1270 4136 1279 4149 .
1296 4103 1417 4160 maa]

359 4146 523 4225 acturaeepit
542 4146 629 4194 Daart.
842 4212 847 4223 ¹
893 4153 991 4201 Probro
1017 4156 1151 4218 legendum
1179 4162 1238 4209 vult
1265 4164 1418 4221 Gronovius,

359 4208 863 4345 tribulabimini
894 4222 1286 4339 immittit*
1302 4232 1418 4343 m

359 4340 390 4382 nt
402 4334 448 4395 lagi
460 4342 567 4395 conatus,
578 4350 642 4397 qnae
654 4335 740 4384 infelix
750 4339 862 4387 emenda
895 4342 1009 4393 barchina
1025 4354 1070 4395 ant
1091 4353 1315 4412 praepositionem
1331 4362 1364 4408 r„
1380 4360 1417 4407 de
