2934 4800
361 181 425 242 234
746 170 1027 239 EPITOMAE

847 477 922 544 LII.

362 651 469 720 CUM
496 650 646 727 Achaeis,
671 649 728 736 qui
754 650 789 714 in
815 649 933 715 auxilio
957 649 1097 717 Boeotos
1122 663 1157 718 et
1182 652 1404 718 Chalcidem

359 739 530 815 habehant,
560 735 784 812 Maecilius
810 735 963 802 Metellus
992 737 1033 802 ad
1064 737 1314 826 Thermopylas
1342 737 1406 802 bello

359 825 524 891 conflixit:
548 822 664 909 quibus
683 822 785 899 victis,
804 822 871 887 dux
893 844 1004 888 eorum
1024 821 1187 890 Critolaus
1207 848 1347 890 veneno
1363 823 1405 888 ab

360 923 495 976 mortem
509 908 670 974 conscivit.
716 907 757 974 ln
774 909 865 972 cuius
882 908 986 974 locum
1003 908 1134 988 Diaeus,
1151 911 1407 977 Achaici'motis

382 997 481 1060 rimus
502 1008 621 1071 auctor,
636 995 676 1059 ab
695 993 834 1059 Achaeis
853 994 920 1059 dux
941 1008 1075 1073 creatus,
1095 994 1137 1060 ad
1160 995 1324 1062 Isthmon
1344 1019 1361 1060 ι
1378 995 1404 1058 L

401 1081 522 1146 ummio
547 1080 677 1146 consule
701 1080 804 1144 victus
828 1092 895 1145 est:
930 1081 995 1168 qul,
1022 1083 1111 1146 omni
1137 1082 1274 1148 Achaia
1306 1083 1344 1147 in
1365 1081 1406 1146 dr·

359 1169 515 1234 ditionem
543 1179 683 1253 accepta,
712 1164 893 1232 Corinthon
925 1189 967 1232 ex
995 1168 1282 1234 senatusconsulto
1314 1167 1405 1240 diiu‘t,

358 1277 437 1407 guia
456 1254 502 1319 ibi
523 1252 620 1340 legati
640 1252 779 1317 Romani
798 1252 905 1317 violati
925 1268 1023 1318 erant.
1069 1253 1205 1319 Thebae
1226 1268 1405 1406 ‹hucqueet

1281 1361 1406 1406 ummitt

392 1340 501 1417 halcis,
516 1362 599 1427 quae
619 1337 739 1403 auxilio
753 1338 888 1416 fiierant,
904 1338 1036 1404 dimtae.
1082 1337 1154 1426 Ipse
1177 1340 1218 1405 L

359 1425 660 1493 abstinentissimum
675 1424 778 1488 virum
836 1425 878 1490 'tr
902 1447 963 1490 nec
983 1425 1154 1512 quicquam
1175 1449 1220 1490 cx
1242 1429 1288 1492 iis
1307 1427 1404 1513 opilio

357 1511 625 1598 ornamentisque,
636 1533 719 1598 quae
756 1447 898 1576 afflues
910 1511 1080 1577 Corinthos
1094 1511 1219 1590 hahuit,
1232 1513 1274 1578 in
1285 1513 1406 1578 dommi

357 1599 428 1664 eius
455 1597 608 1685 pervenit
656 1595 698 1671 Q
749 1595 878 1662 aecilius
905 1596 1057 1662 Metellus
1084 1597 1126 1663 de
1157 1598 1332 1664 Andrisco
1363 1597 1403 1662 tn'·

359 1684 545 1772 umphavit3
575 1681 613 1748 P.
627 1675 798 1748 Cornellus
825 1682 932 1771 Scipio
953 1682 1122 1748 Africanus
1141 1681 1404 1752 Aemiliaumde

360 1769 555 1855 Carthagine
569 1768 658 1834 etde
674 1767 884 1834 Hasdnibale.
929 1768 1094 1834 Viriathus
1113 1770 1148 1834 in
1163 1769 1337 1858 Hispania
1352 1769 1402 1857 pri

358 1877 448 1919 mum
476 1877 517 1919 ex
545 1869 670 1942 pastore
698 1867 838 1932 venator,
865 1877 907 1920 ex
930 1869 1079 1922 venatore
1108 1855 1199 1935 latro,
1227 1879 1314 1923 mox
1342 1855 1402 1920 inm'

381 1965 404 2006 u
446 1963 487 2006 ue
504 1940 663 2006 exercitus
676 1940 745 2004 dux
758 1939 867 2018 factus,
884 1954 983 2006 totam
998 1941 1197 2007 Lusitaniam
1218 1943 1400 2032 occuparit;

358 1964 399 2092 C.
445 2027 568 2092 etilium
596 2039 784 2115 praetorem,
813 2027 883 2092 fuso
912 2028 981 2092 eius
1009 2029 1162 2106 exercitu,
1187 2031 1305 2116 cepit:
1342 2045 1400 2116 pos

357 2136 455 2200 quem
479 2111 518 2177 C.
532 2112 676 2177 Plautius
697 2126 824 2199 praetor
845 2111 946 2177 nihilo
962 2111 1084 2178 felicius
1104 2137 1172 2178 rem
1192 2117 1320 2200 gemit:
1344 2130 1401 2178 tan·

357 2211 490 2286 tumque
506 2199 633 2262 terroris
646 2199 673 2263 is
687 2197 786 2263 hostis
800 2197 918 2277 intulit,
933 2211 970 2264 ut
988 2199 1135 2264 adversus
1153 2223 1232 2265 euni
1249 2199 1398 2266 consulati
1437 2191 1438 2229 ¹

357 2297 540 2437 opupefisset
555 2283 697 2436 ,eiduoe’
716 2297 750 2348 et
769 2285 921 2437 exgmitp
967 2282 1136 2437 Praeterpli
1154 2299 1265 2439 mutdn
1289 2287 1315 2354 S
1353 2287 1359 2300 '

356 2394 374 2436 e
477 2393 555 2436 ain
587 2391 799 2457 riegesges
855 2392 888 2436 re
920 2393 1042 2436 runur.
1132 2393 1292 2451 exaner,

357 2459 365 2473 '
412 2472 485 2525 otus
507 2470 541 2523 et
562 2457 701 2523 incertae
723 2458 840 2544 stirpis,
863 2458 976 2536 occiso,
998 2457 1080 2523 sicut
1103 2470 1177 2525 ante
1199 2460 1333 2527 dictinii
1352 2472 1396 2533 eit,
1436 2410 1438 2483 A

410 2544 524 2611 mettio
540 2566 625 2632 rege,
640 2544 676 2607 in
694 2542 788 2631 Syria
804 2544 963 2631 regimbat
1009 2543 1108 2609 Hunc
1123 2545 1328 2625 Demetrius,
1343 2546 1397 2611 De
1437 2580 1438 2617 t

356 2632 461 2697 metrii
481 2629 574 2708 lilius,
589 2630 647 2730 qui
666 2652 686 2694 a
704 2643 793 2716 patre
811 2628 974 2718 quondam
995 2631 1036 2695 ob
1056 2630 1194 2697 incertas
1216 2632 1299 2697 belli
1322 2652 1396 2699 emm

354 2715 518 2802 ablegatus
545 2716 679 2781 Gnidon
706 2716 820 2793 fuerat,
847 2728 1029 2804 contempta
1057 2717 1200 2783 socordia
1225 2719 1397 2806 inertiaque

355 2802 434 2879 eiua,
465 2801 636 2866 adiuvante
666 2800 861 2879 Ptolemaeo,
893 2803 1036 2889 Aegypti
1068 2826 1152 2891 rege,
1182 2804 1279 2870 cuius
1312 2806 1395 2871 filisu
1437 2812 1438 2841 ¹

357 2886 562 2973 Cleopatram
590 2887 626 2951 in
652 2888 888 2954 matrimonium
918 2902 1090 2975 acceperat,
1117 2889 1202 2955 bello
1231 2891 1394 2958 interemit

354 2971 565 3049 Ptolemaeus,
580 2972 614 3035 in
629 2985 726 3059 caput
739 2974 875 3059 graviter
889 2973 1079 3053 vulneratus,
1095 2976 1180 3041 inter
1193 2978 1394 3052 curationem

353 3058 431 3124 dum
453 3080 524 3122 ossa
543 3058 658 3123 medici
679 3060 837 3125 terebrare
859 3060 1069 3138 contendunt,
1088 3085 1107 3127 e
1167 3062 1285 3129 iravitr
1310 3080 1394 3151 atque

354 3146 390 3210 in
403 3143 509 3209 locum
523 3144 593 3209 eius
606 3145 702 3210 frater
718 3146 824 3211 minor
837 3145 1048 3224 Ptolemaeus,
1063 3084 1281 3236 quisdyrenis
1294 3172 1394 3239 regm-

353 3231 417 3308 bat,
433 3232 591 3297 successit.
637 3231 823 3297 Demetrius
842 3232 884 3297 ob
898 3232 1127 3313 crudelitatem,
1165 3257 1242 3300 uam
1263 3260 1325 3325 per
1344 3252 1395 3303 tor·

354 3329 464 3381 menta
493 3316 528 3381 iii
557 3338 631 3383 suos
660 3319 839 3395 exercebat,
865 3341 885 3383 s
914 3318 1057 3384 Diodoto
1086 3257 1238 3407 quddam,
1267 3346 1337 3391 uno
1363 3344 1393 3387 er
1437 3360 1438 3375 κ

352 3402 512 3480 subiectis,
535 3404 592 3489 qui
612 3402 790 3469 Alexandri
812 3403 889 3481 filio,
913 3404 1035 3470 bimulo
1058 3406 1243 3486 admodum,
1269 3430 1392 3498 regnum
1437 3404 1438 3487 J

223 3567 227 3574 ¹
352 3490 519 3566 asserebat,
539 3489 623 3556 bello
644 3502 819 3576 superatus,
842 3489 1018 3555 Seleuciam
1039 3492 1191 3579 confugit.
1239 3494 1282 3561 L
1296 3496 1393 3563 Mum·

352 3576 437 3640 mius
455 3576 496 3641 de
515 3576 654 3641 Achaeis
674 3575 899 3664 triumphavit:
923 3576 1015 3665 signa
1033 3601 1134 3658 aerea,
1150 3602 1391 3673 marmoreaque,

353 3674 387 3725 et
400 3661 521 3728 tabulas
534 3662 635 3749 pictas
648 3662 684 3726 in
699 3662 859 3749 triumpho
874 3662 955 3728 tulit

828 4006 919 4073 LIII.

351 4174 421 4240 ΑΡ.
440 4176 684 4243 CLAUDIUS
705 4178 817 4245 consul
841 4179 989 4259 Salassos,
1008 4194 1138 4269 gentem
1157 4184 1324 4273 Alpinam,
1341 4189 1387 4255 do

349 4262 439 4327 muit.
471 4262 564 4329 Alter
577 4264 869 4353 Pseudophilippus
883 4266 917 4332 in
932 4266 1125 4336 Macedonia
1139 4294 1159 4337 a
1173 4271 1212 4337 L.
1225 4272 1387 4341 Tremellio
1436 4262 1437 4305 ¹
