2934 4800
383 212 446 272 ala
771 203 884 271 ΤΙΤΙ
915 200 1054 271 L1v11

382 341 622 428 multorumque
651 362 689 405 ac
719 340 954 427 pmeclarmcm
983 342 1183 405 inventorum
1209 354 1314 426 parente
1337 362 1392 403 ea·

515 427 593 493 dum
622 440 679 492 est.
727 426 796 503 Qui
824 428 958 514 quidem
981 428 1031 491 vir
1055 426 1141 493 dono
1163 425 1284 513 quodam
1300 427 1394 512 trusi-

408 515 514 580 entiae
542 514 670 602 genitus
694 512 823 579 ridetur
850 514 893 579 ad
918 536 1008 579 mora
1034 512 1253 601 omniparentis
1273 510 1389 575 llam

452 600 563 666 etr-ulia
589 600 841 689 pervestiganda,
872 599 1130 687 abditissimaque
1158 600 1221 663 eim
1246 600 1393 663 mir

386 624 492 753 puepem
517 700 614 776 atque
642 687 677 751 in
706 709 726 751 a
767 700 852 751 mum
880 686 1078 775 proferenda
1124 686 1228 773 Atque
1253 684 1319 749 baec
1341 686 1392 747 33»

385 773 504 861 gularis
527 773 690 838 doctrinae
784 796 804 838 a
831 772 873 837 ad
902 772 1090 838 celebriores
1118 793 1214 859 usque
1235 770 1396 835 Anieseis

386 874 557 948 pervagata
569 882 635 925 non
648 858 742 924 latuit
755 859 943 925 acerrimum
957 858 1123 925 doctorum
1134 858 1264 923 virorum
1275 859 1393 922 min

387 960 494 1011 torum
513 944 715 1011 Clementem
736 944 822 1011 XIV
822 993 843 1024 .,
864 947 920 1033 qni
943 968 1048 1033 nuper
1070 968 1143 1011 enm
1164 944 1319 1009 latorum
1341 942 1395 1007 eh

385 1033 422 1097 in
443 1032 505 1097 boc
520 1032 669 1098 Romano
682 1031 793 1121 Lyceo
813 1032 1015 1097 annumerari
1034 1054 1072 1097 ac
1092 1030 1255 1097 Botsnices
1272 1030 1393 1095 athon

386 1119 586 1184 cohonestari
606 1119 706 1185 iussit.
754 1118 970 1195 Quamobrem
985 1119 1058 1219 quis
1076 1140 1142 1183 non
1160 1139 1279 1183 meeum
1290 1117 1395 1203 optabi

386 1220 426 1271 nt
446 1205 517 1271 talia
538 1219 708 1291 unamque
723 1206 773 1269 vir
787 1205 921 1271 Livisno
943 1204 1020 1270 huic
1033 1206 1133 1270 foenii
1224 1204 1232 1218 ”
1264 1203 1395 1267 adhmi:

387 1293 492 1358 lucem
506 1292 703 1358 extrahendo
717 1292 902 1358 obstetrices
916 1314 1030 1355 manns
1043 1290 1192 1357 adhibeat

432 1379 636 1445 laetandum
647 1378 770 1444 interea
783 1392 833 1444 est
845 1378 994 1444 omnibus
1008 1391 1104 1465 atque
1188 1376 1322 1452 'endum
1335 1376 1397 1472 qud

388 1480 454 1531 tam
482 1466 677 1554 praeclarum
705 1465 928 1566 fingmentum
958 1476 1008 1529 tot
1035 1391 1232 1529 mihinam
1257 1463 1351 1563 qario
1372 1483 1396 1523 a

387 1552 475 1618 hunc
504 1575 605 1639 usqne
634 1552 721 1617 diem
749 1565 940 1639 ignorabim,
971 1550 1101 1615 tandem
1131 1549 1302 1616 Clementis
1330 1544 1398 1612 XII.

387 1640 578 1726 principatu,
594 1639 650 1726 qni
672 1639 798 1704 beatam
812 1637 989 1703 feliciontm
1004 1638 1145 1725 Augusti
1164 1660 1203 1703 eo
1216 1636 1329 1702 Leonis
1343 1652 1397 1699 tm·

386 1746 501 1812 porum
516 1725 700 1790 memoriam
717 1724 891 1803 renovavit,
906 1724 941 1787 in
958 1724 1101 1809 apricum
1115 1723 1245 1789 brunna
1256 1721 1400 1811 poclm

386 1811 482 1961 ilique
497 1825 698 1963 sevtpttirquam
711 1812 886 1963 ffifftqm
898 1811 1059 1963 ettsoqiam
1074 1811 1256 1897 praebuerit
1265 1809 1303 1874 ad
1316 1808 1401 1959 ffi-

424 1919 499 1961 ecae
595 1920 693 1963 canae
818 1984 825 1997 ι
854 1919 929 1999 me
965 1919 1098 1984 gorram
1121 1897 1308 1985 aagendam,
1355 1981 1362 1995 ι

262 2036 266 2041 ’
386 1983 1237 2221 tttttttthtnltgffithffit
1249 2002 1401 2136 Ἠ

385 2156 452 2221 fere
466 2156 611 2256 quotidie
625 2157 731 2222 eidem
748 2156 824 2222 addi
847 2158 918 2233 erit,
933 2155 1188 2257 quum-aliorum
1210 2154 1400 2253 immortalite

387 2242 591 2321 Pontificum,
617 2257 687 2308 tum
714 2264 881 2331 nunquam
910 2256 1007 2307 ettam
1036 2244 1225 2309 interiturae
1252 2262 1400 2309 memem-

386 2328 499 2479 optimi
514 2330 709 2418 maximique
726 2328 904 2395 Clementis
918 2327 1015 2394 XIII.
1032 2328 1173 2417 vestigiis
1190 2330 1346 2407 insistens,
1356 2324 1402 2414 pl

385 2416 542 2480 cerrima
610 2439 632 2503 p
654 2437 762 2482 rorum
790 2416 978 2482 collectione
1003 2415 1068 2482 iam
1092 2417 1242 2482 iustinita
1270 2415 1399 2502 insignite

385 2516 487 2580 aucta,
513 2440 683 2591 mutiplici
708 2503 904 2569 Graecorum
927 2502 1117 2568 Latinonim
1140 2525 1182 2568 ue
1206 2504 1401 2568 numisnutns

384 2605 482 2675 atque
511 2611 584 2653 aere
613 2611 758 2654 casarum
788 2589 961 2677 imaginum
995 2590 1087 2676 copia
1117 2526 1195 2654 ilco
1229 2591 1356 2665 inrecta
1378 2605 1398 2647 Ι

384 2675 525 2760 denique
545 2676 710 2740 rarissimis
728 2674 972 2763 cuiusquemodi
991 2676 1189 2763 antiquitatis
1208 2673 1400 2744 rraonumentitr

386 2761 502 2846 quibus
515 2783 585 2825 eam
600 2761 823 2826 admirandum
842 2762 877 2826 in
897 2760 1027 2827 modum
1047 2763 1138 2827 auxit
1152 2785 1189 2827 ac
1204 2757 1399 2864 locupletari?

387 2849 438 2911 Ac
459 2846 549 2934 quasi
571 2850 655 2913 intra
674 2847 885 2914 bibliothecae
906 2847 1023 2913 limites
1041 2849 1182 2914 maxima
1198 2851 1332 2916 manmi
1344 2847 1399 2912 Pm-

386 2931 480 2997 tiflcis
504 2933 723 2999 munificentia
745 2935 902 3000 contineri
925 2955 991 3000 nou
1016 2949 1132 3022 pomet,
1157 2958 1328 3024 erumpere
1347 2934 1399 2998 fau

384 3017 486 3084 voluit
507 3035 604 3107 atque
628 3022 800 3086 exteriores
825 3021 922 3087 etiam
946 3021 1082 3108 parietes
1106 3023 1282 3089 innumero
1303 3019 1399 3102 inuam?

384 3105 508 3170 tionum
522 3128 657 3172 numero
671 3107 758 3173 unde
774 3107 860 3174 unde
875 3107 1123 3195 nmquisitamm
1137 3131 1305 3176 exornare.
1335 3100 1399 3180 le

385 3192 546 3257 eruditum
575 3207 832 3259 ornamentorum
858 3217 969 3282 genus,
996 3215 1062 3280 quo
1087 3195 1229 3261 maxima
1254 3219 1324 3284 pars
1344 3191 1399 3256 illita

384 3278 566 3356 ambulanti,
581 3303 647 3367 quo
664 3280 699 3344 in
718 3279 943 3346 bibliothecam
965 3281 1123 3368 ingrenus
1143 3295 1246 3370 patet,
1268 3272 1414 3348 conresthh

382 3366 499 3452 coepit,
516 3365 610 3431 tacite
625 3366 864 3453 quodaminodo
882 3367 995 3432 invitat
1016 3391 1057 3434 ac
1072 3391 1170 3434 manu
1188 3368 1284 3435 ducit
1301 3367 1337 3432 ad
1351 3383 1397 3456 pte

385 3454 457 3538 pius
477 3452 659 3518 aedificium
681 3475 792 3518 recens
813 3467 1009 3519 exstructum
1032 3455 1283 3542 mmimendum,
1297 3451 1414 3520 ensal

384 3537 665 3625 pulchritudinem,
681 3538 879 3627 dignitatem,
898 3541 1093 3607 maiestatem
1115 3542 1303 3629 praedicare
1320 3555 1395 3624 aas*

384 3624 463 3702 dier,
478 3625 548 3690 dies
567 3647 620 3692 me
640 3626 743 3705 citius,
759 3649 856 3716 quam
870 3629 968 3693 verbs
981 3627 1140 3693 deficient
1187 3627 1236 3694 Ibi
1255 3628 1395 3695 solumne

384 3711 582 3790 emblemata,
598 3735 708 3791 urnae,
723 3727 909 3792 toreumata,
924 3714 1118 3802 sarcophagi,
1130 3711 1392 3793 candelabra-sigm
1413 3713 1414 3720 '

383 3819 425 3862 ex
447 3821 613 3877 marmore,
628 3813 685 3864 aut
705 3822 777 3865 aere
799 3823 898 3888 prope
920 3801 1080 3888 spirantia,
1094 3801 1331 3902 diligentimime
1345 3813 1393 3888 ton

383 3884 501 3969 quisita
523 3899 557 3949 et
580 3886 872 3952 munificentissime
896 3901 1084 3975 comparata,
1107 3909 1228 3976 regiam
1253 3889 1392 3956 clemens

383 3968 477 4036 xlv.
502 3971 764 4050 munificentiam,
789 3973 1043 4061 optimatumque
1067 3974 1181 4038 artium
1205 3967 1389 4062 pannonius,

382 4057 469 4142 apud
498 4071 730 4145 consequentes
759 4081 870 4127 omnes
899 4071 1017 4125 aetates
1042 4060 1280 4147 praedicabunt.
1328 4053 1388 4128 ΟΨ

381 4143 489 4208 omnia
507 4167 607 4231 quum
627 4159 716 4231 gesta
733 4147 773 4211 ab
791 4168 831 4211 eo
850 4146 923 4224 sint,
939 4170 1005 4234 qno
1019 4159 1160 4234 temporo
1174 4147 1385 4234 gravisimum

376 4229 580 4313 'negotiorum
603 4231 697 4309 mole,
720 4255 816 4319 quam
841 4232 922 4298 miro
948 4255 1074 4321 prorsus
1099 4233 1250 4322 exemplo
1273 4229 1385 4298 snsfinff‘

380 4311 464 4376 solus
487 4315 592 4397 coepit
616 4338 652 4378 ac
677 4339 771 4402 porro
797 4319 909 4404 pergit,
924 4334 1059 4392 *tantum
1086 4343 1151 4385 non
1177 4335 1224 4386 est
1251 4326 1382 4407 oppresst
