2934 4800
322 88 387 148 202
712 77 826 148 ΤΙΤΙ
856 77 994 148 LIVII

165 227 201 280 U.
211 227 243 278 c.
258 228 315 290 ste
323 239 419 305 quam
434 215 589 281 finitimae
603 215 758 294 civitates,
773 217 808 281 iu
822 217 918 282 armis
932 216 1069 282 firerant.
1116 213 1295 280 Auctumni
1307 213 1392 280 fan

164 291 243 403 ᾗῇ·
261 289 450 390 ¹6⁷·tempus
471 315 556 378 erat3
583 301 675 367 cuius
699 302 850 390 temporis
876 303 968 368 initio
990 299 1392 368 circumeundame

165 371 295 467 ὦῶ,
323 390 415 467 ciam,
429 388 636 476 visendaque,
650 411 733 476 quae
749 387 916 454 nobilitata
936 389 1021 454 fama
1041 389 1164 453 maiora
1182 387 1311 453 auribus

165 488 284 546 peragat.
323 488 417 563 cepta
437 489 523 551 aunt,
543 498 641 562 quam
662 475 763 540 oculis
784 487 969 553 noscuntur,
992 489 1028 540 ut
1050 475 1173 552 statuit,
1197 487 1391 561 praepum

323 562 433 628 castris
449 560 489 626 C.
502 560 643 649 Sulpicio
659 559 765 638 Gallo,
780 561 941 662 profectus
954 583 1029 626 cum
1043 559 1130 625 haud
1146 583 1269 648 magno
1281 557 1392 624 ooni-

323 662 402 750 tatu,
418 649 600 799 tquetpgibus
617 646 716 712 latera
738 647 887 798 ScipiorIrp
900 647 969 798 lilio
982 660 1016 712 et
1034 647 1209 798 Atqhepaplo
1223 645 1394 796 Ξιῑιὲηω
1422 706 1426 830 ι

380 758 407 799 rs
522 781 533 812 ,
594 755 611 796 r
628 733 825 798 'Thessaliam
882 757 900 798 e
958 756 993 800 os
1128 756 1164 796 m
1196 756 1222 796 u
1308 753 1394 796 osa·

323 757 450 887 iilum:
473 821 540 899 uhi,
552 756 708 884 iicfifieio
722 818 867 920 Apollini
882 757 976 898 faite,
990 747 1156 884 inpcehddtas
1171 819 1207 882 in
1222 817 1395 883 vestibulo
1424 831 1428 876 t

323 907 496 983 columnas,
519 907 635 994 quibus
660 907 838 992 imposituri
862 920 981 972 statuas
1003 905 1087 993 regis
1109 905 1222 971 Persei
1243 903 1392 981 fircrant,
1428 955 1429 966 ,

323 995 389 1058 stris
409 992 522 1058 statuis
540 993 642 1058 victor
660 991 840 1058 destinavit.
886 992 1048 1058 Lebadiae
1065 1015 1197 1079 quoque
1222 989 1394 1078 templum

324 1078 409 1145 Iovis
428 1078 608 1166 Trophonii
629 1077 717 1142 adiit.
766 1077 833 1144 Ubi
847 1101 948 1166 quum
962 1077 1093 1144 vidisset
1113 1101 1149 1142 oe
1171 1099 1300 1164 specus,
1323 1085 1415 1163 peri

347 1165 412 1231 uod
426 1165 554 1230 oraculo
565 1177 691 1230 utentes
705 1164 897 1230 sciscitatum
909 1165 987 1230 deos
996 1163 1208 1241 descendunt,
1222 1162 1392 1228 sacrificio

323 1189 393 1318 lori
410 1251 905 1340 Hercynaequefacto,quon1m
927 1251 972 1317 ibi
994 1250 1148 1338 templum
1168 1263 1229 1328 est,
1248 1249 1393 1316 Chald-

324 1339 398 1403 dem
427 1338 468 1403 ad
496 1336 712 1426 spectaculum
739 1336 853 1438 Euripi
876 1337 1091 1424 Euboeaeque
1117 1335 1256 1412 insulae,
1281 1349 1389 1423 ponte

323 1424 502 1490 continenti
524 1425 662 1500 iunctae,
682 1422 857 1488 descendit.
904 1425 936 1487 A
953 1422 1108 1489 Chalcide
1130 1421 1296 1486 Aulidem
1313 1437 1390 1486 rate

324 1510 449 1589 traiicit,
470 1511 566 1575 trium
584 1509 719 1574 millium
742 1510 845 1597 spatio
867 1508 1047 1588 distantem,
1065 1521 1195 1597 portum
1218 1507 1387 1574 inclutum

322 1598 459 1661 statione
484 1596 648 1683 quondam
676 1594 763 1660 mille
793 1595 934 1660 navium·
951 1595 1229 1684 Agamemnoniae
1263 1593 1386 1669 em,

324 1681 514 1769 Dianaeque
540 1682 669 1770 templo,
693 1681 750 1747 ubi
775 1682 908 1747 navibus
928 1703 1056 1747 emaum
1081 1681 1123 1746 ad
1143 1681 1297 1759 Troiam,
1319 1680 1387 1744 iilis

323 1768 453 1834 victima
467 1768 528 1832 aris
542 1768 680 1845 admota,
695 1791 752 1833 rex
774 1768 827 1832 ille
928 1791 961 1834 m
980 1768 1082 1856 petiit.
1127 1765 1214 1832 Inde
1232 1767 1385 1868 Oropum

323 1855 453 1920 Atticae
472 1867 605 1920 ventum
627 1868 695 1931 est3
718 1855 775 1919 ubi
796 1791 937 1941 protego
959 1867 1046 1920 vates
1070 1853 1230 1940 antiquus
1254 1853 1405 1928 cohorm

325 1941 543 2028 templumque
564 1954 725 2007 vetustum
749 1955 806 2018 est,
829 1941 971 2006 fontibus
992 1941 1131 2028 rivisque
1158 1941 1248 2006 circa
1276 1962 1384 2006 amoe·

323 2051 411 2092 num
457 2027 603 2092 Athenas
623 2027 709 2104 inde,
724 2026 835 2114 plenas
849 2027 981 2114 quidem
1002 2040 1036 2092 et
1058 2027 1142 2114 ipsas
1156 2039 1323 2092 vetustate
1336 2026 1404 2090 irs-r

323 2135 405 2190 mae,
420 2112 521 2178 multa
535 2126 642 2178 tamen
656 2113 788 2178 visenda
802 2114 975 2180 habentes:
1001 2135 1116 2191 arcem,
1131 2125 1259 2213 portus,
1276 2133 1399 2180 murum

323 2197 493 2264 Piraeeum
507 2199 579 2264 urbi
598 2200 609 2264 i
695 2213 777 2276 ntes,
792 2199 915 2265 navalia
928 2222 1116 2286 magnorum
1133 2213 1398 2286 imperatorum,1

323 2285 492 2350 simulacra
509 2285 643 2350 deorum
686 2286 904 2373 ominumque,
925 2287 1013 2352 omui
1032 2307 1152 2374 genere
1171 2298 1207 2350 et
1229 2285 1379 2351 materiae

256 2424 265 2441 .
323 2385 357 2439 et
376 2373 493 2439 artium
513 2371 521 2386 ⁶
563 2372 570 2386 '
618 2372 626 2386 ‘
703 2370 866 2438 Sacrificio
886 2371 1051 2439 Minervae
1075 2371 1217 2460 praesidi
1242 2373 1327 2439 arcis
1346 2373 1380 2437 in

323 2460 401 2525 urbe
416 2460 499 2527 facto
512 2394 683 2548 ¹pllriiielilirs,
702 2458 897 2525 Corinthum
911 2458 1011 2525 altero
1026 2459 1078 2525 die
1092 2460 1256 2547 persenit.
1297 2459 1379 2525 Urhs

322 2561 391 2610 erat
408 2558 485 2612 tune
504 2546 665 2635 praeclara
678 2559 753 2610 ante
767 2544 940 2623 excidium,
955 2568 1012 2611 arx
1027 2568 1156 2633 quoque
1179 2559 1216 2611 et
1240 2546 1396 2612 Isthmum

323 2632 498 2717 praebuere
518 2631 757 2719 spectaculum:
781 2653 838 2697 arn
853 2630 937 2697 intra
951 2632 1077 2699 moenia
1091 2632 1126 2695 in
1139 2632 1325 2699 immanem
1338 2632 1396 2705 alo

323 2716 495 2783 titudinem
515 2718 612 2797 edita,
632 2731 757 2784 scatens
778 2717 938 2785 fontibus:
964 2716 1104 2783 Isthmus
1120 2716 1189 2785 duo
1211 2720 1329 2798 maria,
1343 2720 1377 2785 ab

321 2946 833 3083 sterilitatium
864 2948 1379 3075 tritrimrtruffi

322 3073 404 3185 cipelqp
417 3074 592 3187 woh
602 3091 649 3124 nec
659 3082 747 3125 curant
757 3076 832 3125 ctiam
864 3074 1215 3189 ‘fflh'biimiymfflm
1232 3077 1378 3127 cerm

323 3153 371 3185 ocu
413 3153 429 3185 n
912 3154 963 3189 ‚mr
984 3156 1007 3188 o.
1047 3154 1104 3188 nav.

353 3199 452 3250 oloris
464 3200 609 3264 Trophonii]
638 3202 678 3251 De
694 3202 832 3267 Trophonii
903 3216 913 3251 1
936 3206 1047 3252 Navalia
1073 3218 1219 3265 mopnortan
1248 3207 1379 3269 imper-m

320 3266 430 3324 oraculo,
442 3271 468 3313 et
483 3266 516 3314 de
527 3265 646 3328 Hercyna
660 3266 760 3329 virgine,
773 3268 832 3316 Pro-
863 3268 932 3327 rum]
946 3267 1053 3316 Navalia
1063 3282 1112 3315 non
1121 3274 1179 3315 sunt
1189 3266 1379 3329 imperatorum,

321 3329 434 3391 serpinae
444 3329 585 3390 comiteur.
599 3331 706 3379 Parum.
717 3332 752 3380 ix.
764 3345 778 3393 3
797 3366 804 3381 .
863 3331 1012 3394 sedpopulr'.
1046 3331 1152 3380 Videtur
1161 3331 1288 3381 excidisse
1298 3334 1379 3395 aliqua

297 3447 299 3450 ,
355 3405 369 3454 7
391 3395 462 3443 Vates
474 3396 604 3457 aadquur]
630 3346 831 3457 VaterAmpdiu-
865 3410 921 3454 vox,
937 3400 999 3469 puta
1016 3402 1180 3454 meritamente,
1195 3402 1241 3443 out
1258 3396 1316 3444 ulia
1332 3412 1378 3445 nou

320 3473 382 3506 rous
391 3458 497 3507 Bekker.
522 3458 832 3521 VaseAmpttlootm,qui
864 3458 981 3507 absimilis
991 3474 1082 3508 seusus
1105 3458 1146 3507 Sic
1157 3458 1232 3521 igitur
1243 3459 1377 3522 legendnm

322 3522 468 3583 Amphiarai
489 3521 555 3570 filius
574 3527 635 3579 erat,
655 3522 788 3572 Douiatius
806 3528 832 3572 et
864 3528 890 3571 et
900 3522 1097 3585 distinguendum
1107 3522 1168 3571 erit:
1185 3525 1378 3589 mulium

321 3585 460 3633 Crerierius
469 3595 638 3647 repensarunt.
862 3602 950 3637 norm
968 3590 1142 3651 imperatorum
1157 3596 1332 3645 monam
1350 3593 1380 3639 si·

354 3649 479 3698 8Pleruu
494 3651 591 3712 quidem
601 3658 625 3699 et
635 3652 702 3713 ipsas
712 3656 831 3701 uetustate
862 3652 1082 3701 marmoreorum
1092 3652 1273 3714 hominumque.
1293 3654 1375 3703 Can.

316 3712 412 3771 samoe,
432 3714 511 3760 multa
531 3714 626 3777 tamea]
666 3715 757 3763 Plenas
778 3713 830 3776 qui·
897 3718 989 3765 sanes
999 3714 1132 3777 escidiunj
1146 3714 1286 3764 Corinthus
1297 3720 1379 3767 excisa

316 3774 380 3822 -dem
396 3776 562 3824 monumentis
572 3778 707 3838 vetustatis,
718 3794 782 3841 quae
796 3778 832 3826 ni-
865 3784 902 3827 est
923 3794 938 3827 a
961 3778 1089 3838 Nummio,
1110 3780 1189 3827 altero
1210 3786 1238 3828 et
1259 3780 1378 3830 domimo

323 3838 359 3886 hil
369 3836 439 3887 aliud
448 3837 542 3899 insigne
555 3840 671 3901 habeant,
680 3858 756 3905 quam
767 3843 832 3905 quod
866 3843 997 3904 posthunc
1008 3858 1080 3891 auno.
1097 3844 1178 3893 Gari.

323 3908 506 3964 repruesentaut
523 3903 675 3954 heroicorum
692 3914 831 3969 temporum
896 3908 1181 3968 3Araeirrtromomiu]
1206 3906 1249 3955 lta
1259 3912 1377 3959 emenda*

323 3967 482 4027 memoriam
503 3968 583 4016 multa
600 3975 684 4018 temen
703 3971 830 4030 habentes,
865 3970 900 4018 vit
911 3970 1050 4019 Gronovius
1065 3984 1109 4032 pro
1123 3973 1290 4021 interm
1329 3976 1376 4023 Do

323 4044 387 4089 quae
408 4045 452 4091 per
470 4047 496 4079 ss
514 4030 577 4094 ipsa,
595 4038 621 4081 et
642 4036 674 4082 ob
695 4040 831 4084 stmeturae
864 4041 903 4083 cet
913 4035 979 4083 enirn
987 4034 1074 4083 Strabo
1083 4034 1132 4084 viii.
1141 4046 1231 4099 p.379.
1250 4037 1375 4089 Acro-Co

323 4094 766 4167 magnificentiamautexcellentiam
774 4098 831 4149 erti-
862 4098 971 4147 rinthurn
996 4098 1120 4146 communi
1146 4114 1203 4147 cum
1222 4101 1285 4149 urhe
1306 4118 1376 4152 mum

324 4158 382 4215 lieri,
393 4160 492 4206 visenda
502 4158 559 4209 sint.
575 4162 657 4211 Cast.
863 4163 969 4211 cinctam
981 4162 1062 4212 fuisse.
1079 4164 1161 4213 Cast.

358 4236 374 4285 9
395 4222 500 4282 Portare]
531 4223 561 4271 lu
584 4225 687 4274 Piraeeo
707 4226 761 4274 eolo
782 4232 830 4279 tres
