2934 4800
437 224 761 295 KuEYSSIGn.
1061 229 1127 297 479

53 385 248 466 Strothio⁴,
268 386 412 477 Iungio⁵‚
429 388 672 469 Wernsdorfio⁶,
690 388 866 457 Osiandroi
885 402 919 455 et
942 386 1128 467 Soebodio³,

53 490 127 576 qui
151 491 266 568 varias,
287 513 367 578 quas
384 506 510 570 vocant,
530 491 682 559 lectionca
704 514 746 559 ex
766 491 930 559 codicibus
944 491 1128 569 Veithiauo,

56 592 258 685 Hufnieusi,
278 593 597 674 Helmstadieusibua,
620 594 854 683 Stmgardiensi
873 609 908 661 et
923 594 1129 662 Cracoviensi

54 702 331 783 excerpserunu,
357 719 396 763 ac
419 721 496 785 prae
525 699 639 765 ceteris
665 699 829 777 Goellero,
853 698 911 787 qui
934 720 1001 765 non
1024 697 1129 764 solum

57 798 163 863 Livii
201 798 318 864 librum
345 800 539 866 tricesimum
569 802 699 891 tertium
728 802 840 880 multo,
870 823 967 889 quam
998 800 1077 867 olim
1108 822 1130 865 a

60 899 256 967 Carbachio
288 924 329 967 ex
361 902 472 969 codice
502 902 699 991 Moguutino
736 902 903 991 evulgatus
937 914 1015 981 erat,
1045 902 1129 967 intc-

61 1003 214 1089 griorem
245 1016 341 1091 atque
370 1004 621 1072 emendatiorem
650 1027 692 1070 ex
720 1004 989 1093 praestantissimo
1016 1004 1128 1070 codice

62 1104 306 1193 Bambergensi
330 1107 441 1186 edidit,
468 1109 525 1175 aad
551 1108 647 1175 etiam
672 1131 801 1175 omnem
826 1108 999 1175 lectionum
1024 1106 1129 1173 diver-

65 1206 204 1273 sitatem
223 1208 258 1273 in
277 1211 400 1288 ceteris,
416 1234 497 1299 quos
514 1210 567 1277 ille
583 1212 737 1294 continet,
753 1211 840 1276 Livii
860 1210 949 1276 libris
969 1222 1128 1297 repertam

65 1331 114 1375 ex
130 1309 248 1375 eodem
262 1312 440 1379 enotavit¹⁰.
477 1313 577 1388 Quod
591 1336 692 1401 quum
707 1312 888 1391 Goellerus,
903 1313 969 1379 sive
984 1324 1127 1400 tempore

67 1411 234 1490 exclusus,
250 1414 315 1480 sire
330 1415 518 1481 necessitate
534 1430 670 1495 coactus,
684 1416 803 1503 raptim
818 1438 878 1481 uec
892 1416 968 1480 satis
981 1426 1128 1481 accurate

68 1514 187 1581 iecisse
209 1514 379 1595 videretur,
401 1529 438 1583 ut
460 1518 549 1597 mihi,
572 1518 705 1608 epistola
728 1519 769 1585 de
792 1518 956 1585 nonnullis
977 1518 1051 1584 libri
1072 1518 1129 1585 tri·

69 1617 186 1683 oesimi
209 1618 294 1683 tertii
315 1618 394 1685 loeis
415 1620 457 1685 ad
475 1620 663 1687 Goellerum
684 1621 869 1709 persenpta,
890 1620 1009 1688 codicia
1031 1619 1129 1686 Bam·

69 1720 238 1807 bergensis
270 1719 378 1787 denuo
414 1723 606 1810 inspiciendi
642 1723 736 1811 copia
770 1724 910 1803 daretru,
939 1746 960 1789 a
988 1722 1128 1803 Iacckio,

70 1822 288 1889 bibliothecae
326 1822 568 1913 Bambergenais
603 1826 772 1914 praefecto,
806 1826 874 1915 qui,
906 1848 972 1914 qua
1005 1826 1128 1893 ratione

72 1924 240 1991 codicibus
269 1926 330 2014 ipsi
357 1927 392 1991 in
421 1928 598 1994 custodiam
626 1928 818 1995 concreditis
846 1928 896 1993 nti
923 1928 989 1993 aive
1022 1928 1129 2014 potius

72 2026 167 2092 abuti
195 2029 404 2107 consueverit,
433 2030 528 2095 editis
555 2052 660 2118 nuper
689 2029 819 2097 Horatii
847 2042 880 2095 et
904 2028 1033 2117 Virgilii
1059 2050 1129 2095 car·

73 2130 218 2195 minibus
239 2131 366 2218 publice
386 2131 567 2211 declaravit,
582 2131 762 2197 verecunde
779 2130 920 2219 quidem,
935 2131 993 2197 aed
1012 2132 1130 2197 frustra

75 2231 240 2298 contendi.
287 2232 401 2300 Nihilo
433 2234 539 2299 minus
570 2246 688 2312 tamen,
718 2255 821 2321 quum
852 2233 1002 2299 editionis
1030 2233 1128 2313 Livii,

76 2355 177 2423 quarn
201 2334 241 2399 ab
268 2334 416 2402 Ernestio
441 2336 626 2402 adornatum
651 2357 719 2402 esse
748 2358 845 2424 supra
869 2334 948 2416 dixi,
974 2358 1129 2424 recogno·

76 2436 215 2502 suendae
232 2437 395 2524 provincia
413 2438 497 2504 ultro
517 2439 597 2504 mihi
610 2438 797 2518 deferretur,
812 2439 875 2503 frui
888 2439 1005 2526 paratis
1018 2439 1128 2518 malui,

78 2563 177 2629 quam
203 2541 340 2607 oblatam
363 2540 404 2607 de
429 2541 515 2609 Livii
540 2541 628 2607 libris
652 2541 737 2608 bene
762 2541 906 2607 merendi
930 2541 1129 2607 occasionem

79 2645 260 2722 dimittere;
283 2645 468 2732 praesertim
483 2667 584 2731 quum
599 2644 793 2712 Bliimuerus
807 2644 996 2710 diuturnum
1010 2643 1129 2710 codicis

495 2846 589 2960 rra
620 2846 1129 2962 annon

81 2976 199 3036 continet,
219 2991 236 3024 a
262 2975 371 3024 struthio
397 2981 547 3038 excerptam,
573 2989 590 3024 a
621 2975 777 3026 cracoviensi
791 2976 938 3034 aSeabndio
953 2977 1128 3040 excerptae,in

81 3039 214 3102 Doeringio
234 3045 316 3088 autam
335 3039 362 3087 in
379 3039 487 3088 editione
506 3053 588 3086 recen-
621 3039 707 3088 iisdem
724 3040 892 3090 Miscellaneia
908 3041 1007 3102 criticis,
1018 3039 1077 3092 Vol.
1089 3042 1128 3091 11.

81 3103 175 3152 tissima
192 3104 314 3164 omissam,
334 3102 468 3152 Klaiberus
486 3101 587 3152 editioni
621 3102 689 3152 Part
702 3103 751 3152 IV.
764 3119 788 3165 p.
802 3103 858 3165 634.
869 3119 921 3168 sqq.

82 3167 259 3230 stutgardianu
269 3167 379 3217 insaniit.
652 3181 668 3232 9
686 3168 758 3215 Adde
776 3174 884 3216 nostram
903 3168 970 3217 Dias.
988 3169 1020 3216 de
1038 3168 1129 3218 codicia

113 3247 128 3294 5
146 3231 232 3281 Ioach.
251 3231 333 3294 Iungii
355 3229 485 3294 Specimen
503 3231 588 3280 lectio·
620 3231 801 3278 membranacei
817 3231 848 3279 T.
858 3230 922 3279 Livii
940 3231 1054 3279 Patavini
1070 3233 1128 3282 His

81 3311 140 3344 num
150 3294 295 3344 variantium
307 3295 398 3344 codicis
407 3293 588 3344 membranacei
620 3293 737 3343 toriamm
757 3294 832 3343 libros
850 3295 911 3343 olim
926 3295 1049 3356 complexi
1067 3296 1128 3357 stag-

83 3359 178 3410 Liviani
192 3361 274 3408 seculo
289 3360 420 3408 undecimo
434 3359 536 3418 exarati,
546 3358 589 3421 qui
621 3363 714 3418 mento,
736 3358 912 3422 Norimbergae
933 3358 961 3407 in
979 3358 1129 3409 bibliotheca

81 3423 271 3472 inbrbliotheca
284 3423 389 3486 collegii
405 3421 498 3472 Medici
514 3437 588 3471 asser·
621 3422 863 3485 Murrianareperto.
897 3422 1128 3498 Lipa1812.otcf.

83 3493 159 3538 rutiu.
188 3487 255 3537 Part.
265 3488 287 3538 1.
300 3487 338 3537 11.
349 3486 587 3548 Hadriae,1783-84.
621 3487 686 3536 Acta
709 3486 839 3536 seminarii
861 3485 934 3549 Regii
953 3491 979 3534 et
1000 3486 1130 3536 Sodatatia

83 3552 160 3602 Hune
179 3551 288 3601 codicem
311 3555 397 3614 postea
414 3551 439 3598 in
459 3550 588 3599 bibliotbe-
621 3549 790 3614 Philologicaa
797 3549 938 3613 lipsiensis,
945 3549 1052 3601 votll.
1061 3551 1129 3600 Part.

84 3631 138 3664 cam
164 3615 314 3665 Academiae
342 3613 485 3664 Hafnieruia
513 3621 588 3664 traua·
622 3613 828 3688 11.1›.440.sqq.
862 3615 903 3664 Ex
920 3615 968 3662 hac
986 3614 1077 3663 codicia
1093 3615 1128 3664 la·

48 3729 53 3740 ,
84 3681 160 3730 latum
171 3694 233 3738 asae,
244 3683 396 3741 compertum
407 3679 493 3728 habeo.
622 3677 687 3727 cinis
703 3679 773 3728 locus
788 3679 843 3728 Iar.
858 3678 983 3728 XXVII.
997 3675 1033 3728 16.
1047 3692 1128 3727 emen-

114 3742 205 3794 ocur.
233 3743 350 3805 Theoph.
379 3741 529 3791 Wernsdort'
559 3743 591 3791 de
622 3743 750 3792 datuaest.

84 3807 147 3858 Livii
169 3806 265 3870 aliquot
289 3805 413 3856 codicibus
436 3806 588 3855 Haimatudi·
657 3820 686 3856 10
703 3805 733 3856 T.
746 3805 811 3855 Livii
830 3805 945 3856 Patavini
964 3805 1129 3856 Historiarum

85 3872 188 3931 ensibus,
211 3871 238 3921 in
264 3870 343 3920 Novis
367 3870 437 3918 Actis
461 3869 590 3918 Societatis
622 3869 790 3919 Libertertiua
798 3869 1130 3933 trigesimuaauctiuaatqna

86 3935 187 3984 Latinae
202 3934 322 3995 lanensis,
334 3934 394 3984 Vol,
406 3933 428 3986 1.
444 3948 469 3995 p.
515 3948 588 3995 ‚sqq
621 3933 774 3982 emendatius
783 3933 844 3997 {cum
860 3934 901 3984 Fr.
915 3933 1021 3982 Iacobaii
1033 3934 1131 3996 auiaqua

87 4000 218 4062 Utriusque
229 3997 589 4048 codicislactioneaKaiberua
621 3997 685 4046 notis
705 4011 737 4046 ex
756 3996 841 4046 codice
861 3996 1035 4059 Bambergensi
1053 3997 1130 4046 edidit

86 4063 182 4112 editioni
194 4063 371 4126 Stutgardierui
382 4062 483 4111 addidit.
621 4061 708 4110 Franc.
727 4059 837 4110 Goeller.
848 4061 958 4110 Aocamit
976 4060 1091 4122 Epistola
1106 4062 1129 4112 Ι.

119 4127 238 4190 7Variae
255 4127 371 4176 lectiones
389 4141 404 4174 e
421 4127 505 4174 codice
524 4123 588 4173 Livii
621 4125 669 4174 Th.
690 4124 827 4187 Kreyssigii
846 4125 878 4174 ad
900 4125 1018 4173 editorem
1041 4129 1066 4172 et
1090 4140 1130 4174 va·

85 4193 267 4242 membranaceo
275 4189 588 4253 StutgardiansiabOaiau-
621 4190 694 4238 rictas
713 4188 848 4237 lectionum
865 4187 976 4237 inlibris
995 4189 1131 4240 XXXI—

87 4257 128 4304 dro
141 4260 263 4313 enotatas,
274 4255 300 4304 in
312 4253 588 4304 FriedemanuiatSee
622 4252 793 4303 XXXVIII.
814 4267 847 4302 ex
869 4253 956 4302 eodem
978 4253 1063 4302 codice
1089 4270 1131 4304 ax·

88 4320 149 4370 badii
163 4319 329 4370 Miscellaueis
344 4319 477 4370 maximam
494 4322 589 4381 partem
621 4322 713 4380 carpta.
746 4316 1040 4368 Fraucoibrtiadiloeu.
1054 4318 1124 4370 1822.
