2934 4800
364 216 460 284 LIB.
484 216 610 284 XLIV.
640 218 753 286 cAP.
776 225 828 287 24.
1061 228 1119 290 141

32 350 295 419 moniam
330 352 465 442 profecti
499 366 583 420 sunt.
647 353 816 420 Traditum
852 367 900 420 est
936 358 1115 438 memoriae,
1127 372 1203 426 (tc.
1218 375 1273 439 584

28 439 443 592 iiii‘ri'm‘liffmnfflli'
465 439 646 592 stillim
667 441 932 594 millii}
952 439 1156 594 ffiiqema
1172 440 1204 491 θ’
1220 439 1273 494 '⁶⁸'

25 574 149 713 linem·
166 636 254 714 eme
271 549 852 712 'Macedoniiabetlofhiaturumque
876 615 1015 680 reditum
1038 553 1113 682 nidi

24 699 372 850 egrssiirirnhlhlehlpiii
385 699 668 885 lotdliaUhgefordhlur,
694 784 839 864 Perseus,
885 787 951 854 uod
969 774 1037 853 iam
1060 789 1111 854 in·
1167 805 1219 865 23,

23 872 209 936 choatum
237 872 401 959 perlicere,
422 894 501 958 qu1a
523 894 667 961 impensa
687 874 842 960 pecuniae
915 873 1010 940 ienda
1032 885 1255 952 eratl’erseiap

23 980 102 1022 non
128 958 326 1024 inducebat
345 959 382 1022 in
402 956 555 1035 animum,
573 971 611 1022 ut
627 957 782 1024 Gentium
800 959 839 1024 Ill
879 961 980 1026 'onim
1001 983 1109 1048 regem
1118 955 1225 1012 mutua

23 1045 97 1108 sibi
119 1044 352 1132 adiungeret3
375 1043 629 1194 hocqpoetquam
649 1045 781 1110 intrasse
801 983 915 1111 salhlm
936 1046 1108 1125 Romanos,
1233 1087 1238 1092 -

25 1143 65 1194 et
86 1130 225 1196 adesse
246 1131 417 1196 discrimen
467 1130 581 1195 timum
600 1129 676 1196 belli
694 1131 925 1209 animadvertit,
941 1155 1007 1204 uon
1026 1132 1110 1199 ultra

27 1216 277 1282 differendum
297 1230 404 1293 ratus3
428 1238 529 1302 quum
550 1239 608 1304 per
629 1215 784 1305 Hippiam
804 1218 945 1304 legatum
967 1231 1110 1283 trecenta

26 1303 176 1390 argenti
205 1303 328 1369 talenta
348 1315 460 1390 pactus
481 1302 634 1380 emetita
655 1315 693 1368 ut
714 1303 840 1368 obsides
863 1303 945 1368 ultro
965 1304 1109 1390 citroque

30 1388 223 1469 darentur,
247 1388 471 1455 Pantauchum
496 1389 591 1466 misit,
617 1410 659 1453 ex
683 1388 843 1454 fidissimis
865 1390 983 1466 amicis,
1007 1389 1049 1455 ad
1070 1412 1110 1455 ea

29 1476 266 1626 pplrlicieuda.
312 1474 465 1541 Meteone
485 1474 669 1540 Labeatidis
691 1487 793 1540 terrae
815 1475 1019 1541 Pantauchus
1040 1475 1257 1563 regit-'oananr

79 1563 163 1650 yrio
195 1562 356 1630 occurrit:
387 1563 433 1627 ibi
458 1574 492 1627 et
515 1560 736 1626 iusiurandum
761 1562 801 1626 ab
824 1583 899 1648 rege
924 1575 958 1626 et
982 1561 1108 1628 obsides
1116 1559 1217 1635 eiteqm

33 1650 189 1737 accepit.
239 1649 359 1715 Missus
372 1661 439 1714 eta
454 1647 574 1714 Gentio
589 1659 637 1713 est
650 1646 782 1735 legatus,
797 1647 927 1713 nomine
944 1646 1040 1736 Olym
1064 1647 1107 1726 io,
1115 1624 1215 1674 Gentio.

36 1736 102 1820 qui
133 1735 368 1801 iusiurandum
396 1757 417 1800 a
444 1735 562 1800 Perseo
589 1733 779 1834 obsidesque
809 1734 959 1820 exigeret.
1021 1669 1107 1800 Clhm

19 1821 171 1886 leodem
198 1822 241 1887 ad
262 1820 432 1910 pecuniam
455 1820 673 1909 accipiendam
695 1819 887 1899 missisunt,
910 1833 953 1897 et,
979 1833 1107 1886 auctore

38 1905 260 1987 Pantaucho,
307 1908 341 1972 ui
364 1905 518 1972 Rhodum
541 1906 637 1994 legati
659 1929 733 1972 cum
757 1905 990 1971 Macedonibus
1013 1905 1106 1984 irent,

42 1991 233 2059 Parmenio
250 2005 284 2058 et
341 2015 433 2058 orcus
447 1992 653 2057 destinantur.
701 1991 828 2068 Quibus
847 1992 892 2058 ita
911 1991 1107 2069 mandatum,

42 2092 95 2155 ut,
128 2079 353 2157 iureiurando,
378 2077 614 2165 obsidibusque,
643 2091 677 2143 et
704 2078 841 2165 pecunia
868 2091 1008 2165 accepta,
1038 2090 1108 2142 tum

22 2162 192 2288 edentum
213 2165 367 2267 Rhodum
387 2164 680 2265 proficiscerentur:
707 2163 862 2230 ‘duorum
882 2163 976 2229 simul
995 2185 1108 2252 regum

51 2248 976 2437 ‹ruzufflrtrttuatllllutu
988 2272 1107 2402 ru·

53 2432 65 2461 ‘
96 2424 185 2491 loria
194 2437 359 2502 essetnec
373 2437 458 2489 terra
470 2446 532 2488 nec
545 2444 625 2487 marr
639 2443 728 2509 spem
743 2422 921 2488 rehcturam
934 2422 1096 2488 Romanis.

86 2512 277 2577 enientihus
298 2509 416 2600 Illyriis
436 2509 582 2586 Perseus,
606 2508 647 2573 ab
669 2506 796 2595 Enipeo
820 2507 907 2571 amni
932 2528 973 2571 ex
998 2507 1108 2573 caenia

55 2619 134 2662 cum
152 2599 243 2664 omni
264 2597 410 2684 equitatu
419 2595 595 2697 profectus,
614 2593 657 2659 ad
676 2593 780 2694 llium
798 2592 943 2694 accurrit.
988 2590 1039 2659 lbi
1058 2614 1106 2670 ea,
1147 2650 1149 2655 ,

55 2678 1108 2841 ffltffitt‘tlffletlffitttfflhtl

58 2854 262 2957 aliquantum
278 2878 350 2920 earn
368 2877 437 2919 rem
456 2866 542 2919 ratus
562 2852 741 2917 animorum
760 2851 798 2915 iis
814 2850 1016 2916 adiecturum.
1064 2850 1108 2915 Et

59 2941 190 3008 obsides
208 2941 244 3006 in
262 2953 435 3028 compecto
453 2940 597 3005 omnium
612 2938 679 3004 dati
697 2937 902 3027 acceptique:
926 2950 969 3015 et,
984 2936 1267 3019 Pellamtagruraa

59 3027 102 3091 ad
125 3028 291 3093 thesauros
312 3026 416 3114 regios
438 3026 549 3103 missis,
570 3025 627 3113 qui
648 3025 817 3126 pecuniam
840 3024 1030 3112 acciperent,
1049 3023 1107 3111 qui
1115 3020 1268 3071 scindenti

61 3110 219 3179 Rhodum
235 3113 321 3178 irent
339 3134 413 3179 cum
427 3111 468 3177 Ill
490 3112 544 3176 riis
561 3111 683 3199 legatis,
698 3109 942 3175 Thessalonicae
957 3084 1220 3199 nomnen-affl*

63 3196 140 3265 dere
157 3200 243 3265 iussi.
287 3198 339 3265 Ibi
354 3137 558 3263 Metrodorus
576 3208 653 3273 erat,
669 3196 725 3282 qui
744 3217 848 3282 nuper
865 3196 906 3261 ab
922 3195 1109 3295 Rhodolve·

63 3298 174 3351 uerat:
212 3285 456 3371 auctoribusque
486 3281 616 3347 Dinone
645 3294 678 3346 et
706 3280 884 3371 Polyarato,
914 3280 1109 3368 principibus

65 3372 200 3439 civitatis
221 3371 299 3449 eius,
318 3370 501 3446 affirmabat,
517 3366 662 3433 Rhodios
682 3381 807 3455 paratos
828 3365 869 3430 ad
890 3365 1010 3431 bellum
1031 3387 1107 3431 esse.

66 3454 98 3522 Is
134 3458 261 3546 rinceps
274 3458 401 3522 iunctae
416 3478 489 3520 cum
505 3453 622 3542 Illyriis
635 3452 803 3540 legationis
817 3452 910 3515 datus
924 3464 981 3516 est

108 3482 235 3610 {odem
258 3557 400 3631 tempore
423 3541 465 3606 ad
485 3540 663 3612 Eumenem
687 3550 720 3604 et
743 3536 785 3601 ad
804 3535 1003 3601 Antiochum
1025 3558 1111 3601 com·
1166 3538 1219 3598 24.

67 3631 176 3696 munia
203 3628 361 3707 mandata,
387 3650 469 3716 quae
498 3626 652 3692 subiicere
677 3621 821 3688 conditio
845 3644 952 3687 rerum
977 3619 1223 3711 poteratl'emm

49 3716 215 3782 s‘Natura
232 3715 362 3781 inimica
380 3714 465 3780 inter
482 3736 516 3778 se
536 3734 604 3777 esse
618 3711 751 3776 liberam
765 3708 925 3775 civitatem
943 3722 976 3775 et
993 3731 1109 3798 regem.
1119 3684 1258 3798 ftufflff

72 3802 239 3892 ‘Singulos
256 3800 410 3891 populum
425 3800 609 3867 Romanum
626 3794 769 3885 aggredi,
783 3808 827 3875 et,
842 3794 930 3883 quod
948 3796 1112 3885 indignius
1120 3812 1194 3926 {iffi
1204 3810 1270 3861 sorti·

104 4036 290 4096 affin-arao]
304 4036 396 4085 Adane
406 4032 574 4095 reponendum
606 4028 667 4094 Lag.
678 4027 717 4087 85.
729 4027 812 4077 batus

73 4101 174 4150 madent
184 4099 372 4149 Drakenborch.
382 4102 409 4145 et
419 4095 526 4148 crevier.
639 4104 653 4153 5
670 4093 773 4140 Natura
786 4090 899 4154 inimica]
918 4088 1050 4153 Polybium
1064 4104 1115 4138 run

105 4179 119 4227 3
133 4166 208 4213 Missi
218 4164 289 4223 mort]
307 4177 341 4211 sc.
352 4160 447 4223 Legati.
607 4171 649 4205 aus
658 4170 676 4204 a
688 4153 760 4204 Livio
771 4155 906 4218 expilatam
922 4169 974 4203 esse
989 4158 1074 4202 mouet
1084 4153 1116 4203 Δ.

105 4246 120 4287 4
137 4230 250 4276 Duorum
337 4225 468 4283 Romania]
503 4222 576 4271 Haec
608 4220 692 4269 Maius
702 4219 734 4267 ad
751 4218 813 4268 Eae.
825 4218 884 4268 Vat.
897 4217 985 4279 Polyb.
997 4214 1081 4265 xxviii.
1093 4228 1116 4273 3.

77 4298 131 4340 ante
146 4292 279 4340 Parmenio
296 4297 321 4340 et
339 4292 444 4338 Morem
462 4286 578 4349 ponenda
610 4283 640 4333 ec
651 4296 718 4344 supr.
729 4294 769 4331 aa.

79 4360 155 4404 censet
170 4354 315 4415 &anetina
331 4354 387 4402 loco
404 4351 472 4413 apud
490 4349 578 4410 Polyb.

118 4437 190 4481 ron
205 4436 251 4481 rr.
925 4424 946 4465 1⁴
993 4398 996 4405 ⁵
