2934 4800
372 239 470 306 LIB.
491 240 617 307 XLIV.
649 242 762 308 CAP.
779 250 810 308 8.
1058 249 1116 312 131

21 393 86 438 eo
112 378 274 441 maiorem
288 399 395 442 rerum
414 377 558 442 omnium
578 377 720 466 inopiam
737 373 887 457 sentiens,
903 401 1061 482 regressus
1075 381 1117 448 ad
1127 399 1161 452 Η.
1173 402 1203 452 c.
1220 402 1275 466 5⁸3·

21 458 168 526 Dium
185 476 254 539 est3
279 462 478 528 dubitatione
500 464 648 529 omnibus
668 477 827 552 exempta,
844 466 923 566 quid
943 465 1276 534 morenate-16⁹·

22 547 90 611 ab
115 548 287 614 Thewlia
302 549 493 637 patiendum
511 550 629 628 firisset,
645 553 697 615 cui
715 553 826 639 procul
849 552 924 617 rnde
945 555 1115 620 abscedere

22 647 171 698 tutum
194 657 262 700 non
284 649 376 700 esset.
421 636 566 715 Perseus,
590 637 759 702 connectis
785 637 819 702 in
843 661 944 703 unum
967 641 1116 706 omnibus

22 721 163 807 copiis
178 721 388 810 ducibusque,
407 722 569 810 increpare
591 724 766 810 praefectos
787 725 1024 812 praesidiorum,
1040 741 1114 792 aute

22 828 176 871 omnes
209 808 473 895 Asclepiodotum
505 823 602 896 atque
637 809 810 898 Hippiam:
849 811 889 876 ab
921 811 971 876 his
1007 813 1113 878 dicere

25 893 201 958 claustra
222 893 574 961 Macedoniaertradita
596 895 751 962 Romanis
772 920 858 962 esse:
890 899 980 963 cuius
1002 897 1113 988 culpae

27 1001 133 1043 reus
156 1003 255 1045 nemo
277 981 401 1058 iustius,
416 1004 513 1068 quam
535 982 613 1068 ipse,
628 983 746 1048 fuisset.
795 983 929 1048 Consuli
946 997 1114 1072 postquam

30 1087 96 1128 ex
119 1066 191 1132 alto
210 1081 380 1155 conspecta
399 1068 505 1132 classis
524 1091 614 1155 spem
628 1069 713 1146 fecit,
729 1091 804 1136 cum
822 1086 1003 1136 commeatu
1016 1095 1113 1138 naves

27 1153 184 1230 venire,
199 1153 328 1242 (ingens
342 1154 429 1218 enirn
443 1155 556 1219 caritas
576 1177 720 1220 annonae
742 1178 778 1220 ac
792 1179 892 1244 prope
907 1157 962 1222 ino
984 1157 1016 1222 ia
1030 1158 1113 1244 erat)

32 1239 96 1302 ab
121 1239 261 1304 invectis
283 1242 347 1305 iam
412 1253 497 1306 rtum
517 1240 616 1319 audit,
632 1243 790 1306 onerarias
809 1265 906 1307 naves
926 1181 1112 1331 Mpagnesiae

32 1324 190 1390 relictas
224 1347 301 1391 esse.
355 1263 483 1392 liberto
518 1327 604 1405 inde,
637 1328 793 1415 quidnam
828 1329 989 1417 agendum
1021 1330 1113 1408 foret,

34 1412 160 1498 (adeo
181 1412 249 1477 sine
268 1412 334 1478 ulla
352 1435 414 1500 ope
434 1413 532 1478 hostis
547 1437 629 1501 quae
649 1426 842 1502 aggravaret,
858 1437 931 1479 oum
950 1415 1018 1502 ipsa
1031 1415 1115 1480 diffi-

37 1498 183 1563 cultate
197 1519 304 1564 rerum
318 1499 527 1587 pugnandum
545 1501 628 1587 erat)
642 1513 879 1588 peropportune
896 1500 1006 1566 literae
1022 1525 1041 1566 a
1058 1499 1111 1589 Sp.

39 1583 218 1650 Lucretio
232 1585 344 1651 allatae
359 1599 450 1651 sunt:
467 1586 597 1651 oastella
609 1610 654 1664 se,
665 1609 748 1673 quae
763 1609 859 1674 super
873 1585 997 1675 Tempe
1009 1601 1114 1652 essent

41 1685 88 1735 et
100 1670 193 1736 circa
202 1671 340 1749 Philam,
352 1686 461 1737 tenere
473 1673 588 1751 omnia,
600 1673 816 1761 frumentique
831 1673 866 1737 in
880 1673 919 1738 iis
933 1685 967 1740 et
981 1673 1111 1740 aliarum

40 1757 89 1821 in
112 1779 212 1822 usum
230 1779 338 1824 rerum
359 1780 398 1823 oo
420 1759 484 1823 iarn
505 1759 672 1824 invenisse.
718 1759 781 1824 His
801 1781 992 1861 magnopere
1012 1760 1113 1826 laetus
1181 1773 1211 1834 8.

43 1843 176 1909 consul
195 1845 235 1909 ab
254 1845 321 1910 Dio
341 1845 382 1909 ad
398 1781 524 1909 l'hilam
543 1845 641 1923 ducit,
656 1844 751 1910 simul
773 1857 810 1911 ut
830 1846 1021 1933 praesidium
1044 1847 1112 1911 eius
1122 1856 1200 1932 Dium
1211 1871 1247 1905 re

45 1932 215 2008 firmaret,
230 1930 324 1995 simul
344 1944 380 1996 ut
399 1931 493 1996 militi
510 1932 716 2011 frumentum,
732 1932 823 1997 cuius
843 1931 933 1998 tarda
949 1923 1219 1998 subvectiohss‘ifflt·

48 2031 140 2094 erat,
172 2016 339 2082 divideret,
384 2016 434 2082 Ea
461 2017 614 2105 profectio
638 2017 756 2084 famam
785 2017 1034 2106 haudquaquam
1064 2042 1114 2084 se·

48 2102 204 2168 cundam
225 2103 347 2169 habuit
391 2102 479 2168 Nam
500 2103 564 2182 alii,
580 2116 669 2168 metu
685 2105 849 2170 recessisse
864 2128 938 2170 eum
957 2106 997 2170 ab
1012 2105 1113 2184 hoste,

49 2190 219 2267 ferebant,
230 2190 307 2276 qnia
321 2190 464 2254 manenti
477 2191 512 2254 iu
527 2190 633 2256 Pieria
640 2189 767 2340 proelio
782 2190 999 2256 dimicandum
1014 2191 1112 2257 foret:

23 2275 127 2352 salii,
143 2277 301 2363 ignarum,
316 2275 393 2341 belli
406 2299 489 2363 quae
509 2276 544 2341 in
557 2277 626 2341 dies
653 2288 767 2342 ortuna
780 2290 921 2355 novaret,
937 2277 1021 2343 ultro
1036 2279 1113 2343 offe-

53 2363 210 2428 rentibus
223 2384 291 2428 sese
305 2363 410 2441 rebus,
425 2363 565 2429 emisisse
583 2362 624 2428 de
639 2363 786 2429 manibus
800 2386 848 2441 ea,
864 2387 946 2452 quae
967 2387 1041 2431 mox
1064 2387 1114 2430 re-

54 2450 130 2538 peti
153 2471 220 2513 non
241 2461 378 2537 posent.
426 2449 529 2515 Simul
548 2451 635 2515 enim
657 2451 751 2515 cessit
766 2452 960 2537 possessione
976 2450 1043 2528 Dii,
1059 2474 1115 2516 ex-

54 2536 175 2601 citavit
192 2536 327 2613 hostem,
342 2550 380 2601 ut
398 2549 475 2600 tunc
495 2536 625 2601 tandem
644 2536 786 2613 sentiret,
801 2536 1019 2623 recuperanda
1037 2558 1115 2614 esse,

56 2645 147 2710 quae
190 2622 256 2686 rius
274 2622 369 2709 culpa
387 2622 501 2687 amissa
513 2622 627 2688 forent.
675 2622 798 2687 Audita
815 2623 901 2686 enim
918 2622 1113 2710 profectione
1123 2640 1225 2693 Perseus

56 2708 186 2773 consu‘
232 2730 391 2795 regressus
411 2708 523 2786 Dium,
539 2731 621 2796 quae
642 2707 775 2774 disiecta
796 2730 832 2773 sc
852 2720 973 2774 vastata
991 2710 1030 2775 ab
1047 2706 1275 2774 Βο-ὓὶιιιῐποῶῒμ

57 2795 168 2859 manis
181 2809 282 2871 erant,
297 2794 417 2859 reficit:
440 2794 555 2881 pinnas
574 2795 738 2859 moenium
756 2794 903 2860 decussas
922 2797 1058 2882 reponit,
1074 2798 1114 2861 ab

57 2880 154 2946 omni
281 2903 387 2945 muros
403 2880 527 2946 firmat:
552 2880 669 2945 deinde
684 2880 828 2969 quinque
848 2881 948 2947 millia
966 2906 1115 2970 passuum

60 2969 105 3031 ab
233 2966 313 3033 citra
334 2967 435 3054 ripam
460 2966 525 3031 Eni
567 2965 578 3030 i
601 2968 703 3032 amnis
725 2982 827 3033 costra
848 2968 960 3056 ponit;
987 2992 1115 3035 amnem

60 3054 73 3118 i
138 3075 181 3131 m,
208 3054 342 3118 transitu
409 3052 522 3118 rdiffioi
535 3074 597 3132 em,
623 3076 681 3141 pro
711 3055 910 3119 munimento
939 3055 1113 3121 habiturus.

61 3076 154 3204 fflb
177 3161 219 3204 ex
241 3138 323 3205 valle
349 3076 481 3227 (lleympi
504 3140 630 3217 montis,
654 3152 773 3206 aestate
796 3140 950 3228 exiguus3
974 3142 1115 3207 hibernis

38 3227 153 3297 sideru
168 3225 318 3290 incitatus
331 3224 447 3313 pluviis
457 3237 491 3290 et
500 3248 597 3313 supra
606 3227 721 3313 rupes'
770 3239 860 3292 entes
873 3228 1015 3316 gurgites
1029 3228 1114 3305 facit,

64 3326 102 3377 et
125 3310 216 3389 infra,
242 3325 405 3399 prorutam
432 3311 467 3377 in
496 3335 583 3377 mare
608 3250 785 3378 evolvelldo
811 3325 935 3391 terram,
963 3313 1116 3401 praealtas

63 3398 243 3485 voragines,
266 3411 440 3485 onvatoque
463 3398 571 3463 medio
593 3399 682 3464 alveo
705 3400 790 3487 ripas
811 3400 972 3499 utrimque
995 3400 1116 3486 praeci-

65 3484 158 3573 pites.
204 3483 280 3550 Hoc
295 3484 427 3549 flumine
445 3484 581 3550 Perseus
602 3498 747 3572 saeptum
769 3486 830 3549 iter
851 3484 951 3550 hostis
972 3485 1114 3561 credens,

66 3570 234 3636 extrahere
249 3570 409 3659 reliquum
424 3583 488 3636 tem
512 3594 550 3636 us
563 3571 633 3636 eius
646 3569 774 3636 aestatis
788 3570 822 3633 in
837 3570 944 3635 animo
958 3570 1103 3635 habebat

111 3656 201 3722 Inter
220 3656 299 3722 haec
318 3656 430 3723 consul
449 3594 577 3723 adhib
590 3656 764 3744 Popillium
786 3675 860 3721 cum
878 3655 1003 3721 duobus
1022 3656 1117 3720 milli-

67 3745 127 3809 bus
140 3756 332 3809 armatorum
349 3740 541 3809 Heracleum
557 3743 665 3808 mittit.
711 3742 815 3809 Abest
830 3764 850 3806 a
864 3740 959 3806 Phila
972 3742 1115 3831 quinque

102 3936 575 4002 31pnamatetsquaatndtes11³ro
605 3938 681 3997 pltea]
700 3934 800 3997 Nempe
820 3934 1007 3999 intelligendum
1024 3942 1061 3985 est
1078 3952 1116 3985 ru·

72 4018 157 4052 nornen
166 4002 297 4051 relativum
307 4016 356 4049 non
365 4015 462 4063 semper
472 4000 498 4048 in
506 3999 576 4048 initio
608 3999 681 4062 pibus
701 3998 727 4046 in
752 3998 805 4060 ipso
826 4000 897 4049 alveo
920 4000 998 4049 enatis
1020 4015 1116 4049 cursum

72 4066 164 4129 periodi
180 4065 303 4129 ponbsed
316 4064 441 4113 interdum
456 4069 512 4127 post
528 4063 577 4126 pri·
609 4062 688 4112 amnis
715 4062 836 4125 impediri.
869 4064 950 4125 Supra
976 4078 1018 4113 aas
1043 4078 1117 4126 rupes

72 4146 135 4179 nram
148 4132 187 4180 rel
196 4130 300 4179 alteram
312 4144 398 4178 rocem
412 4128 479 4177 reiiei
494 4132 578 4177 monet
610 4128 721 4176 tardatae
745 4142 829 4175 sarum
853 4126 950 4175 obiectu
976 4142 1055 4188 aquae
1081 4128 1117 4175 in·

73 4194 306 4252 Drakenborcbius3
324 4194 368 4241 sed
384 4191 515 4241 Bekkerus
530 4192 577 4240 dis·
609 4197 695 4254 gentes
714 4191 821 4254 gurgites
841 4191 943 4240 faciunt.
976 4191 1045 4239 Intra
1066 4206 1117 4239 eas-

74 4258 187 4307 tinotions
201 4262 298 4307 mutata
310 4259 427 4319 {mannam
438 4257 578 4319 belliquoe
610 4255 667 4304 dem
685 4270 758 4317 rupes
774 4255 811 4303 ris
827 4269 945 4316 aquarum
964 4268 1008 4315 per
1024 4253 1118 4325 seipsa

75 4324 148 4371 indies
158 4322 274 4384 repomit.
611 4317 705 4381 promit
721 4324 820 4377 terram,
837 4322 863 4366 et
879 4318 978 4365 alveum
995 4330 1072 4377 magn
1088 4330 1118 4363 ac

104 4388 169 4444 4131
189 4400 268 4448 supra
290 4401 366 4447 rupes
387 4386 498 4446 ingentes
518 4399 579 4445 pur-
611 4381 778 4445 magisoavut.
794 4381 876 4431 θην.
925 4448 944 4503 2
