2934 4800
474 266 799 335 KREYSSIGII.
1098 272 1163 335 406

68 423 197 489 tione
211 434 303 488 erant
313 452 325 487 .·
349 426 411 490 duo
426 436 533 491 tamen
547 428 638 493 milia
654 427 752 493 Frob.
769 430 799 493 2.
812 428 947 513 -Οιψ,
966 429 1018 493 40.
1034 430 1162 516 equites

69 526 281 611 sagittarii
310 550 372 611 pro
399 529 525 613 equites
557 530 810 616 sagittariorum
839 530 938 594 Frob.
968 534 999 595 2.
1014 568 1059 577 —-
1072 530 1160 597 Ibid.

70 627 205 712 Mysi
219 651 279 713 pro
295 630 386 693 missi
401 630 498 693 Frob.
519 632 545 693 1.
559 666 602 676 -
614 632 698 697 Ibid.
715 642 746 697 et
764 633 915 697 similiter
933 657 994 718 pro
1009 636 1161 700 similiter

71 726 209 794 Frob.
233 732 411 817 n-Cap.
435 734 487 799 41.
512 734 610 797 simul
631 734 774 797 omnibus
793 736 950 820 portibus
971 760 1032 821 pro
1054 759 1161 823 eaque

72 830 254 895 omnibus
277 833 374 897 sienni
388 835 546 919 partibus
569 834 667 901 Frob.
692 840 724 901 2.
737 837 895 922 -†Csp.
920 840 972 902 42.
998 839 1055 925 qui
1076 840 1161 905 inter

73 934 247 1019 equitem
269 958 329 1019 pro
349 938 405 1023 qui
427 938 513 1001 inter
534 938 660 1022 equites
683 936 782 1003 Frob.
805 942 835 1002 2.
857 952 890 1003 et
912 939 951 1005 B.
966 939 1105 1005 -Ibid.
1127 950 1160 1006 et

75 1059 188 1123 quos
217 1060 279 1121 pro
309 1060 388 1125 quos
412 1038 511 1104 Frob.
536 1042 566 1103 2.
579 1039 714 1124 -Cap.
746 1041 798 1105 43.
828 1043 976 1127 sequenti
999 1044 1073 1130 regi
1098 1066 1160 1128 pro

75 1149 261 1226 sequente
289 1163 369 1226 rege
398 1140 426 1205 F
429 1142 498 1205 rob.
527 1142 704 1207 n-lbid.
729 1152 765 1206 ut
793 1143 838 1207 ab
866 1145 1001 1209 sinistro
1026 1168 1087 1231 pro
1116 1146 1160 1211 al

76 1243 241 1307 sinistro
256 1242 354 1308 Frob.
374 1245 400 1307 I.
413 1280 457 1291 —
468 1244 552 1309 Ibid.
570 1246 626 1331 qui
646 1246 680 1311 in
697 1246 868 1331 praesidio
888 1256 982 1310 eram
1000 1269 1061 1331 pso
1076 1268 1162 1334 quus

80 1344 128 1408 im
144 1347 325 1430 praecidio
340 1357 436 1411 eram
451 1346 549 1411 Frob.
565 1350 596 1411 2.
610 1384 654 1393 -
665 1347 747 1431 Csp.
763 1348 816 1411 44.
833 1357 865 1412 et
882 1371 905 1411 a
919 1348 1100 1434 Magnesia
1116 1351 1163 1413 ad

84 1446 260 1533 Sipylum
278 1471 338 1549 pro
355 1457 388 1513 et
404 1450 595 1536 Magnesia,
611 1459 643 1513 et
665 1451 707 1515 ab
724 1450 841 1534 Sipylo
856 1449 884 1513 F
886 1450 954 1514 rob.
970 1454 1001 1513 2.
1017 1486 1059 1495 -
1076 1450 1158 1535 Cup.

85 1552 158 1615 45.
184 1551 320 1636 Syrium
339 1552 442 1637 petiit
465 1574 524 1637 pro
549 1552 683 1637 Syriam
701 1554 790 1637 petit
812 1550 912 1614 Frob.
940 1550 1114 1617 l.-Ibid.
1138 1574 1160 1617 a

87 1653 239 1717 consule
259 1654 358 1739 petiit
380 1676 441 1738 pro
463 1677 486 1718 a
512 1654 640 1718 consule
665 1654 752 1738 petit
778 1652 877 1715 Frob.
909 1651 1084 1717 I.-Ibid.
1112 1654 1159 1733 hi,

82 1756 202 1841 prius
218 1778 279 1840 pro
289 1757 387 1841 prius
398 1755 426 1820 F
429 1758 498 1821 rob.
513 1758 543 1819 2.
556 1792 600 1801 -
611 1756 696 1819 Ibid.
711 1756 910 1820 Eubulidam
924 1779 984 1841 pro
1001 1758 1161 1823 Eubulum

91 1857 210 1923 Frob.
227 1861 259 1922 2.
272 1892 317 1903 -
327 1857 409 1940 Cap.
426 1860 480 1921 47.
497 1860 637 1923 adversa
645 1858 747 1943 sama
767 1858 924 1922 lominum
945 1881 1005 1944 pro
1020 1861 1161 1927 aduersa

94 1962 247 2025 amnium
258 1961 360 2044 sama
382 1960 481 2023 Frob.
502 1962 532 2023 2.
545 1957 681 2043 -Cap.
702 1961 753 2021 51.
776 1968 808 2023 et
828 1961 917 2024 dieto
937 1962 1073 2025 audiens
1090 1985 1161 2028 esse

82 2062 227 2148 flamen
240 2062 392 2149 pontifici
414 2063 520 2127 iussus
540 2084 600 2147 pro
621 2070 655 2125 ut
675 2062 764 2125 dicto
784 2063 921 2126 audiens
938 2073 1024 2127 esset
1033 2065 1162 2149 flamen

91 2167 259 2251 pontifici
287 2166 386 2230 Frob.
412 2166 592 2250 2.—Cap.
618 2166 670 2229 52.
699 2185 895 2249 cognoscere
920 2186 981 2250 pro
1007 2169 1162 2253 cognosci

100 2268 210 2333 Frob.
227 2272 315 2333 2.-
328 2268 410 2353 Cap.
427 2269 479 2332 53.
499 2268 567 2353 ipsi
588 2274 695 2329 autem
716 2287 776 2350 pro
799 2265 863 2330 sibi
882 2277 989 2332 autem
1011 2267 1112 2333 Frob.
1127 2272 1161 2334 2.

101 2403 147 2418 -·-
164 2369 253 2436 lbid.
281 2371 440 2436 uoluntati
468 2391 529 2454 pro
559 2368 723 2434 eduntote
753 2368 781 2432 F
783 2368 853 2434 rob.
884 2369 1081 2455 l.·-†Csp.
1107 2371 1160 2436 54.

102 2483 143 2539 et
153 2474 301 2561 gloriam
316 2497 375 2558 pro
389 2474 530 2559 gloriam
548 2471 684 2536 Ascens.
697 2505 742 2516 -
753 2470 837 2536 lbid.
854 2481 886 2535 et
902 2471 1083 2536 meminisse
1099 2493 1162 2555 pro

104 2579 253 2644 Debetis
281 2578 381 2643 etiarn
409 2576 588 2642 meminisse
613 2575 713 2641 Frob.
745 2571 944 2639 2.-‘1bid.
972 2595 1077 2659 genus
1106 2573 1163 2636 luu-

104 2703 238 2746 manum
255 2703 316 2766 pro
330 2682 501 2746 humanum
519 2700 625 2765 genus
640 2677 733 2761 Mag.
744 2711 788 2721 —
797 2674 878 2759 Cup.
896 2676 947 2738 55.
963 2697 1004 2739 ea
1018 2674 1164 2738 dolatis

106 2784 315 2848 Rhodiorum
343 2791 449 2847 essent
479 2804 539 2865 pro
568 2801 627 2844 eae
653 2779 805 2843 civitates
830 2777 1033 2841 Rhodiorum
1056 2784 1164 2840 essent

107 2885 215 2951 Frob.
232 2888 262 2950 2.
272 2885 406 2970 -Csp.
423 2885 474 2950 56.
492 2885 538 2948 od
551 2883 701 2968 Sipylum
721 2903 783 2966 pro
803 2888 836 2944 et
850 2880 1002 2966 Sipylum
1017 2878 1117 2944 Frob.
1134 2882 1162 2944 1.

108 3025 154 3036 ·-
165 2987 249 3073 Cap.
261 2989 312 3052 57.
324 2989 463 3074 quando,
475 2987 562 3072 quod
575 3007 636 3069 pro
652 2983 910 3070 quandoquidem
921 2981 1019 3048 Frob.
1030 2983 1062 3047 2.
1075 2992 1108 3046 et
1121 2980 1162 3046 B.

109 3129 152 3141 —
165 3091 249 3176 Cap.
271 3091 323 3155 58.
349 3088 489 3177 triginta
511 3096 666 3175 quattuor
687 3085 778 3149 milia
797 3086 1006 3170 septingenta
1025 3107 1086 3170 pro
1106 3085 1164 3149 tri-

106 3193 210 3280 ginta
235 3201 388 3278 quattuor
416 3191 508 3256 milia
535 3189 562 3252 F
564 3189 634 3252 rob.
661 3183 847 3250 n-lbid.
875 3194 999 3250 eentum
1025 3185 1165 3270 triginta

111 3297 178 3360 duo
196 3295 287 3360 milia
307 3294 443 3359 trecenti
462 3314 524 3378 pro
544 3299 668 3355 centum
687 3288 826 3373 triginta
847 3310 941 3351 unum
957 3287 1048 3352 milia
1063 3287 1090 3350 F
1091 3287 1162 3352 rob.

111 3402 145 3464 2.
162 3407 198 3463 st
214 3395 402 3462 B.—-Ibid.
418 3396 462 3460 ab
476 3394 599 3460 ultimis
613 3393 749 3458 orientis
763 3413 825 3476 pro
845 3391 888 3454 ab
907 3389 1014 3455 ultimi
1031 3389 1165 3454 orientis

105 3499 266 3586 partibus
278 3498 378 3564 Frob.
391 3501 422 3562 2.
431 3499 566 3581 -Cap.
580 3497 632 3561 59.
651 3504 682 3560 et
697 3493 889 3580 imperatori
903 3514 964 3577 pro
975 3491 1166 3578 imperatori

113 3603 217 3668 Frob.
247 3601 411 3666 l.-Lib.
439 3598 644 3664 XXXVIII.
670 3597 775 3682 †Cap.
800 3596 832 3660 4.
859 3596 893 3660 in
918 3604 1020 3660 tutum
1044 3617 1107 3678 pro
1132 3593 1167 3656 in

112 3713 185 3770 tuto
205 3702 429 3787 atu-Cap.
451 3703 481 3768 5.
505 3711 538 3767 et
560 3702 725 3766 nocturnis
747 3722 808 3786 pro
832 3699 996 3762 nocturnis
1018 3695 1117 3761 Frob.
1133 3698 1164 3759 2.

113 3820 151 3875 et
181 3805 367 3891 B.-Csp.
393 3809 424 3871 7.
450 3805 566 3870 Patris
595 3827 656 3890 pro
679 3803 793 3889 portis
822 3800 923 3866 Frob.
947 3803 980 3864 2.
1008 3808 1042 3864 et
1072 3796 1167 3862 B.-

115 3908 200 3994 Csp.
233 3910 283 3973 10.
317 3908 361 3972 ab
391 3907 569 3973 Ambracia
606 3907 698 3970 abest
735 3926 795 3988 pro
831 3903 875 3966 al
905 3900 1085 3966 Ambracia
1118 3907 1168 3963 est

114 4011 219 4076 Frob.
235 4014 265 4075 2.
276 4045 322 4056 -·-
333 4011 413 4095 Cap.
434 4011 482 4075 11.
500 4020 533 4074 ut
551 4009 750 4074 conditiones
769 4028 830 4091 pro
849 4015 884 4069 ut
903 4005 950 4069 usi
967 4003 1168 4068 conditiones

116 4115 218 4181 Frob.
235 4118 322 4180 2.-
336 4114 418 4198 Cap.
442 4117 488 4178 12.
509 4114 555 4176 ael
568 4112 700 4177 Hieran
719 4111 838 4174 Comen
858 4130 919 4194 pro
938 4109 986 4171 ad
999 4107 1167 4171 Philerotis

120 4221 242 4286 Comen
263 4217 366 4284 Frob.
385 4216 558 4301 l.-Csp.
587 4217 634 4280 13.
657 4215 704 4279 cd
724 4211 854 4278 Gordiu
874 4199 990 4289 sunau,
1007 4210 1095 4296 quod
1116 4229 1169 4273 oo·
