2934 4800
391 237 486 304 LIB.
510 237 601 303 XLL
636 237 747 304 CAP.
775 245 822 306 13.
1084 247 1120 309 17

87 373 211 438 hiberna
228 374 381 438 sociarum
401 373 528 437 urbium
542 373 679 438 reduxit.
726 374 770 439 Et
786 375 825 440 C.
841 374 1004 454 Claudius,
1020 375 1119 442 literis
1128 395 1162 445 U.
1173 395 1203 444 c.
1219 405 1275 458 575.

87 460 133 524 Ti.
148 457 271 524 Claudii
285 475 319 525 et
332 459 601 524 senatusconsulto
615 475 755 548 accepto,
767 485 808 526 ex
823 461 916 527 latria
928 463 1069 550 legiones
1083 459 1157 529 inl-
1173 461 1204 510 ⁰·
1221 471 1274 522 Ι77·

85 545 212 633 Ligures
235 546 423 612 transduxit.
469 546 524 610 Ad
553 546 758 612 Scultennam
782 550 904 614 {lumen
929 550 964 614 in
988 574 1117 652 campos

85 633 656 796 11111111111111111
685 633 1225 810 111111111111111·

83 805 204 892 proelio,
225 820 282 871 aut
303 807 338 870 in
363 807 470 871 castris
492 805 581 892 (nam
606 831 644 872 ea
667 830 795 896 quoque
820 823 1003 911 expugnata
1025 781 1229 898 sunOssiffdm

83 893 178 978 capti:
211 907 245 958 et
273 894 365 980 signa
388 892 536 958 militaria
559 916 661 958 unum
690 908 723 959 et
751 896 984 984 quinquagmta
1012 911 1112 998 capta

83 977 215 1064 Ligures,
241 980 396 1066 reliquiae
419 979 536 1057 caedis,
563 980 597 1044 in
623 985 747 1046 montes
771 983 955 1070 refugerunt
979 1006 1112 1071 passrm:

82 1066 301 1154 populantique
317 1089 386 1131 eam
428 1081 505 1130 stres
581 1089 616 1130 os
635 1067 757 1132 consuli
770 1069 859 1134 nulla
872 1091 1004 1156 usquam
1019 1093 1115 1158 appa-

81 1165 309 1218 rueruntarma
358 1151 386 1217 C
419 1089 667 1230 udirnfldlarum
678 1155 822 1240 gentium
833 1158 1114 1234 unoannoiictor,

80 1237 201 1316 dubus,
226 1239 318 1327 quod
345 1261 415 1304 raro
444 1238 532 1316 alius,
556 1239 590 1303 in
614 1240 780 1316 consulatu
802 1243 921 1329 pacatis
946 1243 1114 1330 provinciis

82 1322 205 1390 Romam
221 1327 362 1392 revertit.

62 1443 74 1484 4
117 1410 262 1500 Prodigia
281 1435 323 1478 eo
342 1435 426 1478 anno
445 1413 599 1478 nuntiata.
645 1412 684 1478 In
702 1413 910 1480 Crustumino
932 1437 1022 1480 avem
1043 1439 1115 1480 san-
1173 1422 1220 1480 13.

62 1517 73 1566 5
118 1498 204 1577 alem,
233 1521 335 1587 qnam
358 1511 481 1577 vocant,
507 1521 631 1564 11111111
656 1499 796 1586 lapidem
824 1514 925 1565 rostro
953 1502 1111 1566 cecidisse.
1123 1503 1243 1567 Proerna.

125 1607 189 1651 rem
202 1586 238 1650 in
255 1585 436 1673 Campania
454 1585 600 1651 locutam.
647 1585 786 1650 Vaccam
806 1609 937 1652 aeneam
953 1587 1114 1676 Syracusis

83 1670 116 1734 ab
132 1674 241 1758 agresti
262 1687 364 1751 tauro,
386 1672 442 1759 qui
461 1695 575 1760 pecore
595 1673 776 1751 aberrasset,
795 1673 916 1752 initam,
937 1697 973 1738 ac
993 1677 1113 1740 semine

82 1777 231 1844 aspersam.
280 1759 323 1824 In
339 1758 547 1824 Crustumino
561 1759 647 1824 diem
662 1758 762 1824 un'nm
778 1759 812 1823 in
826 1761 894 1860 ipso
908 1760 979 1826 loco
992 1785 1030 1826 su
1052 1761 1113 1849 pli·
1182 1832 1185 1843 ,

80 1845 152 1909 ostio
164 1845 240 1912 fuit:
265 1859 301 1911 et
314 1847 349 1910 in
366 1844 543 1933 Campania
561 1848 618 1911 bos
631 1845 747 1910 alenda
761 1846 886 1933 pubhce
899 1847 991 1912 data:
1018 1785 1113 1949 Syra-

77 1951 286 2020 cusanumque
310 1932 491 2020 prodigium
516 1933 689 2020 expiatum,
711 1933 806 1998 editis
831 1935 871 1998 ab
896 1934 1113 2022 haruspicibus

77 2015 140 2093 diis,
154 2019 269 2104 quibus
284 2019 521 2107 supplicaretur.

115 2102 260 2171 Pontifex
283 2129 323 2171 eo
345 2128 429 2170 anno
450 2118 593 2170 mortuus
613 2118 663 2171 est
684 2105 732 2171 M.
752 2105 907 2172 Claudius
929 2106 1111 2186 Marcellus,

77 2190 128 2274 qui
145 2193 252 2258 cousrrl
276 2215 371 2258 censo
410 2215 450 2256 ue
467 2191 578 2257 firerat.
624 2191 664 2256 In
683 2193 753 2258 eius
771 2191 877 2258 locum
896 2195 1045 2259 suffectus
1065 2208 1114 2259 eat

56 2294 69 2344 6
76 2277 209 2362 pontifex
219 2279 308 2344 filius
318 2280 387 2344 eius
457 2277 638 2344 Marcellus
677 2279 721 2344 Et
732 2279 854 2344 Lucam
863 2280 987 2345 colonia
997 2279 1110 2346 eodem
1120 2299 1192 2348 Luna
1204 2301 1268 2348 cora

76 2383 153 2431 anno
161 2364 224 2432 duo
235 2365 337 2431 millia
347 2366 463 2431 civium
476 2365 692 2431 Romanorum
705 2379 781 2431 sunt
789 2365 935 2433 deducta
981 2367 1111 2433 Trium·
1119 2364 1168 2415 nia
1183 2430 1189 2435 .

75 2450 129 2514 viri
142 2451 354 2531 deduxerunt,
366 2452 403 2517 P.
414 2452 537 2531 Aelius,
550 2452 587 2517 L
600 2453 731 2540 Egilius,
745 2453 808 2518 Cu.
820 2452 965 2519 Sicinius
1005 2454 1111 2530 Quin-

76 2558 212 2626 quagena
224 2556 260 2607 et
279 2539 404 2628 ungula
416 2541 526 2627 iugera
540 2551 574 2604 et
591 2540 734 2605 semisses
754 2542 822 2627 agri
835 2541 871 2604 in
889 2541 1029 2628 singulos
1043 2541 1110 2605 dati

75 2638 151 2690 sunt.
194 2626 246 2693 De
269 2627 388 2715 Ligure
411 2640 520 2714 captus
539 2624 566 2689 ie
587 2648 662 2713 ager
681 2640 766 2691 erat:
798 2626 1003 2692 Etruscorum
1024 2640 1109 2706 ante,
1119 2646 1267 2759 0111ιὶ111111-

75 2713 499 2867 quillislllaiididil’cdiriditid
508 2800 618 2865 urbem
633 2800 737 2864 venit:
761 2800 823 2878 cui,
835 2823 936 2887 quum
951 2802 985 2865 in
998 2814 1111 2866 senatu
1118 2726 1179 2774 ¹¹¹¹¹P
1197 2728 1232 2761 ¹¹³·

74 2882 214 2952 derebus
224 2888 261 2953 in
272 2886 366 2952 lania
380 2886 614 2973 Liguribusque
629 2908 778 2974 prospere
792 2888 889 2973 gestis
903 2887 1109 2963 disseruisset,

76 2972 237 3053 postulanti
256 2973 435 3061 triumphus
453 2985 503 3038 est
522 2973 676 3037 decretus.
721 2973 944 3061 Triumpbarit
963 2975 997 3038 in
1012 2998 1043 3038 m
1086 2976 1111 3024 '-
1182 2974 1185 2979 ’

74 3068 165 3123 nram
179 3060 219 3126 de
233 3058 358 3125 duabus
369 3058 463 3125 simul
477 3058 633 3146 gentibus.
678 3059 770 3124 Tulit
783 3059 817 3123 iu
829 3082 869 3124 eo
879 2998 1110 3148 1111111111ὴοῖ-

57 3144 190 3218 quar-ium
213 3160 356 3213 necenta
377 3160 499 3233 septem
528 3145 636 3223 millia,
662 3159 695 3210 et
723 3146 922 3210 victoriatum
945 3148 1111 3234 octoginta

76 3230 333 3319 quinquemillia
352 3233 569 3333 septingentos
590 3232 679 3296 duos.
725 3231 886 3297 Militibus
910 3233 946 3296 in
970 3233 1110 3320 singulos

76 3316 160 3400 quini
175 3319 250 3385 deni
271 3318 393 3385 denaris
413 3319 495 3384 dati:
520 3317 638 3405 duplex
658 3320 848 3397 centurioni,
863 3319 978 3406 triplex
999 3321 1109 3406 equiti

105 3496 208 3562 salossa
224 3507 378 3568 1111111111]
405 3506 445 3553 De
463 3504 572 3553 1111111
636 3502 652 3552 6
667 3506 760 3553 11111111
776 3504 881 3567 colossis]
903 3506 1001 3553 Lanam
1017 3504 1111 3554 Grouo

78 3565 166 3617 Pl'uin
177 3571 211 3619 Η.
224 3571 259 3619 N.
270 3586 294 3620 x.
309 3581 329 3631 7.
346 3569 494 3618 mentionem
504 3568 572 3627 iacit,
606 3566 658 3617 vius
670 3582 701 3615 ex
713 3568 772 3617 edit.
786 3567 889 3631 princip.
901 3568 926 3616 in
937 3572 1033 3617 textum
1044 3584 1111 3618 revo-

76 3631 137 3680 unde
165 3634 301 3697 colligimus
331 3634 471 3697 sarrgrralem
501 3647 572 3680 arem
604 3631 876 3693 11111,11111111111111
894 3630 1023 3681 Beklrerru
1038 3644 1109 3698 repo·

76 3692 143 3744 tuisse
158 3698 305 3761 Ossistagam
322 3698 482 3761 appellatam,
498 3710 572 3759 quam
604 3696 660 3743 suit.
692 3698 785 3744 cmm
806 3695 949 3745 vetustiores
968 3702 1026 3746 ante
1048 3698 1109 3748 Gro-

77 3770 141 3807 avem
152 3762 293 3812 Aristoteles
304 3762 402 3825 aquilae
416 3760 573 3823 persimilem,
602 3759 704 3807 noriam
720 3758 838 3809 editiones
850 3762 999 3822 praeferrmt,
1013 3768 1039 3812 et
1053 3779 1109 3812 con-

77 3822 186 3873 maiorem
194 3826 366 3887 meminisse
376 3824 572 3885 scribitetoolo·
604 3822 679 3871 sentit
697 3823 809 3872 Velleius
829 3824 846 3874 i.
871 3836 908 3887 15,
927 3825 969 3889 qui
988 3828 1109 3877 coloniam

78 3884 106 3933 ris
125 3889 266 3953 leucopheei
285 3904 328 3939 seu
346 3889 417 3950 111111,
435 3888 452 3939 1.
466 3904 488 3938 1.
505 3888 572 3951 nigro
604 3887 651 3936 hoc
681 3902 747 3936 anno
775 3888 870 3937 Lucam
899 3891 1031 3941 deductam
1057 3908 1110 3942 esse

77 3948 203 4003 albicantia
243 3956 359 4005 Ostensa
379 3954 492 4003 scribitur
512 3954 573 4001 San-
605 3950 695 4001 scabit.

77 4017 152 4085 111111
159 4020 223 4081 apud
231 4020 333 4068 Festum
340 4020 455 4068 adlatas.
468 4018 573 4066 1111111.
639 4026 653 4077 7
674 4016 843 4077 Victor-iatum]
865 4018 917 4068 Hic
931 4020 1046 4068 nummus
1061 4020 1108 4069 vic·

79 4088 102 4125 ln
113 4080 171 4131 Aen.
182 4083 197 4131 1.
209 4096 263 4148 394.
605 4080 682 4128 toriae
698 4080 805 4143 imagine
823 4080 931 4144 signatus
949 4084 1036 4131 eodem
1055 4099 1108 4146 pre-

109 4147 234 4203 ssiset-um
243 4148 360 4210 lapidem]
376 4146 491 4209 Aliquem
502 4160 533 4194 ex
544 4144 574 4193 iis
605 4144 649 4203 tio,
671 4159 720 4206 quo
745 4144 876 4207 quinarius,
899 4153 958 4195 erat
998 4146 1108 4195 Primum

80 4204 201 4271 lapidibus,
208 4226 269 4273 quos
276 4211 433 4261 terminandis
443 4210 575 4273 agrislixos
606 4208 673 4271 apud
689 4210 795 4257 Romam
813 4210 866 4273 lege
879 4210 967 4259 Clodia
983 4226 1110 4273 percussus

81 4276 252 4335 consecrabant,
262 4276 381 4324 ornabant
392 4274 499 4333 floribus,
509 4273 574 4322 olivo
606 4280 652 4333 est,
673 4278 747 4322 antea
768 4274 866 4335 quidem
888 4274 976 4323 mercia
999 4276 1054 4323 loco
1078 4291 1109 4323 ex

81 4338 203 4397 ungebant,
212 4346 258 4389 etc.
292 4340 333 4389 De
343 4338 574 4401 religioneetoultu
607 4336 709 4399 Illyrico
733 4338 857 4398 advectus,
878 4345 906 4387 nt
928 4338 994 4387 Plin.
1016 4340 1052 4387 H.
1074 4338 1109 4388 N.
1148 4387 1152 4394 ,

82 4396 118 4471 dei
126 4398 237 4463 Termini,
246 4404 297 4453 sire
306 4402 446 4453 huiusmodi
455 4402 575 4465 lapidum,
606 4401 695 4451 xxxiii.
708 4414 745 4463 13.
756 4401 835 4452 docet.

84 4462 127 4511 ud.
138 4462 237 4517 Plutia
249 4468 340 4518 Numa.
359 4468 439 4517 Cnsr.

121 4546 191 4593 VOL·
206 4552 251 4595 lv.
920 4547 939 4589 C
