2934 4800
317 197 383 254 440
562 182 839 252 SYLLABUS
872 179 1138 248 CODICUM

365 323 521 390 Continet
534 321 648 386 decem
661 320 784 407 priores
797 319 894 384 libros
909 341 983 384 cum
999 319 1211 407 praefatione.
1231 318 1350 402 [Can

321 409 601 561 LXXXB'Codex
625 493 883 560 membranaceus
903 492 1037 557 infolio
1055 492 1185 569 maiori,
1205 489 1357 556 sacal&-

322 583 396 650 cimi
415 582 531 668 quinti,
546 579 659 646 eadem
679 602 788 656 manu,
807 601 871 665 qua
890 578 993 644 codex
1008 578 1222 666 praecedam,
1234 593 1356 641 em

322 684 356 734 et
385 668 590 744 illuminatus,
617 665 694 732 olim
726 664 975 742 Canonicianus,
1001 687 1094 730 nunc
1123 666 1162 730 in
1191 663 1359 729 amadeo

324 755 501 821 Bodleiana
516 766 699 828 asservatus.
714 752 864 819 soliorum
881 756 955 818 196.

369 841 525 906 Continet
548 839 659 938 decem
683 838 931 938 primos-libros,
951 861 1085 904 necnon
1106 837 1287 904 rioesimum
1301 835 1362 922 pti·

324 923 1203 1100 “¹⁰15l⁵lt¹⁶1t¹...ll,⁰2?ltm.¹t⁰lblt...aaa
1225 1010 1359 1109 prae.

325 1101 438 1166 ‘tertia
452 1099 558 1164 Decas
578 1099 619 1164 T.
638 1098 720 1164 Livii
740 1098 904 1163 clarissimi
924 1097 1080 1162 Histctici
1097 1096 1192 1184 quod
1213 1120 1259 1160 m
1274 1096 1362 1160 ehe-

325 1189 443 1252 ‘simns
469 1185 605 1251 Ioannes
632 1183 745 1249 Dedus
768 1206 802 1248 m
842 1206 902 1248 nus
926 1182 1153 1248 Cancellarius
1177 1182 1361 1248 venerim

325 1273 476 1338 ‘donavit
503 1271 581 1336 mibi
608 1270 809 1358 Hieronymo
861 1270 980 1334 ononio
1004 1293 1093 1335 anno
1117 1270 1255 1336 Domini
1274 1265 1362 1334 MDY

325 1359 498 1486 :postridie
516 1358 681 1458 Kalendas
698 1357 818 1444 Aprilis
837 1370 874 1421 ut
895 1369 1021 1422 constat
1042 1357 1112 1421 suis
1131 1357 1173 1422 ad
1197 1379 1251 1421 mc
1269 1355 1362 1418 littar'n

346 1446 898 1598 ²llff⁸l⁶al⁰ttlttttltssll
912 1444 1362 1628 blidiiiialiiffa

327 1620 428 1684 nitide
452 1631 609 1695 exaratus,
634 1617 710 1681 olim
737 1616 984 1693 Canonicianus,
1010 1639 1101 1682 nunc
1128 1617 1166 1679 in
1192 1615 1364 1680 brblratbata

328 1705 504 1770 Bodleiana
518 1717 700 1780 asservatus,
716 1703 863 1768 foliorum
879 1707 953 1767 222.

373 1790 528 1856 Continet
550 1791 661 1856 decem
684 1789 789 1867 libros,
804 1789 925 1854 scilicet
946 1813 966 1854 a
987 1789 1069 1854 libro
1091 1787 1207 1853 XXI⁰.
1282 1812 1319 1852 m
1332 1785 1364 1850 al
1427 1800 1428 1818 ¹

194 1929 196 1934 .
329 1879 479 1943 XXXlffl.
498 1877 661 1958 inclusive,
683 1899 756 1942 cum
779 1875 898 1941 notulis
919 1875 1150 1962 marginalibus
1172 1812 1309 1940 bicudlk
1327 1875 1366 1936 in·
1425 1881 1426 1892 ¹

327 1977 469 2029 structos.

374 2051 550 2116 Praemissa
578 2063 627 2116 cst
655 2049 759 2116 codici
787 2050 951 2137 inscriptio
980 2049 1013 2112 in
1043 2049 1206 2114 honorem
1234 2049 1279 2123 Q,
1297 2047 1367 2112 fabr?
1423 1951 1430 2083 l

332 2137 479 2216 Maximi,
500 2138 620 2202 Arretii
644 2151 779 2224 reperta,
798 2159 881 2223 quac
904 2136 939 2200 in
962 2134 1110 2222 Corpore
1134 2135 1368 2224 Inscriptionnn
1424 2175 1425 2186 .

333 2223 404 2376 didm
422 2223 552 2289 Gruteri
572 2236 676 2288 exstat
698 2224 860 2311 impressa,
882 2246 913 2310 p
933 2223 1050 2289 ccccvi.
1072 2224 1104 2288 7.
1141 2223 1293 2310 [Canos.
1306 2223 1368 2285 lat
1421 2201 1427 2383 ἱ

382 2310 424 2463 Χ].
450 2395 565 2462 Codex
587 2397 771 2463 chartaceus
793 2397 827 2462 in
845 2409 968 2483 quarto,
987 2396 1064 2461 anni
1085 2401 1188 2475 1466,
1212 2395 1372 2497 παρεῖδε

335 2484 469 2550 Ranerii
484 2485 524 2549 de
540 2484 681 2549 Mascbis
698 2484 740 2548 dc
756 2484 904 2549 Arimino
918 2482 1073 2570 equestria
1086 2483 1218 2549 ordinis
1232 2485 1372 2569 iurisque·
1423 2523 1424 2534 .

332 2572 467 2636 consulti
494 2571 648 2636 Senatum
673 2570 830 2657 capitanei
853 2584 1008 2647 exaratus,
1027 2570 1123 2635 cuius
1146 2571 1293 2659 insignia
1311 2591 1373 2656 gau

330 2658 424 2723 tilitia
447 2659 481 2721 in
501 2658 605 2723 fronte
628 2657 747 2723 codicis
763 2658 892 2743 depicta
913 2671 1007 2732 sunt;
1030 2655 1107 2719 olim
1127 2680 1172 2721 ex
1195 2656 1374 2723 bibliothec

330 2742 401 2808 lani
425 2744 596 2831 Rutgersii,
620 2757 731 2832 postea
754 2766 795 2808 ex
817 2742 904 2809 dono
925 2742 1079 2809 Kenalmi
1098 2742 1250 2830 Digbaei
1273 2744 1374 2830 equitis

328 2832 429 2895 aurati
444 2830 480 2894 in
493 2831 717 2896 bibliothecam
736 2828 942 2895 Bodleianam
958 2829 1093 2906 delatus,
1108 2829 1267 2895 foliorum
1280 2836 1349 2893 466

374 2916 530 2982 Continet
553 2917 647 2982 libros
671 2916 768 2981 XXI.
794 2940 895 3003 usqne
918 2916 960 2983 ad
984 2914 1098 2979 XXX.
1121 2917 1296 2995 inclusive,
1314 2939 1373 2982 mu

327 3001 445 3066 notulis
460 3004 686 3091 marginalibus
701 3004 879 3068 instructos.

372 3087 412 3152 In
436 3089 500 3153 fine
524 3090 641 3177 legitur
667 3089 763 3155 ‘Deo
788 3089 923 3155 Gratias
970 3088 1056 3153 linit
1079 3090 1298 3157 emendatum
1319 3112 1374 3155 cu·

329 3185 471 3240 ‘rectum
490 3176 702 3263 apostillntum
720 3177 916 3241 rubricatum
932 3176 1069 3241 revisum
1087 3188 1122 3240 et
1140 3180 1316 3243 remioenm
1330 3198 1375 3264 per

330 3272 402 3326 ‘me
420 3262 594 3327 R-anerium
610 3262 807 3327 antedictum
822 3285 920 3327 manu
956 3263 1060 3349 ropria
1075 3261 1268 3330 Raneriusfl

371 3347 433 3413 XI.
460 3348 575 3413 Codex
590 3350 849 3415 membranaceus
863 3286 998 3426 infolio,
1013 3348 1115 3413 seculi
1128 3348 1259 3415 decimi
1273 3349 1374 3438 quinti,

328 3435 428 3499 nitide
445 3450 600 3513 exaratus,
616 3437 651 3499 in
673 3436 733 3499 tria
755 3436 918 3501 volumina
938 3435 1116 3512 distinctus,
1130 3435 1169 3501 in
1191 3436 1375 3503 bibliotbeoe

332 3521 470 3609 Collegii
487 3520 573 3586 Novi
588 3536 771 3587 asservatus.
1428 3468 1430 3607 Ι

373 3609 515 3672 Primum
542 3608 691 3673 volumen
717 3608 860 3674 continet
889 3607 985 3673 libros
1013 3609 1126 3672 decem
1155 3610 1288 3695 priores
1314 3632 1374 3676 cun

329 3694 429 3759 titulis
454 3694 619 3759 rubricatis
646 3708 678 3759 et
704 3694 805 3760 literis
830 3694 1004 3759 initialibus
1029 3693 1133 3781 pictis,
1155 3717 1294 3763 necnon
1313 3718 1374 3762 cuu

328 3780 447 3845 notulis
484 3780 709 3867 marginalibus
745 3782 925 3858 instructos,
962 3781 1080 3868 quibus
1119 3784 1374 3868 praemittuntur,

329 3866 382 3953 (a)
421 3875 543 3953 ‘pauca
571 3866 612 3931 de
643 3866 719 3931 Tito
752 3867 860 3932 Livio’
884 3868 980 3955 incip
1014 3866 1130 3931 ‘Titus
1157 3868 1280 3935 Livius
1304 3872 1374 3935 inter

331 3962 472 4017 ‘ceteros
498 3954 716 4040 cuiuscunque
742 3954 794 4018 evi
816 3954 984 4054 scriptores
1009 3952 1203 4020 clarissimus
1228 3955 1252 4019 b
1338 3959 1345 3970 '

330 4038 641 4213 :asarias
658 3974 1373 4195 ratiarnam

330 4210 441 4275 ‘victis
464 4152 604 4277 rrioniem
622 4150 841 4278 deentmum
864 4150 1056 4299 assignavit!
1101 4212 1174 4279 Hae
1187 4151 1283 4281 lgm
1299 4216 1370 4303 Fapp
