2934 4800
316 221 335 280 8
705 214 825 282 TITI'
845 213 981 281 LIVII

255 372 310 426 5⁷4·
319 355 458 444 paratam
473 353 712 442 expositamque
732 353 866 441 copiam,
881 366 915 418 et
928 365 1041 418 stratos
1054 353 1152 418 lectos
1165 353 1200 417 in
1213 365 1386 441 quaesto-s

258 429 312 479 ¹⁸·
320 443 367 507 rio
395 442 597 519 invenissent,
627 439 755 528 regulus
783 441 939 506 accubans
966 439 1087 528 epulari
1115 441 1229 528 coepit
1279 439 1363 505 Mox

321 529 407 594 idem
422 529 519 594 ceteri
533 550 652 605 omnes,
662 549 820 596 armorum
831 526 1034 613 hostiumque
1046 526 1145 605 obliti,
1157 527 1293 592 faciunt:
1316 541 1361 603 et,

321 629 358 680 ut
373 615 489 702 quibus
502 615 644 679 insuetus
658 614 815 699 liberalior
828 615 930 679 victus
944 627 1035 692 esset,
1050 613 1173 679 aridius
1186 614 1262 678 rino
1275 614 1362 679 cibo-

225 785 244 848 3
323 715 712 854 qullhobpordaihleerdddm
734 801 782 852 est
803 800 872 853 tum
893 788 939 852 rei
955 788 1056 852 forma
1074 810 1094 851 a
1116 787 1160 853 ud
1183 787 1361 852 Romanos·

166 868 309 983 {rapidam
323 811 511 953 temahrdhi
523 875 708 962 trepidatur:
733 875 853 939 nautici
868 874 1069 940 tabernacula
1078 811 1265 951 ddtendunt,
1276 895 1365 938 com·

164 949 291 1049 &aare
324 975 526 1050 meatumque
547 960 689 1026 inlitora
710 962 889 1050 expositum
910 961 945 1025 in
965 985 1060 1026 naves
1081 961 1224 1048 rapiunt:
1249 960 1364 1024 milites

323 1049 357 1114 in
372 1049 502 1136 scaphas
516 1062 549 1113 et
569 1070 652 1113 mare
674 1049 775 1112 territi
788 1061 902 1112 ruunt:
925 1063 1051 1126 nautae,
1066 1064 1156 1112 metu
1168 1069 1210 1112 ne
1224 1046 1366 1134 comple-

324 1149 418 1200 antur
435 1135 570 1223 navigia,
591 1135 645 1200 alii
663 1136 775 1200 turbae
793 1135 957 1212 obsistunt,
972 1134 1027 1199 alii
1046 1136 1085 1200 ab
1106 1134 1196 1198 litore
1218 1157 1313 1198 naves
1329 1134 1366 1198 in

324 1222 423 1287 altum
443 1221 615 1309 expellunt.
660 1219 741 1286 Inde
763 1235 931 1298 certamen,
952 1243 1028 1285 mox
1049 1221 1144 1286 etiarn
1162 1242 1270 1308 pugna
1290 1243 1366 1284 cum

324 1309 507 1375 vulneribus
521 1322 554 1373 et
573 1307 670 1373 caede
686 1309 720 1372 in
740 1309 843 1372 vicem
857 1307 994 1372 militum
1008 1321 1239 1394 nautarumque
1254 1307 1365 1384 oritur,

325 1395 427 1462 donec
453 1395 539 1460 iussu
562 1395 699 1460 consulis
721 1393 832 1482 procul
855 1418 874 1459 a
897 1408 979 1459 terra
1003 1394 1109 1460 classis
1130 1405 1286 1458 summota
1306 1409 1364 1459 est.

327 1480 497 1548 secernere
526 1481 601 1546 inde
630 1483 768 1547 inermes
796 1483 836 1547 ab
864 1482 991 1546 armatis
1019 1481 1133 1568 coepit.
1183 1479 1250 1544 Vix
1278 1479 1366 1544 mille

324 1567 454 1634 ducenti
469 1593 509 1634 ex
530 1582 618 1633 tanta
632 1567 846 1645 multitudine,
862 1569 919 1655 qni
933 1591 1020 1633 arma
1038 1567 1200 1644 haberent,
1215 1569 1366 1654 perpauci

324 1656 457 1742 equites,
473 1656 528 1742 qui
543 1677 643 1742 equos
656 1677 764 1720 secum
779 1655 972 1731 eduxissent,
984 1655 1105 1719 inventi
1120 1668 1202 1719 srmt.
1250 1653 1368 1718 Cetera

325 1741 474 1806 deformis
503 1741 604 1818 turba,
629 1741 715 1806 velut
741 1741 875 1805 lixarum
904 1741 1124 1828 calonumque,
1149 1740 1269 1827 praeda
1291 1763 1366 1805 vere

167 1849 286 1898 &dsunt
324 1827 439 1906 futura,
455 1829 481 1891 si
496 1827 571 1893 belli
586 1828 690 1891 hostes
710 1828 934 1892 meminissent.
980 1828 1075 1892 Tunc
1089 1827 1219 1892 demum
1236 1826 1392 1896 nuntiuao

167 1913 200 1961 aa
209 1919 289 1988 ,w
325 1912 366 1977 ad
381 1915 505 1988 tertiam
520 1913 678 2001 legionem
692 1913 910 1990 revocandam,
925 1926 959 1978 et
975 1913 1141 1979 Gallorum
1156 1912 1364 2001 praesidinm:

166 1977 314 2043 ΨΜ·
325 2012 359 2065 et
373 2000 466 2064 simul
480 2023 522 2066 ex
537 2001 683 2065 omnibus
697 2000 773 2065 locis
793 2000 834 2064 ad
848 2011 949 2065 castra
964 2000 1148 2089 recipienda
1161 1999 1368 2065 demendam·

325 2110 388 2175 que
417 2087 625 2176 ignominiam
653 2087 751 2151 rediri
779 2099 927 2173 coeptum
956 2100 1012 2152 est.
1063 2088 1200 2166 Tribuni
1228 2086 1367 2152 militum

325 2175 436 2239 tertiae
452 2173 585 2274 legionis
603 2173 755 2261 pabulum
769 2172 919 2260 lignaque
933 2175 1086 2261 prolicere
1101 2176 1231 2240 iubent:
1255 2189 1393 2242 centu-⁷

324 2260 466 2326 rionibus
487 2275 653 2348 rmperant,
675 2274 711 2325 ut
731 2261 888 2348 grenones
906 2275 1008 2326 aetate
1028 2261 1144 2330 milites
1163 2263 1254 2326 binos
1273 2262 1307 2324 in
1328 2283 1369 2325 ea

325 2348 475 2426 iumenta,
492 2347 659 2435 exquibus
674 2369 771 2413 onera
785 2347 908 2413 deiecta
922 2361 1021 2426 erant,
1037 2349 1219 2437 imponant:
1242 2371 1261 2413 e
1284 2348 1368 2413 uites

324 2448 362 2499 ut
386 2434 526 2523 singulos
552 2458 570 2499 e
596 2435 763 2500 iuvenibus
791 2435 914 2523 pedites
935 2457 1042 2500 secum
1068 2437 1102 2499 in
1124 2458 1223 2523 equos
1244 2371 1367 2500 tbllant.

325 2520 514 2610 ‘Egregium
528 2521 659 2609 gloriam
675 2520 807 2608 legionis
817 2521 895 2599 fore,
906 2522 933 2586 si
947 2535 1056 2600 castra,
1068 2536 1156 2587 metu
1171 2521 1370 2587 secundano—

326 2617 414 2673 ‘rum
430 2610 550 2686 amissa,
566 2631 623 2673 sua
636 2609 752 2673 virtute
772 2608 946 2695 recipiant:
969 2622 1003 2673 et
1021 2610 1124 2697 recipi
1138 2608 1228 2674 facile
1248 2610 1369 2687 esse,si

326 2696 379 2759 ‘in
398 2696 516 2795 praeda
535 2694 680 2783 occupati
699 2695 822 2759 barbari
839 2696 943 2761 subito
958 2696 1192 2782 opprimantur:
1216 2696 1299 2760 sicut
1314 2718 1370 2770 ,ce-

326 2791 458 2870 ‘pennt,
474 2804 564 2869 posse
580 2782 669 2868 capi?
715 2780 845 2846 Summa
861 2782 1001 2847 militnm
1015 2782 1173 2848 alacritate
1189 2781 1370 2847 adhortatio

325 2867 433 2932 audita
447 2884 503 2933 est
550 2867 669 2933 Ferunt
688 2868 776 2932 citati
795 2869 894 2955 signa,
910 2890 970 2933 nec
989 2868 1154 2956 signiferos
1173 2870 1286 2934 armati
1300 2890 1370 2933 mo-

325 2968 450 3019 rantur:
474 2955 594 3043 priores
608 2969 715 3019 tamen
730 2956 839 3019 consul
854 2956 964 3042 copiae
987 2978 1038 3033 ue,
1051 2979 1132 3043 quae
1147 2956 1258 3021 amari
1273 2955 1370 3020 redu·

325 3042 486 3120 rebantur,
510 3041 551 3106 ad
573 3041 689 3106 vallum
707 3056 914 3108 accesserunt
1012 3043 1117 3120 Atius,
1137 3043 1284 3108 tribunus
1304 3042 1371 3129 pri·

325 3150 395 3193 mus
415 3128 571 3195 secundae
592 3127 734 3216 legionis,
758 3152 823 3193 non
845 3127 1029 3195 hortabatur
1048 3130 1143 3195 modo
1165 3128 1291 3208 milites,
1311 3130 1371 3195 sed

324 3330 738 3393 saepissimeQuintanadieebatur.
754 3335 830 3392 Quin·
863 3338 940 3394 vetus,
962 3350 1025 3397 quae
1045 3335 1149 3385 nimium
1171 3337 1242 3401 longe
1263 3340 1333 3387 abest
1354 3354 1371 3387 s

324 3396 488 3446 tanadictss
503 3397 594 3459 quintis
608 3398 747 3447 cohortibus
761 3399 831 3447 iuxta
861 3398 990 3461 praetorio.
1023 3400 1095 3449 Haec
1109 3402 1145 3450 ita
1159 3402 1282 3464 explicare
1297 3419 1370 3452 cona

325 3476 381 3509 eam
403 3461 566 3512 tendentibus.
599 3463 709 3525 Apparet
731 3478 762 3511 ex
784 3463 831 3511 hoc
863 3478 926 3522 mur,
945 3469 973 3512 ut
991 3464 1103 3513 brevitati
1125 3466 1198 3514 simul
1215 3472 1241 3515 st
1262 3466 1371 3515 claritati

325 3524 390 3575 Livii
405 3526 459 3575 loco
474 3526 523 3575 iam
539 3542 604 3575 nunc
620 3532 743 3575 mutatum
758 3527 831 3575 irrisae
863 3528 1027 3578 consulamus.
1048 3528 1148 3593 Sedqui
1156 3536 1370 3593 totamremsper-

326 3589 401 3638 astum
424 3590 564 3652 quaestorii,
585 3590 621 3639 its
642 3596 670 3639 ut
691 3592 754 3640 illud
777 3598 831 3640 tum
863 3591 912 3640 tius
928 3593 1064 3655 perspicere
1080 3595 1239 3653 voletadeat
1253 3595 1322 3658 Lips.
1337 3597 1370 3645 de

325 3659 397 3712 esset,
417 3669 465 3715 que
484 3656 539 3705 loeo
558 3656 676 3717 Polybius
694 3656 788 3715 statuit,
805 3655 831 3704 in
864 3656 921 3705 Mil.
933 3657 1006 3707 Rom.
1019 3671 1075 3719 v.3.
1092 3659 1172 3708 Cass.

326 3716 405 3765 fronte
424 3724 555 3767 castrorum
573 3720 606 3767 sd
624 3720 739 3782 praetorii
758 3721 831 3770 latus.
896 3731 910 3781 5
927 3722 1020 3770 Stratos
1029 3722 1113 3785 holos]
1132 3724 1225 3776 Contra
1234 3738 1328 3772 morem
1339 3740 1371 3774 ac

327 3780 831 3859 Ideohostespraetoriodeieetoadquses-
864 3784 1018 3846 disciplinam
1039 3787 1179 3845 militarem,
1200 3804 1275 3849 quarn
1296 3789 1371 3838 raldo

326 3850 414 3893 tonum
426 3846 577 3906 perveniunt
606 3848 832 3911 Quaestoriorgitur
863 3850 967 3905 solutam
983 3850 1008 3898 in
1023 3850 1061 3901 his
1075 3852 1159 3899 castris
1169 3852 1242 3901 fuisw
1256 3860 1370 3915 apparet.

326 3910 443 3957 translato
459 3909 485 3957 in
502 3916 595 3971 partem
613 3926 726 3973 superam
743 3919 830 3961 castro·
863 3912 969 3961 Durraa.

325 3988 388 4032 rum,
396 3974 469 4023 simul
480 3979 506 4022 et
516 3974 593 4023 forum
602 3976 831 4036 quaestoriseodem
894 3975 996 4027 bruno
1011 3980 1106 4028 mam
1126 3979 1243 4043 nundus]
1273 3982 1371 4044 Supple

325 4038 468 4090 translatum
481 4044 524 4087 est.
559 4038 628 4096 Quin
636 4044 662 4087 et
673 4041 712 4089 via
718 4041 831 4103 proxima
861 4043 999 4091 miremort.
1023 4043 1208 4094 PerGollomm
1216 4048 1371 4108 praesidim

324 4103 461 4163 quaestorio
476 4102 604 4163 Quintana
616 4118 713 4165 qnoque
724 4106 831 4154 vocitata
861 4105 908 4153 tria
922 4105 966 4163 illa
982 4106 1061 4156 millis
1074 4116 1232 4169 armatorum,
1242 4109 1285 4172 qui
1301 4126 1370 4173 supr.

324 4172 362 4215 est
370 4182 386 4215 s
395 4166 555 4221 similitudine
565 4182 635 4218 verae
645 4167 795 4228 Quintanas,
802 4170 828 4217 in
863 4184 884 4219 r.
895 4176 1069 4231 memorantur,
1078 4172 1207 4236 intelligas

324 4245 374 4291 qus
384 4231 443 4279 olim
452 4232 616 4293 quaestorium
627 4233 733 4294 positum
742 4234 828 4282 haeret.
894 4243 908 4294 7
923 4236 1149 4299 Proiicereiubent]
1167 4254 1199 4287 sc.
1207 4238 1310 4298 Milites,
1316 4237 1370 4289 sive

272 4322 278 4332 ν
324 4294 359 4343 Et
371 4296 432 4344 haec
442 4294 466 4343 in
479 4296 533 4344 loco
546 4310 619 4357 quern
631 4296 783 4359 explicemus
792 4298 829 4345 in·
861 4298 1203 4364 pabulatoressclignstores.

323 4359 455 4423 telligends
462 4365 498 4409 est
505 4360 696 4420 adamnanus
703 4360 830 4412 illsalters
