2934 4800
197 257 204 284 ,,
307 211 347 272 10
690 206 802 274 TITI
829 205 966 274 LIVII

148 355 224 472 a
240 341 1350 519 riemanr

265 577 273 594 ,
304 530 337 582 st
356 517 469 583 decem
491 517 590 584 millia
610 519 756 619 peditum
777 540 851 585 cum
873 518 1034 605 equitibus
1053 519 1237 605 quingentis
1257 517 1351 583 sociis

303 604 442 670 nominis
470 604 579 674 Latini
609 619 770 692 rmperata.
815 603 864 670 Μ
881 604 993 670 lunius
1020 604 1132 671 consul
1156 605 1288 670 mansire
1313 604 1364 672 in,

306 689 455 769 Galliam,
468 705 504 756 et
522 691 562 756 ab
582 692 762 758 ciuitatibus
781 691 962 780 provinciae
979 691 1059 769 eius,
1099 705 1231 756 uantum
1250 713 1349 780 quae·

328 799 367 842 ue
481 791 504 855 t,
527 777 662 842 militum
686 779 737 844 eri
779 801 813 843 re
836 778 946 843 iussus.
993 778 1060 844 Sim
1116 777 1290 858 decretum,
1312 790 1350 842 ut

304 799 355 929 li.
401 864 526 930 laudius
547 879 672 964 praetor
693 865 734 930 m'
751 865 845 930 'tibus
866 863 1000 954 legionis
1022 878 1162 952 quartae,
1178 880 1211 930 et
1227 865 1374 929 socium
1464 872 1465 895 ³

305 949 414 1016 Latini
433 951 571 1016 nbminrs
591 952 734 1039 quinque
753 950 901 1030 millibus,
916 951 1077 1039 equitibus
1094 950 1241 1016 ducentis
1254 951 1349 1038 quin-

304 1038 466 1138 quaginta,
488 1037 577 1102 Pisas
597 1052 634 1102 ut
651 1039 867 1114 convenirent,
887 1037 1027 1103 ediceret
1034 1062 1044 1115 ;
1067 1059 1138 1103 eam
1279 1037 1350 1101 vin·

304 1146 395 1202 cram,
425 1124 503 1190 dum
532 1124 642 1190 consul
671 1124 747 1190 inde
776 1125 908 1202 abesset,
939 1137 1110 1189 tutaretur:
1138 1060 1350 1188 qrpprpnms
1466 1139 1467 1228 p

303 1225 429 1297 praetor
442 1211 602 1299 legionem
620 1211 766 1299 primam,
781 1233 891 1298 parem
904 1233 1074 1276 numerum
1088 1211 1243 1276 sociorum
1258 1210 1350 1297 pcdi-

303 1310 372 1362 tum
387 1299 606 1385 equitumque,
623 1299 806 1364 Ariminum
827 1298 996 1362 convenire
1011 1298 1142 1362 iuberet.
1189 1296 1278 1362 Nero
1292 1319 1351 1384 pa·

301 1384 430 1449 ludatus
459 1384 548 1449 Pisas
572 1385 606 1448 in
652 1384 824 1450 rovinciam
849 1400 897 1449 est
919 1384 1087 1471 profectus.
1132 1383 1282 1460 Titinius,
1307 1385 1347 1449 C.

305 1469 415 1538 Cassio
437 1471 565 1536 tribuno
587 1406 723 1536 militum
746 1471 939 1548 Ariminum,
986 1471 1019 1534 ui
1040 1483 1198 1558 praeesset
1218 1469 1349 1556 legioni,

302 1558 407 1635 misso,
422 1556 582 1624 delectum
601 1558 723 1623 Romae
742 1557 861 1624 habuit
907 1493 1081 1622 Minnius
1100 1556 1220 1634 consul,
1235 1579 1276 1622 ex
1291 1555 1350 1621 Li-

301 1645 432 1732 guribus
440 1646 472 1708 in
485 1644 678 1732 provinciam
690 1644 830 1710 Galliam
840 1657 1059 1731 transgressus,
1067 1643 1194 1708 auxiliis
1203 1644 1350 1729 protinus

343 1753 359 1794 r
373 1731 516 1795 civitates
533 1729 656 1795 Galliae
676 1730 895 1818 militibusque
911 1729 1043 1794 coloniis
1057 1729 1228 1816 imperatis,
1244 1730 1350 1816 Aqui·

301 1753 396 1881 iiiam
418 1816 570 1903 pervenit.
616 1814 666 1881 Ibi
688 1817 805 1882 certior
823 1817 935 1894 fautus,
958 1816 1133 1882 exercitum
1154 1816 1348 1881 incolumem

302 1925 380 1979 esse,
402 1902 525 1990 scriptis
546 1902 646 1968 literis
669 1903 816 1980 Romam,
836 1925 877 1968 ne
902 1902 1178 1979 tumultuarentur,
1198 1903 1276 1989 ipse,
1296 1925 1349 1968 re·

301 1988 403 2054 missis
425 1989 559 2076 ausiliis,
582 2011 664 2075 quac
689 1988 791 2053 Gallis
815 1989 1034 2076 imperaverat,
1057 1989 1098 2055 ad
1123 1989 1276 2075 collegam
1298 2002 1348 2055 est

301 2075 469 2225 proiectus.
517 2076 639 2141 Romae
660 2098 776 2163 magna
788 2099 830 2141 ex
848 2077 1037 2176 necopinato
1057 2075 1177 2141 laetitia
1189 2076 1267 2140 fuit:
1290 2075 1346 2141 de·

313 2175 402 2227 ectus
421 2163 554 2228 omissus
573 2178 639 2228 est:
664 2163 869 2240 exauctorati,
890 2186 946 2250 qm
965 2175 1162 2228 sacramento
1181 2162 1345 2228 dixerantr

301 2261 335 2313 et
353 2250 520 2326 exercitus,
536 2251 592 2336 qui
613 2249 753 2315 Arimini
770 2250 951 2337 pestilentia
969 2250 1100 2314 affectus
1119 2262 1195 2326 erat,
1216 2248 1348 2314 domum

301 2334 456 2401 dimissus.
502 2335 584 2414 Istri,
607 2337 730 2425 magnis
755 2337 854 2424 copiis
880 2359 980 2425 quum
1002 2349 1104 2402 casua
1126 2335 1213 2402 haud
1237 2335 1348 2424 procul

301 2422 438 2489 consulis
453 2425 561 2489 castris
578 2424 742 2502 haberent,
758 2447 815 2511 pos
851 2447 925 2488 uam
944 2423 1079 2489 alterurn
1096 2423 1259 2489 consulem
1273 2446 1348 2489 cum

301 2510 445 2576 exercitu
479 2532 562 2575 novo
596 2509 760 2575 advenisse
789 2534 831 2575 au
853 2511 968 2587 ierunt,
997 2510 1114 2610 passim
1141 2511 1176 2574 in
1205 2511 1348 2575 civitates

301 2596 416 2748 gilapsi
437 2611 528 2663 sunt:
552 2596 697 2662 consules
719 2596 904 2684 Aquileiam
925 2597 959 2661 in
981 2596 1115 2684 hiberna
1135 2595 1276 2683 legiones
1297 2620 1348 2662 re·

325 2699 470 2748 uxerunt

224 2822 232 2837 .
347 2769 464 2835 Sedato
476 2769 605 2834 tandem
621 2769 732 2835 istrico
745 2770 896 2848 tumultu,
908 2768 1214 2836 senatusconsultum
1227 2770 1347 2835 facturn

300 2873 359 2934 est,
370 2870 406 2921 ut
417 2855 561 2922 consules
573 2857 656 2921 inter
669 2879 702 2921 sc
718 2870 947 2943 compararent,
957 2870 1029 2921 uter
1038 2879 1148 2923 corum
1164 2854 1205 2920 ad
1219 2857 1350 2921 comitia

300 2942 448 3009 habenda
468 2942 604 3007 Romam
625 2942 752 3008 rediret
800 2943 911 3019 Quum
931 2944 1093 3009 absentem
1114 2941 1274 3007 Manlium
1291 2943 1349 3007 tri·

301 3030 379 3095 buni
400 3029 511 3117 plebis,
532 3031 574 3093 A.
588 3028 731 3094 Licinius
752 3029 861 3094 Nerva
880 3043 914 3094 et
932 3028 972 3094 C.
986 3030 1133 3117 Papirius
1153 3029 1292 3106 Turdus,
1312 3030 1349 3093 in

301 3116 507 3181 concionibus
537 3115 718 3193 lacerarent,
746 3117 1006 3204 rogationemque
1031 3115 1279 3203 promulgarent,
1304 3138 1348 3181 ne

303 3200 445 3268 Manlius
459 3215 531 3289 post
550 3200 628 3266 idus
648 3201 781 3267 Martias
795 3205 993 3289 (prorogatae
1013 3224 1152 3290 namque
1167 3202 1350 3268 consulibus

301 3288 420 3354 iamin
446 3312 565 3353 annum
591 3289 771 3376 provinciae
797 3288 902 3375 erant)
924 3289 1092 3376 imperium
1115 3288 1277 3367 retineret,
1299 3289 1349 3354 uti

299 3398 427 3442 causam
447 3374 608 3462 extemplo
628 3374 745 3453 dicere,
761 3398 863 3526 qpum
880 3374 995 3440 abisset
1012 3376 1206 3462 magistratu,
1222 3388 1347 3463 posset3

300 3463 376 3528 huic
387 3462 540 3551 rogationi
561 3461 601 3537 Q
614 3461 727 3527 Aelius
742 3485 780 3529 co
804 3486 866 3549 ega
877 3462 1062 3539 intercessit,
1074 3462 1259 3550 magnisque
1271 3486 1350 3529 con·

301 3550 495 3615 tentionibus
510 3548 658 3621 obtinuit,
674 3572 715 3613 ne
730 3548 929 3636 perfenetur.

344 3636 408 3701 Per
427 3659 481 3701 ecs
501 3634 569 3701 dies
590 3635 640 3701 Ti.
657 3634 861 3725 Sempronius
878 3635 1043 3701 Gracchus
1062 3647 1095 3701 et
1114 3635 1152 3702 L
1166 3634 1350 3701 Postumius

334 3888 666 3953 4l'i.01osdiusprustor]
698 3889 738 3937 Ex
760 3888 808 3937 hoe
840 3888 904 3936 disse
921 3886 1065 3950 Sempronio
1084 3892 1110 3935 et
1128 3887 1265 3949 Postumio,
1281 3890 1349 3951 quod

301 3954 357 4001 loco
366 3958 430 4001 recte
441 3952 534 4015 colligit
546 3952 646 4015 Pighius
657 3952 722 4001 hunc
734 3959 759 4001 et
770 3952 808 4001 Μ.
839 3966 930 4000 munus
939 3958 977 4000 est
988 3949 1105 4014 praetoris
1111 3952 1197 4000 urbani
1207 3953 1350 4003 absentibus

302 4017 431 4075 Titinium,
442 4017 484 4079 qui
494 4017 557 4065 infra
568 4016 715 4076 nominatur,
725 4017 772 4064 iuri
782 4016 808 4064 in
840 4016 1113 4075 consulibuqiudicavit
1123 4017 1189 4064 idem
1200 4016 1349 4079 Pighiusur-

302 4082 362 4129 urbe
370 4080 477 4129 dicundo
485 4080 623 4143 praeniissa.
652 4080 808 4130 Ceterienim
841 4082 930 4128 hanam
955 4079 1147 4129 iurisdietionem
1169 4080 1264 4129 Titinio
1285 4082 1348 4129 obti-

302 4152 425 4207 praetores
439 4152 499 4195 tune
513 4144 539 4193 in
553 4144 689 4209 provincias
706 4144 809 4208 profecti
840 4144 911 4207 gissa,
926 4143 1032 4194 Claudio
1049 4144 1144 4194 Neroni
1161 4144 1225 4193 inter
1240 4145 1307 4195 ciras
1322 4151 1350 4195 st

302 4224 354 4259 esse
376 4210 504 4259 debebant
539 4210 625 4267 Quum
647 4214 731 4257 autem
754 4223 809 4270 cap.
842 4208 988 4272 peregrinos.
1004 4209 1086 4259 cerv.

302 4288 352 4335 seq.
364 4274 400 4323 Μ.
410 4272 516 4323 Titinius
531 4274 626 4323 dicatur
640 4279 752 4322 sonatum
768 4272 810 4320 de·
