2934 4800
383 225 477 292 LIB.
502 224 611 292 XLII.
644 225 755 292 CAP.
780 229 830 294 67.
1091 229 1130 292 97

67 359 130 424 ad
141 358 281 437 Philam,
292 360 410 424 iussum
422 360 590 448 Magnetas
603 384 644 426 cx
658 361 837 460 propinquo
852 374 981 426 tentare.
1017 359 1126 436 Quum
1140 377 1172 428 U.
1184 379 1213 431 c.
1228 381 1284 441 εει.

65 445 213 511 Pellam
238 447 383 524 venisset,
406 448 549 512 exercitu
577 448 612 512 iu
641 448 772 514 hrberna
794 446 933 526 dimisso,
959 449 1026 536 ipse
1052 444 1164 512 cumA·
1183 446 1282 510 0471-

69 531 197 620 Cotye
221 532 476 599 'Ibemalonicam
505 547 553 599 eat
580 533 747 621 profectus
798 533 848 598 Eo
876 534 959 598 fama
986 534 1124 611 affertur,

68 619 249 684 Atlesbim
348 620 414 684 lum
428 620 599 698 rl'lrrucum,
614 633 648 685 et
663 619 839 706 Corragum
862 619 1014 685 Eumenis
1035 643 1125 708 prae·

66 705 217 782 fectum,
232 641 395 794 inffilyis
408 708 488 772 lines
510 708 663 794 impetum
683 707 802 784 fecisse,
817 720 851 771 et
864 707 1035 795 regionem,
1052 707 1124 772 Ma·

68 808 446 956 ffttttttttttt
458 791 1124 968 tttttplttttnltlttltdttt

69 977 147 1029 tur.
196 964 345 1030 Duoeuta
361 965 487 1066 talenta,
502 979 650 1030 semestre
669 964 872 1067 stipendium,
888 966 1042 1054 equitatui
1064 989 1124 1032 nu·

27 1067 56 1116 8
71 1051 906 1238 meatmpppppspppppnappoppepuppleepppastpffip
915 1137 956 1204 ad
969 1137 1120 1204 Gonnum
1130 1157 1186 1208 coa
1197 1159 1221 1208 in
1234 1159 1268 1208 tt-

70 1237 188 1289 caatra
208 1238 324 1303 movet,
341 1247 368 1288 st
388 1226 484 1312 potiri
504 1247 525 1290 o
547 1224 622 1312 pido
642 1239 757 1312 posset.
804 1225 890 1290 Ante
910 1224 978 1312 ipsa
1000 1224 1121 1312 Tempe
1130 1223 1240 1272 temese

73 1311 117 1374 in
138 1310 285 1375 faucibus
300 1311 406 1389 situm,
421 1248 629 1377 Macedoniae
651 1309 787 1376 claustra
807 1311 961 1376 tutissima
982 1313 1120 1398 praebet,
1130 1289 1229 1337 ΝΜ

73 1411 116 1461 et
148 1397 186 1461 in
213 1396 407 1463 Themaliam
443 1411 657 1499 opportunum
685 1396 917 1462 Macedonibus
945 1397 1120 1462 decursum.
1151 1398 1158 1408 ‘

35 1511 64 1561 9
78 1483 200 1559 Quum
214 1497 248 1547 et
261 1481 331 1549 loco
344 1498 379 1549 et
413 1485 547 1550 raestdio
560 1483 665 1550 valido
679 1482 934 1583 inexpugnabilis
948 1483 1120 1562 restitisset,

75 1570 207 1635 abstitit
218 1569 355 1657 incepto.
454 1570 676 1636 Perrhaebiam
690 1570 782 1634 flexis
795 1569 968 1648 itineribus,
984 1569 1123 1636 Malloea

76 1657 191 1744 primo
203 1656 245 1720 im
287 1671 324 1722 tu
340 1671 432 1745 capta
452 1680 489 1722 ac
506 1657 639 1808 dirllsm
655 1655 779 1744 Tripoli
793 1655 916 1743 aliaque
931 1655 1120 1722 Perrhaebia

76 1755 223 1830 recepta,
302 1743 310 1758 ⁸
414 1743 518 1809 rediit.
602 1742 642 1808 de
658 1742 803 1807 Eumene
817 1754 920 1830 'atque
939 1743 1049 1809 Attalo
1063 1743 1120 1809 do·

76 1851 175 1894 mum
201 1829 346 1908 remissis,
416 1831 423 1844 '
500 1827 574 1895 neni
603 1827 823 1915 Numidasque
857 1829 892 1892 in
927 1829 1058 1895 hiberna
1086 1831 1119 1895 iu

75 1917 238 2016 proximis
251 1915 410 1982 Thessalis
428 1940 467 1982 ur
487 1917 500 1980 ἰ

75 2017 131 2067 tta
156 2023 216 2088 per
234 2015 330 2067 totam
347 2002 542 2068 'l'hesmliam
563 2002 678 2080 divisit,
693 2015 730 2066 ut
752 2015 784 2066 et
803 2000 936 2067 htbcrna
956 2003 1121 2068 commoda

76 2111 198 2153 omues
217 2088 426 2167 haberentet
445 2088 601 2177 praesidio
614 2089 745 2154 urbibus
758 2101 871 2154 essent
918 2088 959 2165 Q
974 2087 1119 2153 Mucium

75 2175 225 2276 legatum
239 2198 311 2240 cum
333 2175 456 2241 duobus
477 2175 616 2240 millibus
635 2175 678 2240 ad
698 2174 903 2239 obtinendam
918 2175 1118 2240 Ambraciam

75 2261 180 2326 misit.
215 2260 407 2327 Graecamm
417 2262 592 2328 civitatium
606 2261 706 2326 socios
716 2283 826 2326 omnes
840 2273 964 2348 praeter
973 2261 1120 2327 Achaeos

74 2347 213 2415 dimisit
245 2347 330 2415 Cum
341 2349 497 2416 exercitus
505 2361 595 2523 m
605 2347 764 2437 profectus
774 2347 808 2412 iu
820 2346 974 2413 Achaiam
985 2347 1119 2414 Phthio·

601 2457 621 2501 ο

498 1917 558 1982 bus
572 1916 748 1982 distribuit:
772 1929 805 1980 ct
821 1929 942 2016 partem
964 1917 1120 1982 exereitus

75 2434 153 2513 tim,
168 2435 315 2501 Pteleum
329 2436 488 2502 desertum
643 2434 831 2521 pidanorum
848 2434 946 2500 diruit
966 2457 986 2499 a
1006 2435 1119 2499 funda-

76 2521 210 2599 mentis,
228 2524 375 2588 Antroua
394 2523 555 2588 voluntate
577 2522 749 2587 coeatium
770 2521 898 2609 recepit.
944 2519 999 2586 Ad
1014 2520 1119 2585 Laris-

76 2630 151 2673 sam
176 2607 292 2674 deinde
317 2609 491 2675 exercitum
515 2607 662 2674 admovit.
712 2606 799 2672 Urbs
821 2606 945 2672 deserta
969 2621 1036 2671 erat
1043 2630 1053 2685 3
1083 2607 1118 2671 in

76 2716 189 2760 arcem
213 2696 316 2761 omnis
337 2695 508 2761 multitudo
533 2706 745 2759 concesseratt
770 2714 840 2767 eam
859 2714 1041 2781 oppugnare
1063 2716 1118 2781 ag-

76 2781 234 2870 greditur.
278 2782 379 2847 Primi
396 2782 539 2847 omnium
554 2779 759 2857 Macedonas,
774 2779 896 2866 regium
917 2780 1118 2868 praesidium,

77 2882 174 2934 metu
191 2882 398 2934 exoesacraut.
443 2870 477 2935 A
498 2868 614 2956 quibus
633 2866 736 2932 relicti
757 2864 906 2954 oppidani
929 2866 963 2931 in
984 2866 1118 2932 deditio·

77 2977 160 3019 uem
180 2954 339 3043 extemplo
359 2954 501 3021 veniunt.
546 2953 695 3019 Dubitari
716 2951 803 3030 inde,
818 2967 925 3018 utrum
940 2953 1118 3019 Demetrias

104 3041 521 3205 ‘tumtunm
541 3038 1120 3203 gpmtpggaffldggg

79 3216 170 3278 bant.
214 3214 270 3279 Ad
287 3213 401 3279 horum
442 3238 537 3293 reces,
552 3213 629 3302 quia
641 3212 782 3278 bibernis
795 3212 897 3301 aptior
911 3213 1008 3299 regio,
1023 3236 1118 3300 quam

82 3300 253 3387 Magnesia
267 3316 344 3378 erat,
357 3302 393 3365 in
408 3238 573 3366 desdam
587 3299 688 3365 duxit.

114 3488 132 3536 8
148 3488 586 3553 mmmmm·
617 3482 934 3535 notaturPerseiauun'tt'a.
950 3483 1031 3532 carr.

79 3554 212 3613 stim]
245 3554 365 3603 &madre
382 3558 478 3602 tautum
496 3552 587 3615 stipen-
649 3548 883 3620 olneaepttumds'lt'a
892 3546 1028 3605 restitisset]
1045 3546 1120 3609 Vulg.

80 3616 152 3665 dium
168 3616 313 3679 numeravit,
322 3616 433 3679 quamvis
445 3617 524 3679 primo
534 3617 586 3679 pol·
618 3630 657 3663 m
672 3618 733 3661 mat
752 3610 847 3671 tegitur,
863 3614 907 3672 pro
923 3624 972 3671 quo
987 3612 1045 3658 urba
1060 3619 1119 3661 esset

82 3681 166 3730 licitus
182 3687 248 3730 caet
265 3680 370 3730 solidum
388 3680 419 3730 ila
436 3681 512 3730 totius
528 3680 586 3729 nuni
618 3674 785 3740 reponendum
796 3673 893 3725 coniicit
904 3672 1048 3723 Gronoritu.

82 3743 233 3808 stipendium
252 3746 401 3808 persolutam
418 3745 456 3795 iri.
489 3744 546 3794 Hac
561 3760 587 3792 ra
806 3768 808 3775 ·
