2934 4800
380 215 443 277 352
752 202 1061 271 PRAEFATIO

383 368 501 458 pagina
513 366 632 433 codicis
646 366 834 454 antiquioris
849 366 981 454 paginas
994 362 1173 431 altitudine
1188 362 1292 450 pariter
1301 361 1366 424 achi

383 473 496 539 tudine
510 470 554 536 ad
566 470 716 536 amussim
730 483 868 557 aequat3
891 468 1008 534 deinde
1026 467 1128 533 huius
1143 464 1273 555 paginae
1284 464 1368 529 edum

384 576 483 643 altera
504 597 607 661 eaque
632 574 766 661 integra,
790 572 919 639 alterius
942 571 1029 637 enim
1051 582 1184 658 partem
1206 566 1370 655 superiorem

384 680 490 768 priore
504 678 632 742 librario
644 698 777 742 vacuam
791 674 887 740 fuisse
902 673 1043 739 relictam
1058 673 1219 749 diximus,
1233 692 1290 735 non
1300 670 1372 755 niglu

385 782 541 870 quinque,
556 779 641 845 utin
656 778 766 845 codice
781 777 968 854 recentiore,
983 775 1040 841 sed
1054 770 1372 861 duodeqnsdngiuur

385 886 419 949 in
441 883 552 947 codice
573 883 764 969 antiquiore,
781 882 924 947 versibus
945 892 1088 957 constat3
1113 878 1259 964 denique
1277 876 1374 938 litem

385 985 510 1063 ductus,
525 985 759 1073 orthographia,
775 985 948 1073 scripturae
966 982 1166 1071 compendia
1183 994 1219 1046 et
1234 976 1374 1044 correctius

385 1088 576 1154 mendorum
590 1090 631 1154 ab
645 1088 693 1166 iis,
705 1111 789 1175 quae
804 1088 839 1153 in
854 1088 1032 1175 antiquiore
1047 1087 1167 1153 codice
1178 1084 1374 1172 reperiuntur!

386 1190 546 1257 tantillum
557 1190 690 1278 quidem
700 1190 861 1255 differunt.
896 1190 990 1267 Quae
1001 1212 1103 1277 quum
1118 1190 1170 1253 ita
1184 1188 1258 1263 sint,
1268 1184 1374 1270 scriptu!

386 1292 601 1359 diversitatem
622 1292 659 1357 iu
678 1292 740 1357 hac
760 1292 879 1358 codicis
898 1306 988 1380 parte
1010 1304 1177 1380 repertam
1199 1280 1376 1376 atqueer

385 1395 454 1461 lero
475 1418 507 1483 p.
529 1398 603 1461 354.
624 1417 671 1482 sq.
694 1409 808 1482 parum
830 1394 1002 1483 diligenter
1023 1407 1203 1471 enotatam,
1223 1412 1263 1457 er
1281 1384 1373 1476 qualit

387 1497 503 1563 XXX.
523 1504 576 1564 44.
596 1497 788 1563 lectionem:
812 1498 940 1563 Illecesse
960 1508 1013 1575 erl,
1035 1501 1069 1561 t'rs
1089 1521 1146 1561 cos
1167 1498 1237 1561 odio
1256 1502 1332 1555 verbs
1344 1510 1377 1549 s*

387 1604 500 1667 noum
521 1604 560 1666 ab
580 1602 729 1665 Romans
755 1602 894 1678 nedatrb,
919 1623 939 1665 a
962 1598 1235 1667 Drakenborchio
1258 1593 1375 1659 conicum

387 1715 591 1791 praeceptam
605 1702 741 1781 restitui,
757 1724 815 1768 suo
833 1701 905 1768 loco
924 1723 1079 1789 reponere
1093 1722 1165 1766 non
1180 1694 1317 1764 dubitari
1346 1689 1376 1753 Cr

388 1819 493 1870 terum
507 1804 589 1870 libro
603 1806 773 1885 tricesimo,
788 1806 824 1871 id
837 1805 926 1893 quod
942 1804 1111 1871 Goellerus
1125 1798 1326 1893 praetermisit.
1335 1795 1374 1857 l*
1391 1812 1393 1861 l

388 1906 576 1993 subscriptio
599 1922 649 1972 est
670 1908 832 1974 subiecta:
864 1910 932 1973 Titi
948 1910 1036 1973 Livii
1053 1910 1092 1973 ab
1111 1910 1190 1972 urbe
1212 1904 1314 1969 condis
1328 1897 1375 1960 Hs

390 2013 504 2079 XXX.
528 2012 652 2097 explicit
662 2013 808 2095 feliciter.
854 2011 946 2077 Alibi
972 2022 1081 2075 tamen
1105 2008 1253 2077 librarius
1274 2024 1323 2069 mn
1342 1998 1373 2059 il

388 2114 482 2191 Livii,
497 2112 556 2178 scd
576 2114 643 2177 Titi
654 2115 730 2177 Lici
738 2114 868 2199 porum.

435 2214 720 2291 Quemadmodum
738 2228 845 2281 autem
865 2238 907 2280 ex
926 2215 1099 2302 scripturae
1118 2200 1372 2290 similiaminepolr

389 2318 506 2383 simum
519 2319 719 2409 intelligitur,
735 2321 797 2387 hoc
811 2319 923 2385 solium
943 2320 1020 2385 clius
1039 2342 1112 2385 cum
1131 2321 1244 2387 codice
1260 2307 1372 2396 antiquitT

388 2423 485 2489 fuisse
508 2424 726 2503 coniunctum,
741 2425 788 2490 ita
810 2438 914 2490 totum
936 2423 1080 2490 codicem
1101 2447 1171 2490 non
1192 2423 1232 2489 eb
1251 2411 1371 2493 mels

390 2526 536 2614 pluribus
560 2526 696 2592 librariis
721 2527 917 2615 exscriptum
942 2549 1020 2605 esse,
1044 2549 1085 2592 ex
1110 2527 1255 2594 eiusdem
1276 2511 1371 2585 drani

325 2695 329 2704 ,
390 2629 502 2695 tudine
527 2642 668 2717 apparet,
692 2651 791 2717 quam
815 2631 851 2693 in
873 2630 975 2695 tribus
997 2629 1084 2694 hisce
1107 2629 1229 2696 codicis
1250 2611 1370 2706 autiqu'uf't

390 2733 533 2817 partibus
557 2733 649 2797 nobis
681 2731 930 2819 deprehendisse
963 2731 1117 2797 videmur.
1179 2731 1215 2820 1)
1241 2725 1295 2794 Fol
1316 2721 1369 2784 123‘

393 2838 469 2899 rose
488 2835 555 2900 sive
574 2834 647 2900 Lib.
664 2833 797 2900 xxxi
816 2840 844 2900 1.
890 2837 946 2900 M.
961 2859 1078 2922 qnoque
1093 2840 1191 2916 amaa
1207 2847 1262 2901 ea
1276 2813 1369 2911 ιιεψε·ἐ

390 2933 462 3000 Liv.
478 2934 644 3001 XXXIV.
661 2939 713 3003 72.
726 2939 827 3020 finire
847 2948 924 3002 nutu
943 2939 1186 3024 doceptuts'onem
1203 2937 1325 3025 pausat
1350 2916 1367 2980 h

391 3037 452 3102 hac
471 3051 561 3126 parte
581 3040 724 3128 singulae
745 3040 912 3106 columnae
927 3040 1253 3128 duodequadragenis,
1265 3047 1292 3100 et
1306 3024 1369 3094 inlss

389 3139 443 3205 fol
478 3144 554 3209 167!
584 3142 714 3208 tricenis
750 3143 891 3231 septenis
921 3144 1063 3210 semibus
1095 3155 1248 3210 constant
1293 3131 1317 3216 l)
1335 3119 1366 3190 fil

392 3245 470 3309 168¹:
480 3246 604 3311 -17512
634 3245 700 3310 sive
730 3245 803 3311 Lib.
831 3243 980 3314 XXXV.
1011 3251 1038 3312 l.
1069 3247 1231 3332 &impio
1257 3239 1320 3311 noi,
1339 3238 1368 3291 θ’

391 3345 551 3432 usquead
567 3345 647 3433 Cap.
664 3351 716 3412 33.
733 3351 986 3433 praevertendum
1005 3351 1064 3413 ribi
1075 3373 1146 3427 esse,
1160 3351 1256 3414 dr'xie
1274 3343 1365 3439 W

392 3446 433 3512 In
457 3447 519 3513 hac
544 3461 644 3536 parte,
671 3449 763 3514 ouius
788 3449 931 3538 singulae
956 3449 1122 3516 columnae
1149 3450 1272 3518 nicenis
1290 3448 1368 3527 ,epu

386 3551 535 3616 versrbus
560 3563 718 3630 constant,
745 3555 900 3642 scriptura
924 3555 1063 3642 primum
1088 3555 1222 3642 quidem
1246 3527 1366 3642 propit*l

391 3650 479 3718 illam
494 3653 627 3734 accedit,
643 3655 702 3720 sed
714 3656 881 3743 paullatim
892 3655 1021 3745 longius
1036 3657 1076 3724 ab
1090 3681 1130 3724 ea
1142 3659 1267 3724 recedit
1301 3647 1325 3731 ³)
1336 3631 1367 3702 fil

395 3757 578 3823 rte-sort
604 3757 670 3823 sive
696 3757 943 3824 Liuxxxv.
969 3765 1020 3826 aa.
1048 3785 1273 3849 repam..
1288 3749 1340 3818 oo
1352 3741 1365 3798 i

393 3858 501 3936 Ῑῑᾱῖῑα,
517 3872 576 3940 ete
593 3882 695 3948 usque
716 3861 758 3926 ad
778 3861 850 3929 Lib.
867 3853 1069 3929 XXXVIII.
1084 3869 1137 3930 46.
1190 3847 1367 3946 Qnidiciwi‘

392 3965 447 4039 αἱ,
462 3961 519 4026 ubi
539 3961 643 4027 codex
664 3962 791 4029 desinit.
838 3964 878 4030 Iu
899 3965 960 4030 hae
982 3979 1082 4054 parte,
1097 3989 1180 4055 quae
1203 3960 1312 4034 literulis
1324 3965 1365 4016 ool

425 4154 441 4202 5
458 4143 525 4191 Vide
537 4145 813 4219 Iurcnatiincstresque
822 4151 904 4200 Anno-
938 4168 982 4216 pro
999 4153 1056 4204 Mil.
1067 4171 1122 4219 cap.
1136 4170 1156 4208 1.
1168 4171 1193 4219 p.
1209 4171 1229 4208 r.
1240 4171 1282 4219 sqq·
1293 4137 1363 4198 imm

392 4209 449 4250 tatt.
464 4206 497 4252 ad
516 4207 580 4253 Lrvu
598 4208 696 4270 Fragm.
713 4213 768 4262 Lib.
787 4215 862 4265 XCI.
879 4231 906 4278 p.
938 4217 1057 4268 disseruit.

394 4276 450 4326 375.
461 4280 514 4326 sqq.
529 4273 555 4314 et
570 4284 633 4329 quse
648 4271 786 4326 Freundiua
801 4280 834 4327 sd
850 4279 905 4331 cic.
