2934 4800
250 230 362 301 ΤΙΤΙ
390 230 527 300 LIVIl
558 232 910 303 FRAGMENTA.
1039 243 1105 307 288

52 370 191 437 larinus
222 370 330 437 oculos
361 368 507 435 homines
534 370 652 435 intueri
682 368 839 435 trucidata
866 368 1009 436 membra
1036 370 1106 438 eius

52 470 212 545 poterant.
255 456 346 521 Vixit
360 468 423 521 tres
437 468 471 521 et
484 456 649 544 sexaginta
662 477 773 535 annos,
784 468 830 534 ut,
841 455 869 521 si
882 456 930 521 vis
943 454 1105 538 ubiuinet,

52 566 91 607 ne
121 544 299 609 immatura
324 542 455 630 quidem
485 564 570 608 mors
594 540 695 609 videri
724 542 843 631 possit:
880 541 1045 629 ingenium
1070 556 1105 609 ct

53 630 202 717 operibus
235 642 269 695 et
298 628 447 730 praemiis
477 650 608 717 operum
637 628 733 729 lelixf
772 629 841 729 ipse
869 627 1014 729 formum
1047 628 1106 731 diu

52 714 481 901 mentelii
496 714 859 889 ridimpriiimffloq
913 726 1105 881 iiiii

54 888 133 953 fihae
147 900 268 967 morte,
283 888 373 955 exitu
393 901 458 955 tam
478 886 560 953 tristi
580 901 675 975 etque
695 822 820 965 acatio,
835 887 980 953 omnium
993 888 1104 955 adver·

55 996 155 1039 sonim
179 974 278 1053 nihil,
301 986 339 1039 ut
359 974 428 1075 viro
447 973 582 1073 dignum
606 986 683 1051 erat,
706 972 779 1038 tulit
800 986 926 1062 praeter
948 988 1103 1041 mortemr

55 1083 131 1145 quae
145 1084 226 1127 vere
249 1062 430 1127 aestimanti
452 1081 558 1125 nunus
578 1059 711 1147 indigna
724 1057 826 1124 videri
846 1058 962 1147 potnit,
976 1060 1065 1147 quod
1086 1084 1107 1129 a

55 1147 168 1213 victore
202 1148 338 1213 inimico
370 1146 417 1211 nil
449 1145 608 1212 crudelius
640 1167 749 1234 passus
782 1158 860 1224 erat,
889 1168 987 1233 quam
1016 1146 1106 1235 quod

57 1232 195 1299 ciusdem
222 1234 371 1299 fontanae
401 1254 531 1320 compos
558 1232 625 1321 ipse
654 1232 790 1299 fecisset.
838 1230 872 1297 si
897 1232 970 1319 qu'u
997 1245 1106 1297 tamen

57 1320 224 1385 virtutibus
237 1320 318 1385 vitia
331 1318 480 1407 pensarit,
492 1319 541 1383 vir
554 1342 587 1383 m
651 1340 698 1396 us,
710 1340 793 1395 acer,
808 1316 1021 1383 memorabilis
1033 1316 1106 1396 fuit,

58 1406 139 1469 etin
161 1406 258 1472 cuius
281 1405 390 1471 laudes
412 1427 591 1493 persequen
663 1405 819 1471 Cicerone
841 1402 1004 1469 laudatore
1025 1426 1046 1469 o
1068 1426 1107 1469 us

58 1488 188 1645 lireu't.60
196 1494 252 1561 M.
265 1494 393 1560 Seneca
404 1496 539 1559 Sessar.
556 1491 634 1559 VII.
661 1491 718 1578 Os.
729 1490 928 1557 Fleinalcn.
937 1491 1033 1578 Sapp
1095 1538 1106 1557 .

60 1600 126 1664 cap.
188 1602 292 1667 ‚rqq.

417 1834 476 1899 Ec
491 1833 538 1899 lib
556 1832 657 1899 CXX
662 1833 740 1901 VII.

104 2000 267 2078 Quoniam
285 2002 371 2067 inter
385 2000 568 2089 Augustum
589 2013 622 2068 et
636 2000 817 2068 Antonium
834 2000 892 2067 reli
915 2002 986 2068 uias
1001 2002 1107 2069 adhuc

64 2100 145 2153 erant
167 2088 386 2167 dissensionis,
411 2088 565 2157 Cocceius
590 2086 707 2168 Nerva,
752 2110 865 2155 rossus
923 2112 1026 2169 errae,
1049 2090 1106 2178 qui

67 2188 165 2257 postea
186 2174 360 2263 imperavit
383 2174 516 2253 Romae,
538 2172 700 2240 mandavit
752 2186 878 2275 ugente,
898 2187 934 2241 ut
956 2176 1107 2254 mitteret,

67 2259 303 2343 quidesumma
312 2282 419 2327 rerum
430 2272 610 2327 tractarent.
646 2258 733 2348 Ergo
748 2261 1108 2329 mrssmestllaeceuas

69 2366 132 2412 cum
159 2348 318 2437 Agrippa,
345 2347 402 2449 qui
431 2358 604 2500 υπυωῗιιιο
633 2346 810 2416 exercitum
841 2347 878 2416 in
909 2369 975 2414 una
1006 2361 1109 2418 emus

69 2448 240 2520 coegemnt,
268 2449 305 2500 ut
333 2447 379 2500 art
407 2433 519 2500 Livius
560 2435 601 2500 'b.
630 2431 812 2502 CXXVII.
856 2433 1108 2522 Intelligendum

70 2532 174 2600 autem,
188 2520 280 2610 quod
300 2519 435 2588 Fonteio
455 2521 550 2586 misso
569 2520 609 2587 ab
625 2521 780 2599 Antonio,
795 2521 963 2608 Augustus
977 2521 1109 2586 Maece·

71 2617 165 2672 uatem
187 2620 221 2674 et
245 2619 368 2674 eeteros
390 2607 433 2674 ad
455 2605 594 2674 eundem
620 2605 726 2674 locum
756 2605 906 2674 emiserit.
950 2607 1041 2674 Acro
1063 2609 1112 2674 aa

71 2689 182 2760 Horat.
192 2697 268 2762 Sat.
281 2696 311 2762 1.
328 2698 358 2760 5.
375 2699 428 2762 29.

109 2775 311 2848 Dimeusions
330 2792 402 2848 orta
419 2779 503 2847 inter
523 2779 692 2846 Caesarem
711 2779 898 2866 Augustum
911 2777 1110 2844 Anmnium·

74 2883 134 2946 que,
150 2866 306 2934 Cocceius
325 2867 443 2944 Nerva,
458 2887 535 2932 avus
556 2865 635 2944 eius,
650 2865 708 2954 qui
728 2879 841 2954 postea
859 2864 985 2932 Romae
1006 2863 1110 2954 impe·

75 2950 151 3028 ravit,
165 2953 259 3040 petiit
279 2976 300 3018 a
321 2954 465 3030 Caesare,
485 2963 523 3017 ut
545 2951 695 3038 aliquem,
711 2951 769 3039 qui
792 2952 833 3018 de
855 2973 980 3016 summa
1002 2973 1108 3018 rerum

77 3046 216 3118 mearet,
249 3039 392 3106 mitteret
421 3035 635 3104 Tarracinam.
682 3035 725 3104 Et
757 3038 898 3126 primum
926 3037 1109 3115 Maecenas,

77 3139 140 3187 nox
161 3138 194 3191 et
216 3125 364 3214 Agrippa
386 3124 544 3225 congressi
566 3135 653 3202 sunt,
675 3123 775 3212 hique
797 3124 990 3213 pepigerunt
1010 3123 1109 3190 fidem

78 3209 376 3290 confirmatissimam,
392 3223 426 3278 et
443 3233 476 3274 in
495 3233 562 3276 unu
575 3223 676 3276 castra
689 3209 825 3276 conferri
839 3211 863 3275 s'
943 3209 1008 3274 uui
1069 3231 1109 3276 uc

78 3298 219 3364 exercitus
249 3297 415 3362 iussenmt.
463 3295 537 3362 Hoc
572 3309 606 3362 et
636 3295 676 3360 T.
700 3295 812 3362 Lirim
840 3295 864 3360 li
928 3295 1029 3361 CXX
1081 3294 1109 3360 Ι.

80 3379 319 3536 Ξεήηὶειοεὲίε
335 3382 502 3472 Capitonis
516 3381 687 3448 mentione.
723 3384 915 3470 Porphyrio
928 3384 975 3448 ud
984 3383 1108 3446 Horat.

96 3467 138 3532 'at
173 3474 259 3536 .5.⁶
290 3517 298 3534 .

117 3553 162 3619 Ab
176 3554 321 3622 Antonio
341 3556 453 3622 ruissus
476 3555 578 3622 fuerat
598 3553 751 3620 Fonteius
771 3553 890 3640 Capito
912 3551 1046 3638 legatus,
1070 3552 1110 3616 ab

81 3633 211 3726 Augusto
235 3639 418 3719 Maecenas,
441 3639 660 3706 intercedente
687 3639 827 3706 Cocceio
851 3637 970 3717 Nerva,
993 3659 1111 3724 proavo

82 3717 189 3796 Nervae
204 3729 413 3816 imperatoris,
428 3727 485 3815 qui
499 3740 534 3792 et
543 3727 692 3814 Augusto
706 3738 741 3792 et
751 3725 896 3792 Antonio
909 3736 1018 3812 gratus
1031 3736 1110 3801 erat,

82 3827 141 3875 cum
161 3814 314 3903 Agrippa.
361 3813 410 3880 Ee
432 3827 540 3882 autem
562 3811 747 3880 conditione
768 3823 984 3876 convenerant
1003 3809 1110 3899 legati,
1135 3826 1141 3834 ’

84 3908 112 3989 tt
127 3898 162 3964 de
182 3923 306 3968 summa
327 3922 433 3968 rerum
458 3911 637 3977 tractarent,
653 3911 861 3984 exortumque
881 3895 1111 3964 dissensionem

84 3995 151 4048 nter
162 3987 242 4054 duos
256 3987 314 4054 hos
328 3989 533 4075 imperatores
547 4007 617 4051 com
662 3996 794 4060 nerent3
810 3983 900 4071 quod
912 3997 946 4050 et
956 3984 1109 4059 feceruut,

85 4081 111 4130 et
129 4086 292 4161 utrumque
316 4074 493 4140 exercitum
519 4073 609 4138 iuxta
660 4070 839 4138 rundisium
862 4071 899 4136 in
924 4093 990 4134 una
1010 4079 1113 4134 castra

86 4159 446 4312 lllnxffimcloefifia
481 4183 499 4224 c
579 4171 664 4236 nint,
702 4169 740 4222 ut
775 4156 872 4222 infert
907 4155 1018 4221 Livius
1053 4154 1109 4222 lib.

323 4255 534 4312 ommcnlalor
560 4245 698 4332 Cruqaii
722 4245 770 4311 ud
790 4245 914 4310 Horat.
933 4245 1006 4311 Sat.
1026 4243 1057 4308 1.
1078 4245 1110 4307 5.

89 4325 129 4390 ²9·
169 4335 221 4418 Cs.
233 4333 431 4406 Freinshem,
444 4333 609 4419 Supplem.
626 4354 700 4418 cap.
717 4335 771 4407 20,
786 4354 858 4417 sqq.
