2934 4800
346 209 387 269 ot
743 202 855 270 ΤΙΤΙ
881 202 1018 268 LlVll

192 353 268 403 Μ.
283 339 438 415 581.‘feci.
485 337 542 402 Bis
563 335 679 402 deinde
702 337 736 400 in
759 335 917 424 Hispania
938 337 1080 416 militavi,
1102 339 1200 404 semel
1224 340 1266 414 Q,
1285 339 1396 404 Fulvio

190 419 221 468 A.
238 419 268 468 ⁰·
287 425 491 504 ¹7¹·‘Flaeco,
503 425 618 490 iterum
631 423 682 488 Ti.
696 423 883 512 Sempronio
894 423 1042 489 Graccho
1052 441 1204 512 praetore.
1237 427 1397 492 AFlacco
1440 436 1442 515 l

348 511 452 576 ‘inter
470 525 599 588 ceteros,
621 533 701 598 quos
719 511 845 576 virtutis
864 534 958 576 causa
978 534 1086 576 secum
1107 535 1149 577 ex
1193 514 1340 578 rovincia
1360 513 1397 577 ad
1440 518 1441 591 ζ

348 597 568 686 ‘triumphum
592 597 781 675 deducebat,
807 597 964 663 deductus
989 621 1068 663 sum.
1114 599 1148 664 A
1207 600 1228 664 'a
1247 599 1398 664 Graccho
1440 598 1441 633 ²

348 692 505 786 ‘rogatus
532 684 567 748 in
595 685 791 772 provinciam
816 685 848 749 ii.
896 685 1020 761 Quatcr
1045 685 1128 750 intra
1153 709 1270 773 paucos
1297 711 1398 753 annos
1440 690 1441 695 ’

303 771 312 788 ’
348 779 507 859 ‘primum
520 771 622 858 pilum
636 770 733 836 duxi:
757 784 869 858 quater
882 786 917 836 et
930 771 1036 837 tricies
1049 773 1173 838 virtutis
1186 795 1283 838 causa
1296 773 1398 839 dona·

348 867 419 923 ‘tus
444 859 484 923 ab
512 858 754 946 imperatoribus
778 881 866 923 sum:
897 881 952 924 sex
979 858 1093 924 civicas
1117 883 1249 925 coronas
1275 860 1395 948 accepi.

348 943 494 1031 ‘Viginti
508 944 573 1009 duo
587 943 747 1032 stipendia
761 967 867 1009 annua
880 945 915 1009 in
930 945 1073 1010 exercitu
1087 946 1220 1011 emerita
1233 947 1353 1024 habeo,
1367 962 1397 1011 ct

349 1033 469 1096 ‘maior
483 1030 575 1095 annis
589 1054 659 1095 sum
671 1031 910 1119 quinquaginta.
959 1031 1057 1108 Quod
1068 1033 1094 1096 si
1108 1033 1188 1097 mihi
1202 1057 1261 1098 nec
1273 1035 1396 1121 stipen-

347 1117 423 1183 ‘dia
437 1118 544 1182 omnia
557 1118 689 1182 emerita
702 1131 816 1195 essent,
828 1118 966 1183 necdum
981 1133 1068 1184 aetas
1081 1120 1277 1185 vacationem
1293 1121 1395 1197 daret,

348 1213 359 1244 ‘
369 1217 485 1282 tamen,
501 1226 600 1292 quum
616 1217 767 1291 quattuor
781 1205 897 1269 milites
917 1228 976 1292 pro
998 1228 1050 1270 me
1070 1229 1135 1272 uno
1149 1206 1238 1271 vobis
1251 1207 1343 1286 dare,
1360 1208 1394 1272 P.

347 1300 358 1332 ‘
369 1289 486 1368 Licini,
506 1313 640 1379 possem,
661 1313 800 1377 aequum
820 1304 889 1356 erat
906 1314 957 1356 me
979 1291 1104 1357 dimitti
1152 1292 1216 1358 Sed
1236 1293 1320 1360 haec
1340 1319 1396 1382 pro

347 1386 459 1444 ‘causa
469 1377 636 1443 mesdicta
647 1378 924 1465 accipiatisrelim:
948 1379 1015 1478 ipse
1027 1401 1088 1458 me,
1098 1380 1204 1479 quoad
1213 1381 1394 1468 quisquam,
1440 1456 1441 1463 ἵ

346 1466 424 1552 ‘qui
439 1465 596 1530 exercitus
607 1466 725 1543 scribit,
738 1465 888 1530 idoneum
905 1465 1036 1530 militem
1052 1465 1215 1545 iudrcabit,
1227 1491 1394 1555 nunquam

345 1561 434 1617 ‘sum
456 1565 670 1617 excusaturus
719 1551 841 1617 Ordine
862 1575 927 1638 quo
949 1575 1000 1616 me
1020 1552 1154 1639 dignum
1173 1553 1320 1619 iudicent
1341 1555 1394 1620 tri-

346 1647 357 1676 ‘
367 1638 446 1703 buni
466 1639 613 1714 militum,
629 1639 832 1724 ipsorumest
852 1638 1032 1725 potestatis:
1056 1661 1097 1704 ne
1118 1639 1190 1727 quis
1209 1663 1261 1706 me
1275 1641 1410 1712 virtuter

346 1724 397 1788 ‘in
420 1725 563 1789 exercitu
583 1737 730 1811 praestet,
746 1723 830 1790 dabo
847 1747 993 1811 operam3
1018 1738 1054 1793 ut
1072 1748 1197 1813 semper
1217 1727 1263 1792 ita
1281 1727 1411 1793 fecisset

345 1819 415 1875 ‘me
445 1823 477 1874 et
503 1811 708 1897 imperatores
731 1811 804 1888 mei,
829 1826 863 1876 et
886 1811 945 1898 qui
967 1835 1031 1876 nna
1055 1812 1215 1899 stipendia
1236 1814 1391 1892 fecenmt,

346 1906 463 1962 ‘testes
482 1912 565 1960 sunt
611 1895 678 1961 Vos
693 1919 822 1984 quoque
843 1920 982 1997 aequum
1002 1913 1059 1976 est,
1075 1899 1318 1980 commilitones,
1335 1902 1392 1966 etsi
1440 1956 1441 1959 ,

345 1982 583 2070 ‘appellationis
602 1983 690 2047 vobis
710 1985 869 2070 usurpatis
888 2007 946 2062 rus,
963 2008 1062 2072 quum
1080 1985 1298 2052 adolescentes
1312 1988 1391 2052 nibil
1440 2024 1441 2037 κ

344 2070 513 2135 ‘adversus
534 2069 773 2156 magistratuum
797 2084 987 2158 senatusque
1011 2073 1231 2138 auctoritatem
1257 2098 1391 2162 usquam

344 2165 355 2196 ‘
365 2157 511 2235 feceritis,
529 2178 615 2220 nunc
661 2180 767 2244 noque
790 2157 824 2221 in
845 2172 1000 2244 potestate
1020 2172 1149 2223 senatus
1167 2183 1204 2224 ac
1224 2161 1391 2226 consulum

345 2252 441 2322 ‘esse,
462 2257 495 2308 ct
516 2243 623 2308 omnia
638 2179 776 2308 bonesta
793 2243 863 2308 loca
879 2243 1006 2322 ducere,
1028 2246 1143 2332 quibus
1162 2248 1390 2334 rempublicam

233 2335 283 2398 35.
345 2330 525 2396 ‘defensuri
540 2329 627 2394 sitis’
672 2329 763 2394 Haec
783 2330 839 2394 ubi
858 2330 950 2409 dixit,
966 2331 1179 2397 collaudatum
1199 2334 1309 2399 multis
1323 2359 1390 2402 ver·

186 2420 277 2497 Parent
341 2418 391 2485 bis
405 2417 515 2483 consul
527 2440 568 2481 ex
583 2416 736 2482 concione
751 2418 940 2483 insenatum
954 2418 1056 2484 duxit.
1101 2418 1151 2484 Ibi
1186 2444 1293 2507 noque
1304 2424 1337 2487 ei
1351 2446 1389 2488 ex
1440 2415 1441 2424 ¹

184 2491 528 2601 &Jssffifflauctoritate
544 2519 671 2569 sanatus
684 2505 802 2592 gratiae
818 2517 917 2583 actae,
933 2506 1115 2593 tribunique
1130 2507 1174 2570 mi
1188 2508 1281 2573 'tares
1295 2510 1333 2574 in
1347 2510 1389 2574 le-

364 2593 435 2657 'one
457 2592 560 2679 prima
580 2592 717 2691 primum
740 2591 840 2679 pilum
863 2592 988 2657 virtutis
1010 2616 1104 2657 carisa
1125 2594 1155 2658 ei
1181 2594 1387 2682 assignarunt

340 2616 454 2743 lineri
468 2692 678 2755 centunones,
694 2679 824 2743 remissa
843 2678 1064 2766 appellatione,
1079 2679 1122 2744 ad
1139 2679 1300 2746 delectum
1316 2686 1389 2748 obe-

341 2764 466 2830 dienter
480 2764 724 2851 responderunt*

387 2852 462 2927 Quo
478 2850 630 2914 maturius
644 2852 678 2913 in
695 2851 872 2937 provincias
892 2852 1090 2939 magistratus
1105 2853 1386 2940 proficiscerentur,

341 2936 476 3001 Latinae
493 2936 649 3001 Kalendis
663 2936 765 3001 Iuniis
778 2936 886 3002 suere:
911 2961 1013 3025 eoque
1028 2938 1164 3004 sollenni
1178 2942 1331 3028 perfecto,
1349 2943 1386 3008 C.
1440 2993 1441 2996 ,

341 3023 510 3088 Lucretius
554 3040 668 3100 raetor,
689 3024 846 3101 omnibus,
887 3048 947 3089 use
970 3025 1011 3089 ad
1033 3026 1163 3091 classem
1185 3050 1265 3114 opus
1287 3045 1387 3107 crant,

340 3046 744 3198 praemissisilrundisium
753 3124 802 3174 est
812 3049 980 3198 proiectus
1013 3111 1145 3177 Praeter
1154 3136 1208 3178 eos
1219 3116 1386 3193 exercitus,

341 3220 422 3283 quos
447 3195 592 3261 consules
615 3197 850 3283 comparabant,
875 3196 914 3261 O.
934 3197 1075 3285 Sulpicio
1103 3198 1224 3266 Galbae
1251 3204 1388 3288 praetori

340 3284 503 3371 negotium
526 3282 645 3359 datum,
669 3297 705 3347 ut
729 3296 880 3369 quattuor
901 3283 1041 3371 legiones
1066 3286 1217 3351 scriberet
1241 3290 1386 3367 urbanas,

249 3404 252 3417 ·
326 3371 423 3436 'iusto
438 3392 571 3434 numero
591 3368 736 3456 peditum
755 3369 982 3458 equitumque3
1007 3372 1108 3459 iisque
1123 3388 1274 3460 quattuor
1288 3377 1406 3450 tribu-7

338 3480 397 3523 nos
413 3456 549 3521 militum
560 3479 601 3520 cx
616 3471 725 3521 senatu
738 3455 767 3520 le
789 3469 866 3534 eret,
878 3458 934 3545 qui
949 3473 1146 3559 praeessent:
1170 3462 1263 3525 sociis
1277 3454 1387 3528 Latini

338 3544 476 3609 nominis
495 3544 664 3631 imperaret
680 3480 864 3631 quindecim
885 3544 984 3610 milha
1002 3545 1157 3632 peditum,
1172 3546 1259 3612 mille
1279 3564 1314 3614 et
1328 3551 1387 3615 du·

339 3647 447 3697 centos
462 3631 592 3718 equites
639 3628 671 3695 Is
686 3632 844 3695 exercitus
860 3632 907 3695 uti
926 3647 1052 3719 paratus
1067 3638 1239 3720 essct'quo
1259 3651 1386 3703 senatus
1439 3641 1442 3660 ‘

373 3861 387 3910 5
403 3850 516 3911 Ipsorum
532 3855 568 3897 est
584 3848 721 3910 potestatis]
745 3861 779 3895 tc.
791 3846 844 3894 su-
877 3846 937 3894 burri
953 3846 1053 3895 alternis
1068 3847 1251 3910 imperitabant,
1261 3857 1290 3901 ut
1306 3856 1385 3904 obser-

337 3918 415 3971 tuere,
435 3928 511 3975 quum
536 3912 746 3962 senatusconsulto
767 3910 798 3958 iis
818 3910 844 3959 id
878 3916 961 3958 ratum
978 3918 1015 3960 est
1030 3927 1095 3974 supr.
1107 3914 1141 3963 xl.
1154 3928 1192 3974 41.
1226 3916 1384 3981 Sedhlaqui

337 3976 624 4037 munerisiniungeretur.
876 3981 1004 4023 exsenatu
1015 3976 1137 4039 leguntur,
1144 3978 1217 4027 datur
1227 3981 1343 4030 nimirum
1353 3986 1383 4032 ob

370 4040 437 4091 om
452 4041 558 4104 semper]
586 4042 622 4087 Et
639 4054 732 4101 semper
749 4037 843 4086 Grono
875 4040 1020 4100 ampliorem
1030 4040 1155 4102 dignitatis
1164 4044 1267 4104 grsrlmn
1278 4053 1382 4095 mm.

337 4107 391 4154 rius
403 4106 524 4154 emendat.
536 4103 673 4170 Crevierius
684 4102 797 4151 voculam
807 4104 843 4151 ita
875 4102 970 4151 (linaria
980 4110 1094 4165 potestas
1127 4105 1183 4154 Nisi
1193 4107 1255 4155 forte
1266 4110 1381 4171 mendum

336 4170 472 4218 redundare
483 4174 572 4217 censet.
875 4171 911 4213 est
922 4166 948 4213 ln
958 4182 1069 4225 numero,
1078 4170 1257 4233 legendumque
1267 4182 1382 4235 quattuor

371 4246 384 4295 7
400 4234 483 4295 Fasque
494 4238 609 4295 quattuor
619 4230 729 4278 tribunos
738 4230 842 4277 militum
874 4236 899 4277 st
914 4231 1002 4291 styrmi
1019 4234 1137 4291 tribunos,
1152 4249 1194 4281 sex
1209 4235 1275 4283 enim
1291 4238 1381 4287 tribuni

335 4314 367 4347 er
374 4304 461 4345 senatu
469 4297 565 4357 teperet,
573 4297 615 4357 qut
622 4295 774 4355 praeessent]
785 4292 842 4341 Hoc
875 4294 1019 4341 creabantur
1029 4295 1054 4342 in
1065 4296 1172 4357 singulas
1183 4297 1295 4361 legiones,
1311 4302 1358 4352 cp„

335 4360 479 4410 notandum.
513 4359 580 4407 Nam
594 4372 623 4405 ex
641 4371 708 4404 more
718 4357 790 4403 solito
800 4356 841 4402 tri-
