2934 4800
301 97 363 159 152
682 89 797 158 ΤΙΤῙ
824 89 961 156 LIVII

143 247 178 299 U.
189 248 220 298 c.
235 248 291 310 584.
299 238 333 291 et
347 226 424 292 dein
441 225 591 313 singulos,
628 227 753 290 rosimo
775 225 892 312 cuique
914 225 949 290 in
972 225 1084 291 ordine
1106 221 1373 292 centurionidi·

142 311 577 412 e0·1⁶⁸·oere,quid0pus
608 326 680 376 acto
694 312 754 388 sit3
778 313 844 376 sire
864 334 884 376 a
905 312 1015 400 primis
1036 313 1136 400 signis
1158 311 1217 377 ad
1245 307 1377 375 norffi
1437 319 1438 370 l

300 421 389 462 mum
404 421 529 485 agmen,
545 420 610 463 slve
626 399 666 462 ab
681 398 832 464 extremis
853 397 895 462 ad
915 399 1035 492 primos
1051 397 1312 486 perferendum
1327 397 1378 458 im-

142 495 257 559 vigniae
300 485 425 570 perium
446 485 496 548 sit
542 483 666 570 Vigiles
686 485 783 548 etiam
805 507 888 550 novo
912 506 998 550 more
1019 499 1145 550 scutum
1163 487 1215 549 in
1233 481 1381 570 vigiliam

300 569 382 634 ferre
403 570 522 634 vetuit:
550 593 617 634 non
639 570 725 634 enim
748 571 783 634 iu
804 592 946 656 pugnam
967 569 1097 658 vigilem
1119 572 1182 649 ire,
1216 583 1265 635 ut
1290 569 1381 634 mmia

301 668 419 733 utatur,
434 655 493 720 sed
512 655 553 720 ad
571 655 778 743 vigilandum,
795 668 840 732 ut,
856 679 957 742 quum
978 657 1111 722 senserit
1132 657 1307 722 hostium
1330 652 1382 716 ad·

300 755 443 819 ventum,
458 742 591 829 recipiat
605 764 650 818 se,
666 743 849 841 excitetque
864 741 906 806 ad
919 764 1007 806 arma
1020 741 1106 808 alios
1154 742 1286 808 Scuto
1310 752 1398 827 praet

217 887 220 890 ,
300 849 334 892 se
349 841 455 893 erecto
469 841 552 892 stare
565 827 725 914 galeatos:
753 827 870 892 demde
885 828 942 892 ubi
956 827 1028 893 fessi
1043 828 1115 906 sint,
1131 829 1283 893 iunssos
1308 825 1381 913 pilo,

301 914 404 1001 capite
426 936 521 1000 super
541 915 719 1001 marginem
741 914 823 978 scuti
844 913 957 1014 posito,
976 914 1095 1002 sopitos
1113 927 1230 980 stare:
1263 927 1311 978 ut
1323 911 1384 975 ful-

300 999 449 1086 gentibus
471 999 566 1064 armis
587 999 699 1087 procul
718 999 860 1086 conspici
877 1000 918 1066 ab
935 998 1026 1065 hoste
1047 1001 1179 1086 possint,
1200 1000 1284 1088 ipsi
1300 997 1383 1063 nibil

143 1103 273 1157 snum
300 1084 497 1172 provideant
544 1084 725 1150 Stationum
741 1108 870 1172 quoque
892 1107 1014 1150 morem
1033 1086 1177 1152 mutarit.
1237 1083 1381 1151 Armati

301 1193 422 1249 ornnes,
440 1185 473 1236 et
498 1171 629 1236 frenatis
649 1172 742 1258 equis
763 1172 898 1258 equites,
921 1171 1006 1236 diem
1030 1185 1130 1236 totum
1157 1173 1379 1259 perstabam.

301 1255 342 1322 Id
365 1280 466 1344 quum
490 1257 616 1322 aestivis
639 1257 763 1334 diebus,
783 1269 896 1322 urente
921 1255 1047 1322 assiduo
1072 1257 1148 1335 sole,
1176 1257 1303 1334 fieret,
1334 1269 1380 1320 tot

301 1343 449 1409 horarum
475 1357 564 1410 aestu
589 1356 624 1409 et
742 1365 796 1409 ore
819 1343 903 1430 ipsos
924 1365 1087 1430 equosque
1111 1343 1215 1408 samos
1245 1343 1378 1428 integri

301 1451 395 1516 saepe
410 1430 513 1495 adorti
526 1430 642 1508 hostes,
658 1452 697 1494 ve
731 1429 826 1516 pauci
845 1429 951 1515 plures
965 1429 1131 1494 vexabant.
1180 1427 1319 1517 Itaque
1336 1449 1378 1492 ex

301 1517 459 1581 matutina
479 1516 614 1581 statione
637 1515 678 1580 ad
700 1515 865 1580 meridiem
885 1513 1009 1592 decedi,
1025 1527 1059 1579 et
1077 1515 1111 1578 in
1129 1513 1376 1601 postmeridia-

301 1623 377 1666 nam
399 1601 569 1668 succedeie
591 1601 669 1667 alios
690 1601 799 1666 iussit:
823 1600 868 1666 ita
885 1621 1050 1688 nunquam
1070 1599 1225 1688 fatigatos
1248 1621 1374 1668 recena

302 1684 402 1750 bostis
416 1687 547 1773 aggredi
561 1700 693 1774 poterat.

192 1776 244 1870 34
347 1770 439 1838 Haec
478 1795 555 1836 uum
569 1774 614 1837 ita
627 1773 698 1838 fieri
712 1773 847 1861 placere,
863 1774 1017 1838 concione
1032 1773 1196 1852 advocata,
1211 1796 1370 1862 pronun-

143 1859 294 1972 msa
303 1858 437 2010 litt
458 1858 1367 2020 1{5⁶ittblb⁰t¹sslttu⁰⁰ltlttttium
1434 1903 1435 1956 ¹

143 1988 208 2064 lites
304 2030 403 2117 ‘quid
471 1967 590 2094 eddeum
616 2031 667 2109 sit,
690 2030 817 2108 debere,
840 1968 1007 2118 nuncpper
1027 2053 1071 2107 se,
1094 2053 1182 2096 nunc
1205 2053 1288 2096 cum
1315 2031 1365 2107 iis,

305 2124 404 2203 ‘quos
466 2117 586 2180 vocarit
606 2116 642 2181 in
661 2116 845 2181 consilium:
873 2117 1015 2203 quinon
1036 2117 1101 2180 sint
1120 2117 1286 2195 advocati,
1309 2139 1364 2182 eos

303 2211 382 2267 ‘nec
396 2201 511 2290 palam,
523 2225 584 2266 nec
598 2215 720 2267 secreto
734 2204 850 2268 iactare
865 2201 997 2268 consilia
1010 2224 1075 2268 sua
1114 2201 1263 2267 Militem
1280 2203 1364 2268 baec

302 2289 382 2353 ‘nia
398 2311 508 2353 curare
528 2287 656 2365 debere,
675 2311 790 2375 corpus
810 2303 847 2354 ut
864 2311 961 2375 quam
978 2287 1206 2353 validissimum
1227 2301 1267 2354 et

302 2375 517 2442 ‘uicissimum
534 2374 658 2452 habeat,
679 2396 766 2439 arma
785 2388 868 2463 apta,
888 2375 996 2441 cibum
1017 2387 1162 2463 paratum
1184 2374 1228 2440 ad
1250 2397 1270 2441 s
1320 2377 1383 2449 itan

303 2463 472 2550 ‘imperiur
496 2478 602 2528 cetera
619 2461 699 2527 scire
717 2460 759 2526 de
777 2484 810 2525 se
828 2462 890 2525 diis
911 2462 1142 2527 immortalibus
1159 2474 1193 2527 et
1215 2462 1264 2527 im
1349 2483 1381 2518 -ι

303 2550 384 2613 ‘tori
403 2571 461 2613 suo
480 2572 574 2613 curae
592 2570 669 2613 esse.
714 2546 756 2612 In
771 2569 835 2647 quo
856 2548 999 2611 exercitu
1022 2546 1139 2612 milites
1158 2570 1196 2612 co
1277 2562 1362 2624 tent,

303 2634 493 2721 ‘imperator
508 2634 688 2700 rumoribus
701 2633 789 2720 vulgi
803 2634 1045 2720 circumagatur,
1060 2633 1106 2699 ibi
1120 2633 1202 2697 nibil
1216 2634 1364 2701 salutare

303 2727 399 2785 ‘esse
447 2718 498 2796 Se,
545 2719 610 2784 uod
634 2720 676 2784 sit
695 2719 834 2784 officium
859 2720 1068 2819 imperatoris,
1089 2720 1309 2806 pmvisurum,
1327 2734 1363 2786 ut

303 2804 405 2869 ‘bene
467 2826 524 2868 ren
607 2805 654 2869 rei
676 2805 873 2870 occasionem
896 2805 936 2869 i1s
957 2806 1114 2891 praebeat
1160 2804 1238 2869 Illos
1259 2807 1361 2885 nihil,

304 2888 403 2977 ‘quid
423 2827 567 2954 diturum
587 2890 638 2966 sit,
659 2912 829 2976 quaerere:
854 2892 909 2955 ubi
929 2890 1040 2955 datum
1061 2892 1189 2979 signum
1210 2891 1261 2969 sit,
1287 2906 1362 2958 tum

1433 2093 1435 2142 l

304 2974 491 3039 ‘militarem
506 2998 634 3062 operam
648 2978 784 3041 navare'
830 2977 884 3041 Ab
904 2976 953 3041 his
972 2977 1150 3076 praeceptis
1163 2978 1362 3045 concionem

303 3061 440 3138 dimisit3
464 3060 559 3148 vulgo
579 3062 676 3128 etiam
695 3063 853 3127 veteranis
873 3062 1054 3140 latentibus,
1075 3086 1109 3128 re
1133 3062 1188 3127 illo
1211 3064 1360 3151 primum

302 3148 366 3224 die,
390 3160 542 3234 tauquam
564 3148 691 3225 tirones,
715 3148 795 3234 quid
815 3148 974 3235 agendum
995 3162 1078 3215 esset
1097 3149 1133 3213 in
1155 3172 1190 3214 re
1212 3150 1357 3229 militari,

303 3233 458 3298 didicisse
510 3232 587 3299 Nou
610 3235 808 3299 sermonibus
831 3248 955 3299 tantum
980 3235 1040 3312 his,
1063 3258 1136 3313 cum
1159 3250 1282 3321 quanto
1306 3260 1357 3302 as-

303 3343 397 3385 sensu
424 3320 586 3385 audissent
610 3320 706 3385 verba
730 3320 877 3398 consulis,
904 3320 1132 3398 ostenderunt3
1162 3321 1220 3386 sed
1245 3344 1356 3388 rerum

303 3429 452 3494 praeseus
474 3407 606 3471 effectus
624 3419 700 3471 erat
747 3404 921 3472 Neminem
945 3406 1020 3472 totis
1039 3429 1115 3471 mox
1136 3408 1247 3473 castris
1262 3410 1355 3495 quie·

305 3507 373 3559 tum
390 3492 530 3559 videres:
554 3516 666 3557 acuere
688 3492 743 3558 alii
764 3492 903 3580 gladios:
928 3492 981 3559 alii
1000 3492 1106 3580 galeas
1127 3493 1375 3582 bucculasquaa

336 3656 352 3702 8
366 3656 440 3705 Scuto
450 3671 513 3718 prae
523 3671 549 3704 aa
559 3654 649 3713 necto]
669 3653 742 3702 Haec
753 3656 810 3701 sunt
843 3667 903 3712 esse,
921 3652 1013 3701 milites
1032 3653 1063 3701 de
1083 3652 1178 3709 ceteris,
1196 3668 1260 3714 quae
1279 3653 1312 3702 ad
1327 3668 1352 3703 sa

303 3716 459 3766 incommoda
477 3734 540 3779 quae
558 3724 694 3780 sequuntur
712 3731 744 3765 ex
766 3716 811 3763 illo
843 3722 963 3778 spectent,
974 3732 1018 3779 pro
1029 3716 1157 3766 occasione
1167 3716 1284 3765 certiores
1293 3717 1351 3768 fleri.

303 3794 372 3827 more
392 3794 465 3841 quem
485 3781 605 3829 hactenus
623 3786 764 3837 tenuerant,
783 3784 811 3827 ut
876 3781 1089 3845 aBucealmqrw]
1113 3779 1232 3828 Laminas
1248 3779 1350 3839 flexiles,

304 3848 401 3891 scutum
419 3848 445 3891 et
467 3848 548 3892 cetera
568 3860 637 3894 arma
656 3844 682 3893 in
702 3843 811 3906 vigiliam
844 3858 907 3904 quae
922 3846 1084 3905 pendeutese
1100 3843 1202 3902 casside,
1213 3844 1303 3893 buccas
1316 3852 1350 3893 te·

304 3908 402 3955 ferrent
420 3905 502 3956 Cusv,
874 3908 940 3955 bant.
984 3908 1074 3969 Neque
1095 3906 1170 3965 euim,
1191 3912 1220 3955 ut
1241 3908 1349 3956 observat

336 3985 353 4033 9
369 3972 455 4019 Cibum
463 3971 594 4033 mmm]
612 3970 713 4020 Cibaria
722 3970 749 4019 in
761 3986 811 4020 cer·
868 3969 912 4031 'ps
923 3970 954 4017 de
966 3970 1042 4019 Milit.
1054 3972 1128 4019 Rom.
1140 3970 1174 4019 iii.
1186 3971 1207 4029 5.
1220 3981 1243 4030 5.
1255 3972 1348 4021 clausae

305 4038 359 4107 turn
368 4033 463 4081 dierum
474 4048 603 4089 numerum
614 4039 692 4083 cocta
704 4034 735 4083 εἰ,
745 4048 810 4095 supr.
843 4039 921 4091 erant,
930 4038 956 4081 et
965 4034 1043 4107 vultui
1054 4048 1184 4096 oppressae
1195 4034 1347 4108 antiquamm

305 4105 457 4231 m'riiiqera
473 4161 535 4231 scisse
549 4161 579 4208 de
592 4157 629 4220 ae]
649 4176 683 4208 sc.
695 4159 752 4208 Diis
768 4160 813 4207 im·
843 4096 1131 4221 isaiaebintuliuciidiim
1147 4098 1259 4147 humum
1275 4112 1347 4162 m

306 4220 450 4270 mortalibus
468 4226 494 4269 et
511 4222 653 4283 imperatori
674 4237 718 4272 suo
741 4237 813 4271 curae
