2934 4800
369 137 432 199 276
565 131 678 201 ΤΙΤΙ
707 133 845 202 LIVII
878 135 1227 204 FRAGMENTA

368 268 540 346 subiturus,
555 270 617 334 nisi
630 293 681 348 ea,
695 292 778 357 quae
796 269 831 335 in
846 267 953 338 snimo
969 271 1059 338 Sulla
1073 273 1215 350 haberet,
1229 273 1282 336 diis
1291 271 1384 338 nru-

369 353 453 420 tibus
481 355 682 442 implevisset
740 357 915 445 Augustis.
942 362 982 424 de
1007 360 1079 424 Cio.
1101 361 1172 426 Dei
1193 359 1244 424 ll.
1263 363 1304 424 ll
1329 359 1385 444 (J.

369 441 541 508 Plutarch.
558 444 639 508 solt.
653 466 729 529 cop.
748 447 776 508 9.

695 735 783 802 'Ec
799 737 855 800 lib.
872 735 1084 801 LXXXIII.

411 869 537 936 Eversis
551 891 670 1021 qupppe
688 879 723 934 et
741 867 879 934 incensis
895 867 1043 933 omnibns
1060 891 1135 932 cum
1153 867 1270 956 oppido
1282 865 1392 932 simuls-

366 955 437 1034 cris,
457 955 559 1020 solnm
622 957 749 1020 inervae
772 953 974 1020 simulacrum
997 955 1057 1018 sub
1079 967 1171 1018 tanta
1191 955 1281 1018 ruins
1299 953 1395 1040 templi

366 1041 460 1120 illius,
476 1054 514 1106 ut
534 1042 643 1108 scribit
657 1041 778 1118 Livius,
794 1040 954 1128 integrum
969 1041 1091 1106 stetioee
1107 1039 1297 1128 perhibetur.
1335 1045 1395 1103 Αι-

362 1131 486 1282 gattip.
513 1130 654 1214 (lesio.
678 1128 748 1194 Dei
774 1127 846 1194 III.
869 1129 900 1194 7.
942 1127 996 1213 Cs.
1023 1127 1222 1192 Frelnsltem.
1250 1127 1395 1214 Supplex.

364 1238 439 1302 cap.
477 1262 484 1279 .

753 1433 840 1499 *Es
855 1433 911 1499 lib.
930 1433 1027 1498 XCI.

300 1571 1045 1734 tfnifissttilt'ttttbttttttt.
1052 1566 1398 1731 {ttffilttffi

363 1743 441 1808 urbe
460 1765 497 1807 nc
517 1743 685 1808 moenibus
694 1677 935 1828 1iiiopulsarent
950 1675 1162 1810 coniectispde
1174 1761 1267 1804 muro
1286 1740 1400 1826 ignibus

364 1827 495 1896 Sertorii
524 1851 621 1915 opera
651 1827 859 1903 infestarunt3
897 1841 931 1892 et
961 1826 1055 1890 turris
1084 1825 1300 1902 contabulatu,
1327 1847 1396 1911 qius

361 1914 470 1982 omnia
483 1915 682 1980 munimenta
696 1913 783 1978 urbis
797 1913 965 2000 superabat
984 1910 1162 1988 altitudine,
1177 1911 1289 1976 effum's
1303 1911 1400 1976 bam
1440 1964 1441 1970 ,

361 2002 497 2067 flammis
511 2025 584 2066 curn
599 1999 722 2087 ingenti
737 1999 859 2088 fragore
873 1997 1017 2086 procidit.
1064 1997 1186 2086 Nocte]
1204 2012 1315 2062 tamen
1329 1999 1399 2061 im·

362 2087 486 2176 quenti,
501 2088 571 2175 ipso
585 2087 673 2175 perv'
698 2085 805 2164 laute,
822 2083 855 2149 in
870 2085 984 2150 eodem
1002 2082 1072 2149 loco
1087 2083 1150 2148 elia
1163 2083 1306 2149 excitata
1319 2083 1399 2149 timis

361 2174 464 2262 prima
477 2172 556 2274 loce·
563 2173 683 2240 miracu
695 2195 715 2236 o
729 2171 872 2237 hostibus
886 2169 956 2236 luit
1003 2169 1106 2236 Simul
1125 2183 1159 2234 et
1178 2169 1293 2270 oppidi
1308 2171 1398 2244 nmis

361 2281 664 2426 mssa...
679 2255 1106 2446 mussat
1123 2255 1400 2443 {suanus

361 2433 474 2523 miss]o
494 2432 645 2522 [faei]um
665 2432 743 2519 igm,
762 2430 885 2519 coepit:
909 2430 1114 2517 incenduque
1132 2428 1282 2495 simulet
1300 2454 1400 2495 minae

360 2534 450 2587 metu
464 2521 565 2586 territi
581 2517 825 2585 Contrebienses
839 2516 880 2583 de
894 2539 986 2581 muro
1000 2514 1116 2604 trepidi
1133 2538 1168 2581 re
1312 2530 1345 2595 t;
1366 2532 1400 2593 et,

360 2621 399 2673 ut
422 2607 519 2694 legati
547 2606 749 2670 mitterentur
777 2602 819 2668 ad
842 2601 1023 2668 dedendam
1048 2602 1171 2680 urbem,
1195 2626 1216 2667 a
1263 2604 1400 2669 univers

360 2692 566 2758 multitudiue
590 2690 821 2756 conclamatum
847 2702 904 2755 est.
950 2688 1073 2753 Eadem
1098 2689 1208 2766 virtus,
1233 2712 1320 2777 quae
1343 2690 1401 2755 irri-

359 2791 463 2843 tantes
485 2789 732 2877 oppugnaverat,
748 2776 901 2841 victorem
921 2773 1156 2862 placabiliorem
1178 2774 1266 2841 fecit.
1317 2776 1401 2843 Obsi·
1440 2851 1441 2859 ἵ

358 2864 453 2929 dibus
462 2875 609 2950 acceptis,
621 2862 775 2950 pecuniae
789 2861 947 2927 modicam
958 2860 1067 2948 exegit
1076 2883 1245 2939 summam,
1256 2884 1401 2951 armaque

358 2950 467 3015 omnia
488 2949 616 3014 ademit
662 2946 895 3037 'lhansfflugos
918 2946 1033 3011 liberos
1054 2947 1143 3011 vivos
1166 2947 1209 3011 ad
1231 2970 1268 3014 se
1292 2949 1400 3015 adduci
1439 2954 1441 2991 '³

358 3036 467 3101 iussit:
490 3035 648 3123 lugitivos
667 3057 804 3121 quorum
827 3034 928 3101 maior
950 3032 1123 3098 multitudo
1146 3048 1226 3112 erat,
1248 3034 1328 3122 ipsis
1353 3038 1401 3102 in·

358 3122 489 3210 peracit,
503 3137 541 3187 ut
555 3121 779 3187 interficerent
824 3118 988 3208 lugulatus
1001 3118 1042 3184 de
1058 3142 1149 3185 muro
1163 3118 1366 3189 deieoemnt.

403 3211 486 3275 Cum
501 3231 616 3295 magna
630 3208 751 3273 iactura
762 3205 898 3272 militum
909 3218 1060 3293 quattuor
1070 3219 1103 3271 et
1136 3229 1159 3270 n
1262 3208 1271 3223 '
1299 3224 1334 3275 ta
1343 3210 1402 3275 die·

357 3295 417 3361 bns
429 3294 602 3361 Contrebia
612 3306 804 3381 expugnata,
816 3292 926 3359 relicto
951 3315 990 3357 ue
1002 3292 1047 3357 ibi
1063 3290 1101 3356 L.
1113 3228 1235 3359 lusteio
1267 3318 1346 3361 cum
1356 3320 1401 3361 m·

357 3380 424 3448 lido
439 3378 624 3469 pmesidio]‚
639 3380 707 3467 ipse
721 3380 764 3445 ad
778 3377 909 3445 Iberum
923 3314 1042 3444 dnmen
1058 3378 1164 3465 copies
1174 3378 1328 3447 adduxit.
1361 3383 1400 3449 lbi

357 3466 569 3533 hibernaculis
577 3464 752 3532 secundum
762 3465 926 3553 oppidum,
937 3462 1024 3552 quod
1035 3464 1146 3530 Castra
1156 3464 1254 3531 Aelis
1263 3484 1400 3541 vocatur,

301 3616 304 3621 .
356 3552 539 3631 aedificatis,
562 3553 630 3653 ipse
652 3551 688 3617 in
710 3552 820 3618 castris
843 3552 1010 3617 manebat:
1043 3549 1182 3617 interdiu
1207 3570 1399 3621 conventum

354 3641 511 3705 soeianrm
525 3638 701 3705 civitatium
714 3637 749 3703 iu
764 3637 883 3726 oppido
896 3638 1018 3725 ageba
1052 3636 1155 3703 Arma
1167 3651 1205 3703 ut
1216 3638 1341 3707 fierent
1354 3664 1401 3731 pm

354 3726 454 3825 copiis
482 3726 636 3813 coituque
661 3748 704 3813 po
728 3724 782 3801 uli,
808 3746 865 3811 per
891 3737 990 3789 totam
1014 3722 1208 3811 provinciam
1235 3726 1399 3795 edixerat:

354 3810 471 3898 quibus
485 3811 644 3899 inspectis,
655 3834 690 3877 re
703 3832 772 3877 erre
787 3824 892 3875 cetera
905 3832 992 3875 arma
1006 3808 1121 3875 milites
1135 3810 1236 3889 iussit,
1249 3835 1341 3913 quae
1356 3830 1401 3881 aut

352 3897 521 3963 itineribus
534 3898 660 3976 crebris,
672 3910 728 3964 aut
744 3895 1052 3999 oppu[guationibus
1066 3910 1101 3962 et
1113 3895 1243 3985 proeliis
1257 3898 1399 3989 inutilia]

353 3984 438 4050 facta
458 3995 559 4060 erant,
574 4006 719 4071 novaque
740 4006 815 4048 nne
836 4006 893 4071 per
915 3982 1116 4069 centuriones
1135 3980 1252 4049 divisit.
1306 3986 1400 4077 Equi·

354 4082 454 4133 tatum
469 4091 599 4155 quoque
616 4070 706 4135 novis
724 4070 876 4135 instruxit
894 4068 1009 4135 armis:
1032 4070 1301 4159 vestimentaque,
1318 4098 1399 4164 pree

352 4166 463 4239 parata
486 4167 570 4230 ante,
594 4152 704 4232 divisa,
727 4169 762 4221 et
786 4155 982 4255 stipendium
1005 4154 1124 4223 datum.
1169 4154 1304 4237 Fabros
1335 4184 1400 4229 cun

354 4236 559 4322 conquisitos,
588 4238 731 4326 undique
761 4254 930 4321 exciverat,
959 4242 1085 4329 quibus,
1115 4242 1242 4311 officina
1274 4248 1399 4335 publica

208 1581 243 1633 U.
255 1583 285 1632 C.

207 1648 238 1698 A.
255 1649 285 1698 C.
