2934 4800
348 172 393 293 Ι76
740 222 853 288 ΤΙΤΙ
880 221 1015 288 LIVII

192 382 226 431 U.
238 382 271 432 c.
287 383 341 444 581.
352 361 514 426 ‘tentione
530 372 635 424 ortum
650 361 831 425 certamen)
875 359 1052 447 Utriusque
1071 372 1178 424 tamen
1193 359 1296 448 partis
1310 359 1412 461 legati

191 448 222 495 A.
239 447 269 496 c·
289 460 340 508 ¹71·
351 448 391 513 ad
408 447 571 512 Romanos
585 461 751 523 venerunt,
767 459 800 510 st
815 445 942 511 exsules
958 461 1103 512 accusato
1176 469 1216 512 ue
1232 444 1410 522 Ismeniae,

239 541 291 600 44.
351 550 384 600 et
399 534 552 598 Ismenias
563 533 639 620 ipse.
687 531 876 598 Chalcidem
888 545 1067 598 utventum
1078 469 1282 610 effliamm
1295 534 1412 598 civita·

351 621 431 688 tium
446 619 615 708 principes,
631 619 666 684 id
683 619 771 706 quod
785 620 923 684 maxime
937 633 1063 707 gratum
1078 634 1147 685 erat
1162 619 1334 698 Romanis,
1352 645 1410 684 suo

350 707 471 808 quique
493 707 620 795 proprio
643 707 772 772 decreto
793 707 913 858 rqgiam
934 707 1119 772 societatem
1140 707 1316 794 aspernati,
1339 709 1411 772 Ro-

351 815 453 859 mama
481 815 515 858 se
545 792 781 881 adiungebant:
847 794 967 858 menies
992 807 1121 882 gentem
1144 793 1347 858 Boeotorum
1377 795 1410 857 in

350 882 448 946 fidem
470 881 689 945 Romanorum
709 880 850 968 permitti
871 903 1009 967 aequum
1029 881 1187 946 censebat.
1233 879 1323 945 Inde
1338 903 1411 945 eer-

351 968 469 1032 tamine
491 979 571 1043 orto,
594 966 655 1031 nisi
677 967 711 1030 in
734 966 872 1032 tribunal
892 966 1068 1055 legatorum
1090 963 1290 1055 perfugisset,
1317 967 1409 1031 hand

350 1055 485 1119 multum
507 1053 618 1130 abluit,
634 1053 712 1141 quin
733 1054 773 1119 ab
788 1052 950 1119 exsulibus
966 1054 1203 1140 fautoribusque
1223 1075 1344 1118 eorum
1360 1055 1409 1118 in·

351 1142 555 1206 terficeretur.
601 1139 733 1205 Thebae
753 1163 882 1228 quoque
902 1141 998 1228 ipsae,
1042 1140 1107 1206 uod
1130 1139 1281 1206 Boeotiae
1305 1158 1409 1228 caput

350 1242 408 1305 est,
431 1227 465 1292 in
492 1249 607 1378 magno
630 1226 771 1292 tumultu
792 1213 892 1305 erant,
915 1227 983 1292 aliis
1008 1164 1178 1314 adregem
1201 1227 1409 1292 trahentibus

349 1316 519 1392 civitatem,
531 1337 551 1379 a
563 1313 601 1378 iis
612 1313 653 1378 ad
669 1313 840 1379 Romanoa
887 1314 930 1378 Et
945 1315 1039 1379 turba
1050 1313 1289 1379 Coronaeorum
1309 1313 1408 1378 Hali·

349 1403 565 1488 artiorumque
588 1415 780 1466 convenerat
794 1400 835 1465 ad
849 1400 1087 1465 defendendum
1107 1400 1271 1465 decretum
1290 1402 1407 1502 regiae

349 1489 514 1554 societatis.
563 1487 627 1553 Sed
644 1488 823 1553 constantia
841 1488 1032 1575 principum,
1052 1487 1237 1553 docentium
1254 1486 1406 1552 cladibus
1451 1522 1452 1539 κ

349 1575 492 1662 Philippi
512 1574 741 1661 Antiochique,
762 1587 883 1661 quanta
902 1587 986 1639 esset
1005 1575 1053 1639 vis
1074 1587 1108 1638 et
1123 1574 1251 1639 fortuna
1271 1574 1406 1662 imperii
1451 1544 1453 1677 ι

351 1662 500 1738 Romani,
520 1662 604 1726 victa
623 1661 735 1726 eadem
755 1660 928 1725 multitudo
947 1675 989 1739 et,
1005 1672 1042 1725 ut
1060 1660 1223 1726 tolleretur
1241 1660 1337 1748 regia
1355 1685 1405 1726 so·
1451 1688 1453 1739 l

349 1748 456 1824 cistas,
473 1747 623 1824 decrevit,
639 1763 673 1812 et
692 1769 756 1824 eos,
773 1748 830 1834 qui
850 1761 994 1813 auctores
1053 1746 1220 1813 ciscendae
1238 1748 1404 1813 amicitiae
1451 1748 1452 1779 ³

349 1834 483 1911 fuerant,
499 1833 540 1897 ad
555 1833 810 1898 satisfaciendum
824 1833 935 1922 legatis
947 1771 1134 1900 Chaliidem
1148 1834 1247 1911 misit,¹
1255 1833 1338 1899 fidei
1365 1859 1403 1899 ue
1451 1818 1453 1918 l

349 1919 524 2007 legatorum
547 1920 763 1984 oommendari
784 1920 944 1986 civitatem
966 1921 1064 1985 iussit
1110 1920 1282 1985 Thebanos
1355 1945 1404 1986 ar-
1451 1920 1453 1991 l

348 2007 416 2072 cius
430 2020 464 2072 et
480 2006 598 2072 Atilius
617 2006 692 2071 laeti
707 2006 887 2085 audierunt,
904 2019 1112 2094 auctoresque
1127 2020 1159 2072 et
1180 2007 1237 2084 his,
1253 2019 1288 2072 et
1306 2023 1421 2096 sepa-s
1451 2001 1453 2110 Ι

347 2095 441 2159 ratim
463 2093 595 2180 singulis
614 2093 743 2158 luerunt
760 2093 802 2158 ad
823 2094 1037 2186 renovandam
1056 2095 1227 2158 amicitiam
1246 2095 1403 2159 mittendi
1451 2114 1453 2201 p

350 2181 486 2245 Romam
501 2179 629 2267 legatos.
676 2180 765 2245 Ante
780 2181 888 2246 omnia
901 2181 1028 2246 exsules
1041 2181 1163 2245 restitui
1178 2181 1354 2259 iusserunt,
1370 2197 1402 2246 et
1451 2206 1453 2273 q

189 2281 335 2356 Boeqttcum
348 2281 535 2333 auctoresre
559 2268 606 2331 'ae
616 2267 775 2332 societatis
785 2267 914 2333 decreto
922 2290 980 2333 suo
991 2268 1190 2333 damnarunt
1236 2266 1297 2345 lta,
1308 2269 1421 2355 quoda
1451 2278 1452 2343 ξ

189 2348 321 2460 ffinffium
347 2354 484 2420 maxime
496 2289 654 2432 volebant,
666 2353 807 2420 discusso
818 2354 971 2420 Boeotico
981 2355 1127 2433 concilio,
1139 2354 1402 2442 Peloponnesum
1451 2346 1452 2426 l

215 2426 240 2461 ⁸⁰
282 2428 331 2461 ‘¹¹¹¹'
346 2442 599 2529 proficiscuntur,
625 2440 690 2506 Ser.
710 2440 862 2506 Cornelio
887 2440 1074 2506 Chalcidem
1097 2442 1252 2507 arcessito.
1300 2443 1401 2530 Argis
1451 2435 1452 2502 l

345 2529 525 2616 praebitum
537 2542 585 2594 est
599 2528 638 2593 iis
649 2528 837 2593 concilium:
861 2528 917 2593 ubi
932 2528 1012 2592 nihil
1028 2528 1115 2593 aliud
1130 2544 1258 2617 agente
1268 2528 1402 2595 Achae·
1451 2527 1452 2544 ¹

346 2637 437 2694 orum
452 2615 623 2703 petierunt,
638 2637 736 2702 quam
750 2629 788 2679 ut
808 2615 895 2679 mille
915 2614 1033 2679 milites
1051 2615 1172 2681 darent
1218 2615 1258 2680 Id
1277 2619 1401 2717 praesi-

347 2701 436 2766 dium
456 2701 497 2766 ad
515 2701 702 2766 Chalcidem
724 2701 886 2778 tuendam,
902 2700 980 2765 dum
996 2701 1162 2766 Romanus
1181 2716 1344 2767 exercitus
1366 2706 1401 2768 in

350 2788 517 2852 Graeciam
544 2788 749 2865 traiiceretur,
775 2789 907 2852 missum
936 2802 993 2852 est
1040 2788 1182 2853 Marcius
1206 2801 1240 2854 et
1265 2790 1398 2867 Atilios,

347 2875 491 3024 pzeractis,
513 2896 595 2961 quae
618 2874 741 2961 agenda
765 2875 801 2939 in
825 2873 962 2940 Graecia
982 2889 1080 2953 erant,
1104 2876 1261 2963 principio
1283 2876 1399 2941 hiemis

382 2983 486 3025 omam
501 2959 673 3025 redierunt

236 3052 288 3113 45.
392 3046 472 3112 Inde
488 3047 518 3111 le
540 3047 604 3112 atio
619 3048 678 3113 sub
689 3047 774 3113 idem
790 3061 916 3148 tempus
926 3048 961 3112 in
976 3048 1088 3112 Asiam
1100 3062 1133 3113 et
1144 3050 1263 3114 circum
1278 3049 1399 3114 insulas

189 3135 282 3211 Legati·
348 3134 449 3199 missa.
495 3070 576 3198 'lies
591 3146 682 3198 erant
699 3134 805 3221 legati,
821 3135 872 3199 Tr.
888 3133 1053 3212 Claudius,
1071 3134 1124 3235 Sp.
1136 3135 1330 3213 Postumius,
1348 3136 1396 3201 M.

188 3200 263 3314 {222
273 3216 468 3315 ffimlunius.
515 3219 543 3284 Ii
563 3220 797 3285 circumeuntes
816 3220 1023 3286 hortabantur
1042 3244 1143 3287 socrus
1159 3221 1200 3287 ad
1220 3224 1399 3311 suscipien-

187 3328 232 3378 tae
347 3308 424 3371 dum
439 3307 588 3372 adversm
608 3306 724 3371 Peraea
740 3329 799 3395 pro
821 3306 976 3372 Romanis
992 3308 1130 3373 bellum:
1153 3324 1196 3387 et,
1212 3332 1279 3396 quo
1299 3332 1398 3397 quae-

346 3416 410 3481 que
436 3392 617 3482 opulentior
642 3394 752 3459 civitas
776 3407 853 3472 erat,
878 3416 918 3459 eo
947 3397 1123 3459 accuratius
1148 3397 1295 3483 agebant,
1321 3399 1398 3484 quia

346 3482 484 3546 minores
513 3494 677 3546 secuturae
702 3481 859 3545 maiorum
881 3482 1100 3546 auctoritatem
1127 3496 1225 3547 erant
1274 3483 1397 3548 Rhodii

346 3569 478 3633 maximi
501 3567 542 3633 ad
566 3568 674 3633 omnia
696 3568 851 3632 momenti
873 3568 1080 3646 habebantur,
1104 3570 1180 3656 quia
1200 3591 1267 3633 non
1288 3570 1396 3635 fovere

346 3668 479 3732 tantum,
502 3654 559 3719 sed
580 3654 728 3720 adiuvare
750 3655 846 3719 etiam
868 3655 988 3720 viribus
1009 3656 1073 3719 suis
1094 3655 1214 3720 bellum
1235 3668 1395 3756 poterant,

345 3742 555 3829 quadraginta
565 3742 697 3807 navibus
709 3754 836 3806 auctore
849 3739 1064 3849 Hegesilocho
1074 3757 1274 3829 praeparans
1317 3744 1394 3821 Qui,
1405 3767 1415 3800 ι

377 3934 393 3982 8
409 3936 574 3995 Auctoraaqrw
589 3942 613 3982 et
629 3936 675 3993 his,
685 3942 709 3984 ct
721 3938 855 3998 separatim
886 3941 942 3985 ceta
957 3938 1064 3999 quodam
1080 3937 1106 3985 in
1122 3954 1244 3987 carcerem
1260 3938 1395 3996 coniectus,

344 3998 461 4060 stapulh]
474 4014 479 4027 ⁸
491 3997 533 4045 Its
550 4005 616 4045 reete
632 3998 853 4052 Gronoviuauao-
885 4016 935 4049 non
950 4004 1030 4050 multo
1045 4007 1102 4064 post
1120 4008 1223 4051 mortem
1240 4003 1286 4050 sibi
1304 4006 1394 4052 masei·

346 4070 454 4124 torcsqus
470 4068 494 4111 at
512 4062 559 4118 his,
575 4077 664 4123 nempe
681 4062 814 4121 Thebanis,
829 4070 853 4113 ct
886 4066 928 4115 rit.
958 4066 1086 4116 Testisest
1098 4066 1216 4128 Polybius
1228 4066 1330 4116 sstidem.
1346 4069 1393 4117 Ca.

345 4128 477 4187 separatim
494 4126 598 4187 aepulis
614 4125 732 4175 Boeotiae
749 4128 853 4175 civitati·
920 4129 1118 4192 rchcss'lorllo]
1144 4130 1212 4179 Olim
1228 4132 1344 4193 Hegesilo
1360 4134 1392 4180 le

345 4191 397 4237 bus
432 4190 463 4237 ld
474 4195 499 4237 et
509 4190 618 4250 postulat
632 4205 723 4251 sensus,
735 4198 761 4241 et
771 4192 853 4239 firmat
883 4194 994 4254 gebatur,
1013 4195 1054 4242 sed
1072 4196 1230 4257 Hegesilocho
1252 4209 1285 4243 ex
1304 4197 1393 4259 Polyb.

345 4252 444 4315 Polybii
455 4253 594 4312 auctoritas,
604 4254 678 4303 xxvii.
692 4270 713 4303 a.
884 4257 959 4305 xxvii.
972 4273 994 4307 a.
1008 4258 1092 4308 xxviii.
1103 4274 1140 4319 14
1154 4259 1259 4309 Ursinus
1274 4269 1342 4309 recte
1358 4277 1392 4309 re·

378 4334 393 4380 9
409 4320 527 4366 Atratum
537 4320 619 4379 rapias
629 4320 749 4367 sochtstis
758 4322 852 4368 decreto
884 4321 971 4370 stituit.

345 4399 389 4429 ruo
406 4382 569 4440 domuerunt]
594 4380 713 4431 Ismenius
732 4398 789 4431 cum
807 4383 851 4431 Ni-
