2934 4800
400 231 497 298 LIB.
520 231 629 297 XLII.
662 229 772 297 CAP.
797 236 848 297 62.
1096 237 1135 300 91

44 368 210 436 sloricae
240 367 447 456 thoracesque
480 367 566 432 mille
595 367 731 454 amplius
762 389 917 432 sirmrnsm
945 368 1181 455 explebant3U.
1194 383 1223 432 e.
1240 383 1296 444 581.

76 453 256 542 galearum
277 453 518 541 gladiommque
539 469 574 519 et
590 454 755 518 missilium
775 454 877 518 omnis
898 455 1022 542 generis
1040 456 1140 520 maior
1148 451 1178 497 A.
1195 449 1225 498 0·
1243 459 1296 508 ¹7¹·

81 541 258 627 aliquanto
279 563 440 606 numerus.
486 539 587 618 Haec,
602 564 660 627 per
677 565 710 605 se
728 540 843 627 ampla,
859 541 1008 628 pleraque
1031 541 1139 606 multi-

112 628 212 692 lioata
231 628 336 692 verbis
418 629 453 704 's,
476 650 558 713 quae
585 627 626 692 ad
652 628 837 692 concionem
862 644 971 693 vocato
996 630 1138 693 exercitu

135 715 225 778 buit:
250 651 529 778 ‘PraeiiiMcatum
544 729 693 780 eventum
709 713 784 779 belli
799 713 927 778 habetis
969 714 1139 781 Meliorem

90 810 244 888 ‘partem
267 801 417 878 hostiurn,
441 801 618 886 equitatum
642 800 834 877 Romanum,
859 823 923 888 quo
948 801 1082 868 invictos
1105 825 1138 867 se

88 897 102 926 ‘
113 911 188 952 csse
209 887 433 975 gloriabantur,
455 887 587 952 fudistis.
633 887 767 974 Equites
788 887 874 952 enim
898 887 958 952 illis
1003 889 1139 977 rincipes

87 974 303 1051 ‘iuventutis
326 975 451 1060 equites
475 973 678 1038 seminarium
703 987 848 1038 senatus:
880 973 955 1039 inde
980 911 1079 1040 lhctos
1104 976 1139 1040 in

88 1071 102 1099 ⁴
113 1061 252 1125 Patrum
266 1083 436 1124 numerum
449 1059 602 1137 consules,
615 1059 690 1124 inde
705 1059 908 1148 imperatores
919 1074 1035 1126 creant
1069 1061 1141 1127 Ho-

88 1158 102 1186 ‘
114 1169 192 1211 mm
207 1146 307 1247 spolia
320 1146 427 1235 paullo
440 1160 513 1211 ante
525 1146 687 1212 divisimus
700 1146 784 1212 inter
798 1169 861 1212 vos
899 1147 970 1212 Nec
985 1149 1139 1214 minorem

88 1244 102 1273 ‘
114 1233 160 1298 de
176 1232 355 1321 legionibus
376 1232 519 1320 peditum
532 1233 695 1297 victoriam
716 1233 854 1298 hahetis:
879 1257 970 1321 quae,
985 1249 1141 1300 nocturna

89 1321 197 1408 ‘fuga
217 1320 308 1385 vobis
332 1319 519 1397 subtractae,
542 1321 764 1406 naufragorum
791 1319 999 1422 trepidatione
1096 1322 1141 1385 im

90 1407 299 1471 ‘natantium
319 1407 440 1470 flumen
457 1406 703 1493 compleverunt.
752 1405 816 1471 Sed
837 1405 958 1470 lucilius
980 1341 1142 1471 nohihffise·

93 1504 105 1534 ‘
140 1494 293 1558 uentibus
307 1493 408 1557 victos
422 1491 565 1556 Peneum
585 1514 734 1580 superare
757 1493 827 1568 erit,
842 1513 939 1577 quam
961 1491 1023 1556 illis
1044 1504 1091 1556 tre
1116 1493 1142 1557 i·

95 1517 271 1645 ‘dantihus
283 1579 362 1657 fuit3
385 1580 631 1666 transgremique
648 1577 811 1665 extemplo
828 1591 929 1643 castra
945 1600 1074 1664 oppugn
1116 1579 1142 1642 i·

98 1676 202 1743 ‘mns‚
217 1688 300 1753 quae
322 1665 419 1730 hodie
440 1665 641 1752 cepissemus,
661 1666 696 1728 ni
716 1665 879 1752 fugissent
925 1666 1003 1742 Aut,
1027 1665 1053 1729 si
1074 1665 1142 1730 acie

97 1754 293 1818 ‘decernere
306 1752 425 1830 volent,
439 1751 578 1817 eundem
599 1774 725 1839 pugnae
748 1751 902 1839 pedestris
922 1765 1069 1816 eventum
1086 1775 1142 1816 er-

95 1851 109 1880 ‘
118 1853 271 1927 spectate,
286 1839 344 1926 qui
363 1839 507 1927 equitum
527 1839 562 1903 in
580 1839 751 1904 certamine
771 1837 885 1903 fuerit'
930 1837 974 1902 Et
988 1839 1044 1925 qui
1058 1839 1142 1904 vice-

94 1940 174 1991 rant
197 1926 323 2003 alacres,
347 1925 448 2012 spolia
471 1947 632 1990 caesorum
659 1925 799 1989 hostium
823 1925 962 1990 humeris
985 1941 1142 2012 gerentes,

69 2013 241 2080 efacinora
259 2035 318 2077 sna
336 2013 494 2089 audivere,
513 2034 554 2076 ex
574 2034 622 2089 eo,
638 2012 726 2098 quod
747 2011 912 2088 acciderat,
934 2034 1023 2099 spem
1044 2011 1143 2076 futuri

99 2099 207 2187 praeci
229 2099 347 2163 ientes:
371 2114 404 2163 et
421 2097 555 2248 pedites,
577 2098 681 2163 aliena
701 2097 801 2185 gloria
821 2099 954 2174 accensi,
973 2097 1142 2186 praecipue

98 2187 159 2273 qni
174 2122 389 2250 Maronem
402 2208 426 2272 p
449 2185 569 2272 sangis
583 2199 683 2261 erant,
698 2185 760 2249 sibi
773 2207 901 2272 quoque
924 2199 957 2249 et
979 2184 1142 2249 navandae

96 2274 170 2360 regi
184 2294 307 2359 operae,
322 2286 356 2336 et
368 2271 505 2336 similem
518 2271 650 2358 gloriam
667 2294 708 2336 ex
730 2270 819 2335 hoste
837 2271 990 2358 pariendi,
1007 2271 1144 2336 occasio-

96 2381 177 2425 nem
199 2382 219 2423 ο
242 2359 358 2424 tabant.
406 2357 570 2424 Concioue
593 2357 731 2434 dimissa,
754 2371 881 2445 postero
907 2356 960 2423 die
983 2357 1143 2446 profectus

72 2446 210 2517 sindea
242 2445 422 2546 Mopselum
437 2446 542 2534 posuit
553 2459 660 2510 castra.
699 2444 857 2509 Tumulus
868 2444 1006 2509 hicante
1020 2446 1143 2531 Tempe

97 2546 150 2598 est
164 2546 197 2598 et
211 2532 331 2597 eminet
345 2532 487 2597 Larissae
503 2532 627 2597 medius
641 2532 658 2568 “
674 2532 702 2596 ’.

145 2619 296 2696 Romani,
318 2641 384 2683 non
407 2618 610 2683 abscedentes
634 2620 673 2683 ah
687 2618 764 2769 1⁵{pa
785 2617 896 2693 Penei,
918 2617 1146 2683 transtulerunt
1245 2676 1254 2693 ,

99 2708 137 2771 in
159 2705 266 2771 locum
288 2705 437 2771 tutiorem
459 2720 569 2770 castra.
615 2704 665 2769 Eo
727 2726 870 2791 rsagenes
893 2701 1036 2768 Numida
1056 2706 1146 2769 venit

99 2816 178 2858 cum
200 2791 287 2856 mille
310 2792 479 2879 equitibus,
502 2794 570 2879 pari
661 2792 739 2855 'tum
763 2812 907 2867 numero,
931 2790 972 2855 ad
998 2790 1058 2855 hoc
1080 2790 1145 2856 ele·

99 2880 231 2968 phantis
244 2878 368 2943 duobus
382 2891 415 2943 et
428 2878 550 2965 viginti,
624 2900 660 2942 er
673 2901 727 2942 eos
741 2876 810 2943 dies
824 2876 990 2941 consilium
1012 2877 1145 2942 habenti

75 2966 172 3053 oregi
189 2965 231 3029 de
248 2987 371 3031 summa
391 2964 476 3042 belli,
492 2988 592 3053 quum
613 2965 677 3029 iam
698 2964 891 3029 consedisset
911 2964 1027 3029 ferocia
1048 2965 1088 3029 ab
1110 2986 1144 3029 re

101 3056 186 3118 hene
261 3065 303 3129 ta,
318 3052 386 3116 ausi
400 3066 473 3116 sunt
487 3050 618 3137 quidam
638 3051 812 3115 amicorum
826 3050 992 3115 consilium
1007 3050 1093 3128 dare,
1109 3063 1146 3115 ut

77 3160 202 3211 7secun
225 3161 244 3201 a
267 3138 394 3202 fortuna
417 3138 453 3201 in
477 3137 692 3203 conditionem
717 3137 869 3202 honestae
894 3138 980 3223 pacis
1003 3150 1146 3203 uteretur

102 3225 220 3314 potins,
235 3247 341 3310 quam,
356 3248 411 3312 spe
426 3247 507 3289 rana
520 3238 657 3301 evectus,
672 3224 707 3288 in
723 3246 831 3288 casum
854 3222 1089 3289 irrevocabilem
1111 3244 1144 3287 se

101 3313 204 3380 daret
250 3309 407 3374 ‘Modum
428 3311 591 3398 imponere
611 3310 759 3375 secundis
775 3310 878 3387 rebus,
894 3332 954 3374 nec
968 3310 1063 3373 nimis
1078 3331 1145 3373 cre·

105 3399 204 3464 ‘dere
224 3397 387 3461 serenitati
408 3397 582 3484 praesentis
601 3396 756 3473 fortunae,
771 3396 938 3483 prudentis
957 3395 1101 3459 hominis
1113 3408 1146 3458 et

104 3496 116 3527 ‘
125 3486 240 3551 merito
254 3482 354 3548 felicis
368 3504 444 3548 esse.
490 3483 636 3549 Mitteret
656 3483 698 3550 ad
719 3480 892 3557 consulem,
908 3479 964 3567 qui
978 3479 1090 3544 foedus
1111 3480 1146 3543 in

105 3572 253 3638 ‘easdem
272 3570 359 3657 leges
379 3582 576 3646 renovarent,
589 3570 705 3657 quihus
720 3567 889 3653 Philippus
902 3580 993 3652 pater
1007 3566 1075 3631 eius
1090 3588 1146 3652 pa·

102 3670 196 3724 ‘cem
210 3659 251 3723 ab
265 3657 305 3722 T.
321 3656 474 3733 Quinctio
487 3656 605 3721 victore
620 3654 801 3741 accepisset
847 3651 964 3739 Neque
979 3652 1064 3716 finiri
1079 3652 1147 3717 bel·

139 3895 154 3942 3
172 3881 247 3928 Mille
266 3879 371 3941 amplias
389 3879 520 3938 summm]
550 3880 608 3927 Am·
640 3881 740 3925 auctore
751 3874 858 3937 sigonio,
866 3873 972 3924 Crevier.
984 3880 1009 3923 et
1021 3874 1148 3923 Dmlenh.

103 3946 171 4009 plius
191 3958 264 4006 quam
286 3957 405 3991 mmmam
428 3942 499 3991 millo
520 3942 609 4005 partim
641 3942 752 4004 probant

104 4010 243 4066 loricarum,
254 4006 342 4068 partim
352 4006 487 4055 thoracum.
505 4006 593 4055 Duas.
672 4002 689 4053 6
702 4007 743 4053 Do
752 4020 844 4052 summu
856 4005 924 4063 belli]
938 4003 1032 4051 Vocem
1041 4004 1097 4050 belli
1105 4002 1147 4050 ad-

137 4092 153 4134 4
168 4074 292 4121 Focinoro
301 4073 359 4131 nro]
381 4070 422 4119 lta
432 4070 537 4118 correxit
548 4070 610 4119 Gro-
642 4068 704 4117 didit
715 4068 938 4127 Drakenborehius,
948 4067 1067 4129 probante
1083 4065 1147 4113 Bek-

103 4137 192 4189 norius
207 4136 330 4197 mlgutam
347 4133 477 4183 lectionem
489 4142 551 4185 onte
566 4150 610 4183 oro
642 4133 708 4182 kero.

103 4218 160 4260 suo,
175 4215 238 4262 quas
259 4199 345 4247 merito
363 4199 486 4247 Crevierio
506 4197 609 4260 aliisque
674 4196 922 4257 mechtildem]
953 4192 994 4241 Ita
1010 4191 1148 4241 emendavit

107 4264 226 4328 displicet.
641 4260 781 4308 Gronovius
796 4274 839 4322 pro
855 4258 999 4314 anditione,
1014 4270 1046 4301 sc.
1062 4261 1090 4299 ut
1104 4254 1148 4300 ho-

140 4342 153 4391 5
169 4330 212 4377 Ad
220 4328 371 4389 Mopselum]
384 4328 510 4388 Mopsiam
520 4340 610 4373 nornen
642 4329 725 4373 nestae
735 4324 803 4386 pacis
814 4321 920 4371 conditio
931 4318 1107 4380 impetraretur.

108 4392 181 4454 rubis,
191 4392 257 4455 quod
273 4391 339 4454 apud
355 4390 508 4452 Stephanum
522 4394 611 4449 οκοίιε,
