2934 4800
627 601 1167 686 SYLLABUS

542 869 822 936 EDITIONUM
844 869 1261 937 PRAECIPUARUM

436 1115 772 1213 TlTl
880 1113 1348 1215 LIVII.

791 1411 992 1446 '‘⁸⁸⁴—

364 1673 373 1689 .
398 1673 405 1688 .
429 1672 437 1688 .
461 1673 469 1688 .
499 1620 718 1785 ROMAE
740 1643 799 1709 per
821 1618 919 1685 Com.
943 1620 1186 1712 Sweynheym
1209 1637 1245 1688 et
1263 1617 1395 1687 Astis

610 1723 708 1785 nartz,
728 1729 805 1772 cura
823 1707 870 1772 Io.
888 1707 952 1771 An
976 1707 1149 1796 Episcopi
1176 1708 1349 1782 Aleriemia
1364 1725 1393 1788 cf

408 1795 583 1860 editionem
615 1796 698 1859 hanc
728 1817 747 1858 a
776 1817 810 1858 se
839 1795 1049 1880 recognitam,
1085 1796 1212 1860 addita
1237 1793 1392 1883 praesilius

407 1903 505 2033 pipp
524 1879 696 1969 pleraeque
715 1880 875 2029 editionest
897 1880 1007 2030 adcedio
1033 1882 1125 2031 ἕξιν.
1157 1897 1197 1946 et
1222 1875 1391 2032 initilpffi

499 2015 506 2030 .
541 1989 676 2032 excusae
711 1989 885 2043 servorun,
990 1989 1065 2030 cavi
1117 1991 1255 2032 summo

409 2053 510 2118 Paulo
538 2054 580 2118 Il.
606 2053 744 2132 Veneto,
770 2067 805 2117 et
831 2052 943 2117 Marco
970 2051 1086 2117 Sancti
1116 2053 1235 2119 Marci
1262 2049 1390 2119 Cardia&

409 2140 443 2202 in
459 2140 560 2204 sonna
574 2140 692 2204 maiori.

496 2224 583 2289 Huic
605 2227 740 2290 editioni
765 2248 877 2303 annus,
901 2247 966 2312 quo
988 2225 1124 2312 prodiit,
1148 2249 1223 2292 non
1247 2223 1390 2291 mutu:

450 2312 652 2378 antevenisse
676 2326 782 2377 tamen
804 2334 924 2376 annum
946 2313 984 2375 M
991 2311 1268 2379 ccchxxl.
1283 2330 1391 2392 eonp-

449 2412 559 2465 mento
582 2399 695 2486 probat
718 2398 744 2464 Ι.
768 2397 818 2464 Fr.
838 2397 1019 2463 Gronovius
1037 2397 1074 2461 in
1096 2397 1251 2464 Pmefat
1267 2397 1343 2488 qnod
1358 2393 1389 2457 ill

450 2509 535 2551 anno
560 2485 678 2550 Paulus
703 2485 863 2562 Pontifex,
882 2486 934 2549 cui
956 2486 1092 2560 dicatur,
1112 2486 1342 2551 mortalitatem
1357 2504 1391 2544 u·

449 2573 557 2660 plevit.
605 2572 693 2637 Hinc
717 2572 837 2637 Fabric.
861 2572 895 2635 in
916 2570 999 2635 Bibl.
1019 2570 1130 2634 Latin.
1157 2596 1238 2636 eam
1260 2566 1392 2638 retulitd

449 2682 568 2723 aunum
613 2660 651 2723 M
658 2660 775 2724 CCCC
783 2658 893 2723 Lxx.
935 2656 1150 2756 similiterque
1193 2660 1259 2723 viri
1299 2656 1390 2723 cluis

386 2748 388 2758 ¹
451 2745 566 2810 Thom.
600 2744 728 2809 Heame
760 2758 794 2809 et
822 2743 890 2808 Ion
918 2741 1061 2807 Clericus
1099 2766 1135 2807 m
1178 2743 1300 2811 Indice
1330 2765 1390 2829 pt*

450 2832 478 2896 ci
504 2854 614 2895 uarum
644 2830 730 2894 Livii
763 2830 950 2895 editionum.
996 2828 1119 2893 Verum
1156 2830 1295 2897 Clariss
1320 2828 1389 2894 tfict

450 2854 611 2982 ldiittaire
635 2917 669 2981 in
697 2915 814 2981 Annal.
846 2915 1051 3004 Typograplu
1081 2928 1162 2980 tom.
1195 2918 1227 2982 1.
1256 2942 1289 3006 p.
1312 2921 1390 2983 fidu
1420 2963 1421 2966 η

449 3022 524 3068 tom.
557 3004 616 3069 lV.
647 3026 677 3091 p.
703 3008 776 3068 283.
852 3003 914 3066 tius
946 3000 1145 3067 referendum
1180 2998 1391 3069 contenditsl

448 3112 567 3154 annum
603 3090 800 3154 MCCCCL
840 3089 899 3153 IX.
928 3089 1004 3175 quia
1030 3086 1160 3152 Veneta
1191 3090 1284 3155 Livii
1312 3090 1389 3156 editt

448 3198 530 3263 quae
551 3174 703 3262 sequitur,
716 3188 750 3239 et
764 3174 868 3239 lucem
884 3174 1006 3261 aspexit
1025 3196 1111 3238 anno
1129 3176 1168 3239 M
1178 3177 1304 3242 CCCC
1310 3174 1389 3242 Lxx

449 3262 605 3339 eamdem,
632 3284 727 3349 quam
759 3260 839 3325 haec
870 3260 1025 3337 Romana,
1058 3258 1218 3348 Episcopi
1249 3262 1388 3327 Aterion-'s

448 3348 610 3435 epistolam
635 3348 781 3435 praefert,
805 3360 838 3411 et
859 3346 936 3412 hinc
957 3346 1121 3434 posterior,
1136 3370 1244 3433 quam
1266 3350 1387 3427 illectu

448 3434 548 3499 sends
569 3447 626 3500 est.
674 3434 850 3499 Aleu‘ensis
871 3433 957 3497 enim
981 3432 1116 3520 epistola
1138 3434 1278 3514 indicat,
1293 3458 1325 3501 se
1342 3434 1387 3498 oli

448 3520 539 3598 tioni,
560 3544 641 3608 quae
666 3520 790 3585 Romae
811 3542 930 3584 excusa
947 3533 1005 3597 est,
1030 3518 1236 3586 dedicandae
1260 3522 1387 3604 consuit>

449 3620 513 3671 tam
528 3628 614 3671 esse:
640 3628 745 3693 neque
760 3605 851 3671 facile
871 3606 958 3670 credi
978 3618 1092 3693 potest,
1106 3619 1286 3694 utramque
1304 3607 1386 3673 editic-

448 3715 521 3759 nem
548 3692 678 3758 alteram
706 3693 840 3770 Romae,
866 3692 996 3757 alteram
1018 3690 1166 3756 Venetiis
1189 3694 1309 3759 eodem
1326 3714 1385 3757 snm

448 3780 558 3845 exisse.
615 3778 691 3844 Nou
715 3778 865 3844 convenit
887 3779 983 3843 etiam
1009 3777 1049 3843 de
1076 3778 1175 3865 ipsius
1200 3780 1331 3845 editoris
1347 3802 1385 3841 no

448 3866 543 3931 mine.
582 3866 746 3931 Iohannes
759 3866 918 3930 Antonius
932 3868 974 3930 de
985 3866 1108 3930 Buxiis
1120 3879 1260 3930 vocatur
1276 3864 1384 3954 Uglelu

447 3952 482 4016 in
505 3949 576 4016 Ital.
600 3950 685 4016 Sacr.
706 3964 781 4016 tom.
806 3952 866 4016 lll.
888 3972 918 4037 p
940 3955 1014 4015 503.
1035 3950 1091 4015 ubi
1113 3950 1185 4036 ipsi,
1213 3952 1250 4015 in
1272 3952 1383 4017 Ecclesi

450 4038 480 4104 S.
512 4037 602 4103 Petri
635 4037 676 4102 ad
705 4035 845 4102 Vincula
876 4035 1012 4123 sepulto,
1102 4058 1181 4100 nens
1213 4039 1381 4127 epitaphium

446 4124 585 4211 positum
616 4122 711 4189 fuisse
743 4123 896 4188 refertur:
929 4058 1215 4188 Ioannioedntonio
1245 4127 1381 4211 Epium

448 4210 621 4285 lileriensi,
645 4212 764 4295 patria
800 4210 1036 4297 ngaecoaenai,
1066 4208 1157 4273 Steti
1184 4210 1251 4273 IV.
1283 4208 1377 4293 Pontii

448 4293 544 4354 Max.
572 4295 649 4376 Res.
678 4296 837 4359 Biblioth.
866 4296 1126 4381 Secretmioque,
1154 4299 1329 4361 venerando
1345 4317 1378 4359 se
