<?xml version="1.0" encoding="UTF-8"?>
<!DOCTYPE html PUBLIC "-//W3C//DTD XHTML 1.0 Transitional//EN"
    "http://www.w3.org/TR/xhtml1/DTD/xhtml1-transitional.dtd">
<html xmlns="http://www.w3.org/1999/xhtml" xml:lang="en" lang="en">
 <head>
  <title>
</title>
<meta http-equiv="Content-Type" content="text/html;charset=utf-8" />
  <meta name='ocr-system' content='tesseract 3.04.00' />
  <meta name='ocr-capabilities' content='ocr_page ocr_carea ocr_par ocr_line ocrx_word'/>
</head>
<body>
  <div class='ocr_page' id='page_1' title='image "./tliviipatavinih01kreygoog/tliviipatavinih01kreygoog_0337.png"; bbox 0 0 2934 4800; ppageno 0'>
   <div class='ocr_carea' id='block_1_1' title="bbox 260 546 888 861">
    <p class='ocr_par' dir='ltr' id='par_1_1' title="bbox 260 546 888 861">
     <span class='ocr_line' id='line_1_1' title="bbox 356 546 797 634; baseline 0.002 -3"><span class='ocrx_word' id='word_1_1' title='bbox 356 546 397 631; x_wconf 88' lang='lat' dir='ltr'>E</span> <span class='ocrx_word' id='word_1_2' title='bbox 417 549 456 632; x_wconf 95' lang='lat' dir='ltr'>P</span> <span class='ocrx_word' id='word_1_3' title='bbox 476 549 498 633; x_wconf 96' lang='grc' dir='ltr'><strong>Ι</strong></span> <span class='ocrx_word' id='word_1_4' title='bbox 518 548 617 633; x_wconf 90' lang='lat' dir='ltr'>LO</span> <span class='ocrx_word' id='word_1_5' title='bbox 637 548 681 633; x_wconf 88' lang='lat' dir='ltr'><strong>G</strong></span> <span class='ocrx_word' id='word_1_6' title='bbox 701 546 746 634; x_wconf 93' lang='lat' dir='ltr'><strong>U</strong></span> <span class='ocrx_word' id='word_1_7' title='bbox 769 550 797 632; x_wconf 91' lang='lat' dir='ltr'>S</span> 
     </span>
     <span class='ocr_line' id='line_1_2' title="bbox 260 774 888 861; baseline -0.003 -1"><span class='ocrx_word' id='word_1_8' title='bbox 260 774 500 861; x_wconf 84' lang='lat' dir='ltr'><strong>FRANC.</strong></span> <span class='ocrx_word' id='word_1_9' title='bbox 545 775 888 861; x_wconf 85' lang='lat' dir='ltr'>GOELLERI</span> 
     </span>
    </p>
   </div>
   <div class='ocr_carea' id='block_1_2' title="bbox 48 1004 1063 1080">
    <p class='ocr_par' dir='ltr' id='par_1_2' title="bbox 48 1004 1063 1080">
     <span class='ocr_line' id='line_1_3' title="bbox 48 1004 1063 1080; baseline 0 -1"><span class='ocrx_word' id='word_1_10' title='bbox 48 1006 138 1079; x_wconf 76' lang='lat' dir='ltr'>AD</span> <span class='ocrx_word' id='word_1_11' title='bbox 181 1006 403 1080; x_wconf 85' lang='lat' dir='ltr'>LIBRUM</span> <span class='ocrx_word' id='word_1_12' title='bbox 434 1004 680 1080; x_wconf 85' lang='lat' dir='ltr'>TERTIUM</span> <span class='ocrx_word' id='word_1_13' title='bbox 712 1006 1063 1080; x_wconf 84' lang='lat' dir='ltr'><strong>TRIGESIMUM.</strong></span> 
     </span>
    </p>
   </div>
   <div class='ocr_carea' id='block_1_3' title="bbox 505 1244 651 1281">
    <p class='ocr_par' dir='ltr' id='par_1_3' title="bbox 505 1244 651 1281">
     <span class='ocr_line' id='line_1_4' title="bbox 505 1244 651 1281; baseline 0.007 -1"><span class='ocrx_word' id='word_1_14' title='bbox 505 1244 651 1281; x_wconf 66' lang='lat'>-0—</span> 
     </span>
    </p>
   </div>
   <div class='ocr_carea' id='block_1_4' title="bbox 46 1438 1108 4128">
    <p class='ocr_par' dir='ltr' id='par_1_4' title="bbox 46 1438 1107 3585">
     <span class='ocr_line' id='line_1_5' title="bbox 47 1438 1103 1541; baseline 0.002 -36"><span class='ocrx_word' id='word_1_15' title='bbox 47 1452 73 1505; x_wconf 58' lang='lat' dir='ltr'>t</span> <span class='ocrx_word' id='word_1_16' title='bbox 83 1440 168 1507; x_wconf 79' lang='grc' dir='ltr'>ΕΒ</span> <span class='ocrx_word' id='word_1_17' title='bbox 188 1440 277 1509; x_wconf 84' lang='lat' dir='ltr'>haec</span> <span class='ocrx_word' id='word_1_18' title='bbox 292 1441 424 1541; x_wconf 77' lang='lat' dir='ltr'>quidem</span> <span class='ocrx_word' id='word_1_19' title='bbox 438 1439 601 1507; x_wconf 88' lang='lat' dir='ltr'>hactenus.</span> <span class='ocrx_word' id='word_1_20' title='bbox 648 1438 824 1529; x_wconf 81' lang='lat' dir='ltr'>Reliquum</span> <span class='ocrx_word' id='word_1_21' title='bbox 838 1454 896 1519; x_wconf 87' lang='lat' dir='ltr'>est,</span> <span class='ocrx_word' id='word_1_22' title='bbox 912 1454 949 1507; x_wconf 93' lang='lat' dir='ltr'>ut</span> <span class='ocrx_word' id='word_1_23' title='bbox 964 1441 1004 1507; x_wconf 92' lang='lat' dir='ltr'>de</span> <span class='ocrx_word' id='word_1_24' title='bbox 1022 1441 1103 1507; x_wconf 91' lang='lat' dir='ltr'>libro</span> 
     </span>
     <span class='ocr_line' id='line_1_6' title="bbox 47 1509 1103 1615; baseline -0.002 -22"><span class='ocrx_word' id='word_1_25' title='bbox 47 1509 80 1607; x_wconf 70' lang='grc'><strong>&gt;</strong></span> <span class='ocrx_word' id='word_1_26' title='bbox 112 1552 238 1593; x_wconf 81' lang='lat' dir='ltr'>manu</span> <span class='ocrx_word' id='word_1_27' title='bbox 260 1542 378 1615; x_wconf 77' lang='lat' dir='ltr'>scripto</span> <span class='ocrx_word' id='word_1_28' title='bbox 401 1527 515 1605; x_wconf 89' lang='lat' dir='ltr'>dicam,</span> <span class='ocrx_word' id='word_1_29' title='bbox 538 1528 626 1592; x_wconf 92' lang='lat' dir='ltr'>unde</span> <span class='ocrx_word' id='word_1_30' title='bbox 648 1526 729 1592; x_wconf 89' lang='lat' dir='ltr'>haec</span> <span class='ocrx_word' id='word_1_31' title='bbox 750 1550 833 1593; x_wconf 86' lang='lat' dir='ltr'>nova</span> <span class='ocrx_word' id='word_1_32' title='bbox 855 1526 927 1592; x_wconf 84' lang='lat' dir='ltr'>libri</span> <span class='ocrx_word' id='word_1_33' title='bbox 950 1528 1103 1615; x_wconf 78' lang='lat' dir='ltr'>trigesimi</span> 
     </span>
     <span class='ocr_line' id='line_1_7' title="bbox 48 1612 1103 1703; baseline 0 -25"><span class='ocrx_word' id='word_1_34' title='bbox 48 1616 112 1679; x_wconf 86' lang='lat' dir='ltr'>rtii</span> <span class='ocrx_word' id='word_1_35' title='bbox 144 1615 263 1682; x_wconf 85' lang='lat' dir='ltr'>editio</span> <span class='ocrx_word' id='word_1_36' title='bbox 288 1626 407 1703; x_wconf 81' lang='lat' dir='ltr'>parata,</span> <span class='ocrx_word' id='word_1_37' title='bbox 432 1615 566 1679; x_wconf 84' lang='lat' dir='ltr'>varietas</span> <span class='ocrx_word' id='word_1_38' title='bbox 589 1614 735 1680; x_wconf 88' lang='lat' dir='ltr'>lectionis</span> <span class='ocrx_word' id='word_1_39' title='bbox 761 1614 795 1678; x_wconf 91' lang='lat' dir='ltr'>in</span> <span class='ocrx_word' id='word_1_40' title='bbox 820 1612 890 1678; x_wconf 82' lang='lat' dir='ltr'>aliis</span> <span class='ocrx_word' id='word_1_41' title='bbox 913 1614 1103 1703; x_wconf 83' lang='lat' dir='ltr'>quibusdam</span> 
     </span>
     <span class='ocr_line' id='line_1_8' title="bbox 47 1702 565 1767; baseline 0.002 -2"><span class='ocrx_word' id='word_1_42' title='bbox 47 1702 118 1767; x_wconf 89' lang='lat' dir='ltr'>bris</span> <span class='ocrx_word' id='word_1_43' title='bbox 136 1702 244 1767; x_wconf 82' lang='lat' dir='ltr'>Livii</span> <span class='ocrx_word' id='word_1_44' title='bbox 258 1702 351 1767; x_wconf 84' lang='lat' dir='ltr'>obvia</span> <span class='ocrx_word' id='word_1_45' title='bbox 365 1714 493 1767; x_wconf 81' lang='lat' dir='ltr'>enotata</span> <span class='ocrx_word' id='word_1_46' title='bbox 507 1713 565 1766; x_wconf 89' lang='lat' dir='ltr'>est.</span> 
     </span>
     <span class='ocr_line' id='line_1_9' title="bbox 64 1785 1106 1874; baseline 0 -22"><span class='ocrx_word' id='word_1_47' title='bbox 64 1786 105 1852; x_wconf 90' lang='lat' dir='ltr'>Is</span> <span class='ocrx_word' id='word_1_48' title='bbox 122 1803 186 1854; x_wconf 89' lang='lat' dir='ltr'>est</span> <span class='ocrx_word' id='word_1_49' title='bbox 207 1789 478 1865; x_wconf 87' lang='lat' dir='ltr'>membranaceus,</span> <span class='ocrx_word' id='word_1_50' title='bbox 493 1787 656 1874; x_wconf 81' lang='lat' dir='ltr'>octoginta</span> <span class='ocrx_word' id='word_1_51' title='bbox 668 1785 837 1864; x_wconf 81' lang='lat' dir='ltr'>foliorum3</span> <span class='ocrx_word' id='word_1_52' title='bbox 861 1786 895 1851; x_wconf 94' lang='lat' dir='ltr'>in</span> <span class='ocrx_word' id='word_1_53' title='bbox 912 1785 1106 1852; x_wconf 79' lang='lat' dir='ltr'>bibliotheca</span> 
     </span>
     <span class='ocr_line' id='line_1_10' title="bbox 47 1872 1102 1962; baseline 0 -25"><span class='ocrx_word' id='word_1_54' title='bbox 47 1877 139 1961; x_wconf 83' lang='lat' dir='ltr'>.ycei</span> <span class='ocrx_word' id='word_1_55' title='bbox 155 1876 265 1962; x_wconf 84' lang='lat' dir='ltr'>Regii</span> <span class='ocrx_word' id='word_1_56' title='bbox 276 1874 519 1962; x_wconf 85' lang='lat' dir='ltr'>Bambergensis</span> <span class='ocrx_word' id='word_1_57' title='bbox 530 1887 714 1950; x_wconf 74' lang='lat' dir='ltr'><strong>asservatur,</strong></span> <span class='ocrx_word' id='word_1_58' title='bbox 726 1872 903 1937; x_wconf 89' lang='lat' dir='ltr'>secundum</span> <span class='ocrx_word' id='word_1_59' title='bbox 914 1873 1102 1961; x_wconf 75' lang='lat' dir='ltr'><strong>catalogum,</strong></span> 
     </span>
     <span class='ocr_line' id='line_1_11' title="bbox 58 1958 1105 2048; baseline 0.001 -24"><span class='ocrx_word' id='word_1_60' title='bbox 58 1960 85 2024; x_wconf 88' lang='lat' dir='ltr'>J</span> <span class='ocrx_word' id='word_1_61' title='bbox 87 1962 258 2027; x_wconf 86' lang='lat' dir='ltr'>oachimo</span> <span class='ocrx_word' id='word_1_62' title='bbox 273 1961 398 2039; x_wconf 79' lang='lat' dir='ltr'>Jsckio,</span> <span class='ocrx_word' id='word_1_63' title='bbox 414 1961 472 2047; x_wconf 90' lang='lat' dir='ltr'>qui</span> <span class='ocrx_word' id='word_1_64' title='bbox 486 1983 573 2025; x_wconf 91' lang='lat' dir='ltr'>nunc</span> <span class='ocrx_word' id='word_1_65' title='bbox 587 1959 633 2024; x_wconf 93' lang='lat' dir='ltr'>illi</span> <span class='ocrx_word' id='word_1_66' title='bbox 648 1958 859 2025; x_wconf 81' lang='lat' dir='ltr'>bibliothecae</span> <span class='ocrx_word' id='word_1_67' title='bbox 879 1973 1011 2048; x_wconf 83' lang='lat' dir='ltr'>praeest,</span> <span class='ocrx_word' id='word_1_68' title='bbox 1028 1983 1105 2025; x_wconf 92' lang='lat' dir='ltr'>con·</span> 
     </span>
     <span class='ocr_line' id='line_1_12' title="bbox 47 2046 1102 2147; baseline 0 -36"><span class='ocrx_word' id='word_1_69' title='bbox 47 2062 163 2112; x_wconf 69' lang='lat' dir='ltr'>sctum</span> <span class='ocrx_word' id='word_1_70' title='bbox 213 2047 366 2113; x_wconf 88' lang='lat' dir='ltr'>librorum</span> <span class='ocrx_word' id='word_1_71' title='bbox 407 2046 507 2113; x_wconf 71' lang='lat' dir='ltr'>MSS</span> <span class='ocrx_word' id='word_1_72' title='bbox 545 2046 666 2112; x_wconf 81' lang='lat' dir='ltr'>ordinis</span> <span class='ocrx_word' id='word_1_73' title='bbox 704 2046 810 2147; x_wconf 82' lang='lat' dir='ltr'>quarti</span> <span class='ocrx_word' id='word_1_74' title='bbox 850 2059 954 2111; x_wconf 89' lang='lat' dir='ltr'>tomus</span> <span class='ocrx_word' id='word_1_75' title='bbox 988 2068 1102 2112; x_wconf 87' lang='lat' dir='ltr'>nonus.</span> 
     </span>
     <span class='ocr_line' id='line_1_13' title="bbox 47 2131 1102 2221; baseline 0 -24"><span class='ocrx_word' id='word_1_76' title='bbox 47 2132 98 2197; x_wconf 91' lang='lat' dir='ltr'>M.</span> <span class='ocrx_word' id='word_1_77' title='bbox 115 2133 187 2199; x_wconf 91' lang='lat' dir='ltr'>IV.</span> <span class='ocrx_word' id='word_1_78' title='bbox 201 2135 251 2221; x_wconf 87' lang='grc'>9.)</span> <span class='ocrx_word' id='word_1_79' title='bbox 294 2132 335 2198; x_wconf 95' lang='lat' dir='ltr'>In</span> <span class='ocrx_word' id='word_1_80' title='bbox 348 2147 455 2199; x_wconf 87' lang='lat' dir='ltr'>vetere</span> <span class='ocrx_word' id='word_1_81' title='bbox 470 2132 551 2199; x_wconf 75' lang='lat' dir='ltr'>catal</span> <span class='ocrx_word' id='word_1_82' title='bbox 594 2156 623 2210; x_wconf 89' lang='lat' dir='ltr'>o,</span> <span class='ocrx_word' id='word_1_83' title='bbox 640 2145 831 2198; x_wconf 82' lang='lat' dir='ltr'>concinnato</span> <span class='ocrx_word' id='word_1_84' title='bbox 846 2155 865 2196; x_wconf 86' lang='lat' dir='ltr'>a</span> <span class='ocrx_word' id='word_1_85' title='bbox 882 2131 1002 2197; x_wconf 84' lang='lat' dir='ltr'>Graffio</span> <span class='ocrx_word' id='word_1_86' title='bbox 1019 2132 1051 2198; x_wconf 91' lang='lat' dir='ltr'>S.</span> <span class='ocrx_word' id='word_1_87' title='bbox 1064 2132 1102 2210; x_wconf 89' lang='lat' dir='ltr'>I.,</span> 
     </span>
     <span class='ocr_line' id='line_1_14' title="bbox 46 2217 1104 2298; baseline 0.001 -16"><span class='ocrx_word' id='word_1_88' title='bbox 46 2220 264 2287; x_wconf 83' lang='lat' dir='ltr'>›ibliothecae</span> <span class='ocrx_word' id='word_1_89' title='bbox 287 2221 372 2286; x_wconf 87' lang='lat' dir='ltr'>circa</span> <span class='ocrx_word' id='word_1_90' title='bbox 393 2243 514 2285; x_wconf 92' lang='lat' dir='ltr'>annum</span> <span class='ocrx_word' id='word_1_91' title='bbox 537 2219 577 2284; x_wconf 92' lang='lat' dir='ltr'>M</span> <span class='ocrx_word' id='word_1_92' title='bbox 620 2217 758 2284; x_wconf 88' lang='lat' dir='ltr'><strong>CCXL.</strong></span> <span class='ocrx_word' id='word_1_93' title='bbox 781 2219 931 2298; x_wconf 77' lang='lat' dir='ltr'>antistite,</span> <span class='ocrx_word' id='word_1_94' title='bbox 952 2219 1104 2285; x_wconf 88' lang='lat' dir='ltr'>librorum</span> 
     </span>
     <span class='ocr_line' id='line_1_15' title="bbox 46 2304 1105 2391; baseline 0 -22"><span class='ocrx_word' id='word_1_95' title='bbox 46 2306 275 2373; x_wconf 81' lang='lat' dir='ltr'>tistorieorum</span> <span class='ocrx_word' id='word_1_96' title='bbox 297 2306 397 2373; x_wconf 69' lang='lat' dir='ltr'>MSS</span> <span class='ocrx_word' id='word_1_97' title='bbox 417 2320 522 2371; x_wconf 90' lang='lat' dir='ltr'>tomus</span> <span class='ocrx_word' id='word_1_98' title='bbox 542 2318 658 2371; x_wconf 83' lang='lat' dir='ltr'>sextus.</span> <span class='ocrx_word' id='word_1_99' title='bbox 682 2304 743 2390; x_wconf 91' lang='grc' dir='ltr'>(Η.</span> <span class='ocrx_word' id='word_1_100' title='bbox 754 2304 832 2391; x_wconf 82' lang='lat' dir='ltr'>VL)</span> <span class='ocrx_word' id='word_1_101' title='bbox 878 2304 975 2371; x_wconf 89' lang='lat' dir='ltr'>Hunc</span> <span class='ocrx_word' id='word_1_102' title='bbox 989 2304 1105 2371; x_wconf 88' lang='lat' dir='ltr'>librum</span> 
     </span>
     <span class='ocr_line' id='line_1_16' title="bbox 46 2391 1105 2482; baseline -0.001 -25"><span class='ocrx_word' id='word_1_103' title='bbox 46 2394 225 2461; x_wconf 67' lang='lat' dir='ltr'>&gt;inhabilis</span> <span class='ocrx_word' id='word_1_104' title='bbox 243 2409 292 2460; x_wconf 88' lang='lat' dir='ltr'>est</span> <span class='ocrx_word' id='word_1_105' title='bbox 310 2393 420 2482; x_wconf 91' lang='lat' dir='ltr'>opinio</span> <span class='ocrx_word' id='word_1_106' title='bbox 435 2391 570 2458; x_wconf 89' lang='lat' dir='ltr'>Martini</span> <span class='ocrx_word' id='word_1_107' title='bbox 584 2392 625 2458; x_wconf 92' lang='lat' dir='ltr'>de</span> <span class='ocrx_word' id='word_1_108' title='bbox 643 2392 773 2470; x_wconf 87' lang='lat' dir='ltr'>Reider‚</span> <span class='ocrx_word' id='word_1_109' title='bbox 789 2415 895 2458; x_wconf 90' lang='lat' dir='ltr'>rerum</span> <span class='ocrx_word' id='word_1_110' title='bbox 915 2415 987 2457; x_wconf 89' lang='lat' dir='ltr'>eum</span> <span class='ocrx_word' id='word_1_111' title='bbox 1007 2391 1105 2458; x_wconf 91' lang='lat' dir='ltr'>medii</span> 
     </span>
     <span class='ocr_line' id='line_1_17' title="bbox 46 2472 1102 2569; baseline 0 -25"><span class='ocrx_word' id='word_1_112' title='bbox 46 2472 123 2560; x_wconf 68' lang='lat' dir='ltr'>levi,</span> <span class='ocrx_word' id='word_1_113' title='bbox 137 2495 216 2547; x_wconf 88' lang='lat' dir='ltr'>turn</span> <span class='ocrx_word' id='word_1_114' title='bbox 228 2482 314 2547; x_wconf 88' lang='lat' dir='ltr'>urbis</span> <span class='ocrx_word' id='word_1_115' title='bbox 324 2482 444 2569; x_wconf 77' lang='lat' dir='ltr'>patriae</span> <span class='ocrx_word' id='word_1_116' title='bbox 459 2479 650 2568; x_wconf 81' lang='lat' dir='ltr'>peritissimi,</span> <span class='ocrx_word' id='word_1_117' title='bbox 660 2479 711 2545; x_wconf 90' lang='lat' dir='ltr'>vel</span> <span class='ocrx_word' id='word_1_118' title='bbox 722 2478 901 2566; x_wconf 84' lang='lat' dir='ltr'>sumptibus</span> <span class='ocrx_word' id='word_1_119' title='bbox 913 2477 1048 2542; x_wconf 94' lang='lat' dir='ltr'>Henrici</span> <span class='ocrx_word' id='word_1_120' title='bbox 1058 2477 1102 2544; x_wconf 85' lang='grc' dir='ltr'>ΙΙ.</span> 
     </span>
     <span class='ocr_line' id='line_1_18' title="bbox 46 2564 1104 2664; baseline 0 -36"><span class='ocrx_word' id='word_1_121' title='bbox 46 2589 85 2629; x_wconf 81' lang='lat' dir='ltr'>un</span> <span class='ocrx_word' id='word_1_122' title='bbox 132 2569 254 2634; x_wconf 82' lang='lat' dir='ltr'>tatoris</span> <span class='ocrx_word' id='word_1_123' title='bbox 275 2567 499 2655; x_wconf 88' lang='lat' dir='ltr'>conscriptum,</span> <span class='ocrx_word' id='word_1_124' title='bbox 519 2566 570 2632; x_wconf 87' lang='lat' dir='ltr'>vel</span> <span class='ocrx_word' id='word_1_125' title='bbox 593 2566 731 2654; x_wconf 82' lang='lat' dir='ltr'>pecuma</span> <span class='ocrx_word' id='word_1_126' title='bbox 751 2576 934 2664; x_wconf 89' lang='lat' dir='ltr'>coemptum</span> <span class='ocrx_word' id='word_1_127' title='bbox 956 2564 991 2628; x_wconf 90' lang='lat' dir='ltr'>in</span> <span class='ocrx_word' id='word_1_128' title='bbox 1011 2586 1104 2628; x_wconf 87' lang='lat' dir='ltr'>usum</span> 
     </span>
     <span class='ocr_line' id='line_1_19' title="bbox 46 2650 1106 2738; baseline -0.002 -22"><span class='ocrx_word' id='word_1_129' title='bbox 46 2651 87 2716; x_wconf 92' lang='lat' dir='ltr'>Sc</span> <span class='ocrx_word' id='word_1_130' title='bbox 113 2653 190 2720; x_wconf 84' lang='lat' dir='ltr'>olse</span> <span class='ocrx_word' id='word_1_131' title='bbox 220 2655 371 2720; x_wconf 84' lang='lat' dir='ltr'>eeclesiae</span> <span class='ocrx_word' id='word_1_132' title='bbox 401 2652 590 2719; x_wconf 87' lang='lat' dir='ltr'>cathedralis</span> <span class='ocrx_word' id='word_1_133' title='bbox 620 2652 863 2738; x_wconf 80' lang='lat' dir='ltr'>Bambergensts</span> <span class='ocrx_word' id='word_1_134' title='bbox 893 2672 967 2714; x_wconf 92' lang='lat' dir='ltr'>cum</span> <span class='ocrx_word' id='word_1_135' title='bbox 998 2650 1106 2715; x_wconf 90' lang='lat' dir='ltr'>multis</span> 
     </span>
     <span class='ocr_line' id='line_1_20' title="bbox 46 2735 1106 2806; baseline 0.001 -5"><span class='ocrx_word' id='word_1_136' title='bbox 46 2737 116 2804; x_wconf 85' lang='lat' dir='ltr'>aliis</span> <span class='ocrx_word' id='word_1_137' title='bbox 139 2741 234 2806; x_wconf 86' lang='lat' dir='ltr'>libris</span> <span class='ocrx_word' id='word_1_138' title='bbox 254 2741 406 2806; x_wconf 90' lang='lat' dir='ltr'>traditum</span> <span class='ocrx_word' id='word_1_139' title='bbox 429 2762 506 2806; x_wconf 86' lang='lat' dir='ltr'>esse.</span> <span class='ocrx_word' id='word_1_140' title='bbox 552 2738 675 2804; x_wconf 86' lang='lat' dir='ltr'>Floruit</span> <span class='ocrx_word' id='word_1_141' title='bbox 698 2738 785 2803; x_wconf 91' lang='lat' dir='ltr'>enim</span> <span class='ocrx_word' id='word_1_142' title='bbox 826 2736 964 2801; x_wconf 89' lang='lat' dir='ltr'>nondam</span> <span class='ocrx_word' id='word_1_143' title='bbox 988 2735 1023 2800; x_wconf 90' lang='lat' dir='ltr'>in</span> <span class='ocrx_word' id='word_1_144' title='bbox 1046 2736 1106 2802; x_wconf 87' lang='lat' dir='ltr'>hac</span> 
     </span>
     <span class='ocr_line' id='line_1_21' title="bbox 47 2822 1107 2924; baseline 0 -36"><span class='ocrx_word' id='word_1_145' title='bbox 47 2826 128 2891; x_wconf 87' lang='lat' dir='ltr'>urbe</span> <span class='ocrx_word' id='word_1_146' title='bbox 149 2827 238 2893; x_wconf 90' lang='lat' dir='ltr'>inter</span> <span class='ocrx_word' id='word_1_147' title='bbox 252 2826 455 2894; x_wconf 85' lang='lat' dir='ltr'>celeberimas</span> <span class='ocrx_word' id='word_1_148' title='bbox 474 2825 591 2904; x_wconf 80' lang='lat' dir='ltr'>schola,</span> <span class='ocrx_word' id='word_1_149' title='bbox 608 2826 660 2891; x_wconf 89' lang='lat' dir='ltr'>cui</span> <span class='ocrx_word' id='word_1_150' title='bbox 680 2825 801 2913; x_wconf 87' lang='lat' dir='ltr'>primus</span> <span class='ocrx_word' id='word_1_151' title='bbox 870 2822 1008 2902; x_wconf 68' lang='lat' dir='ltr'>&#39;ibertus</span> <span class='ocrx_word' id='word_1_152' title='bbox 1023 2824 1107 2924; x_wconf 87' lang='lat' dir='ltr'>epis-</span> 
     </span>
     <span class='ocr_line' id='line_1_22' title="bbox 48 2910 1105 3003; baseline 0.003 -29"><span class='ocrx_word' id='word_1_153' title='bbox 48 2933 152 2998; x_wconf 86' lang='lat' dir='ltr'>copus</span> <span class='ocrx_word' id='word_1_154' title='bbox 182 2914 452 3003; x_wconf 77' lang='lat' dir='ltr'>Bambergensis1,</span> <span class='ocrx_word' id='word_1_155' title='bbox 476 2911 653 3001; x_wconf 85' lang='lat' dir='ltr'>praefectus</span> <span class='ocrx_word' id='word_1_156' title='bbox 675 2925 724 2977; x_wconf 87' lang='lat' dir='ltr'>est</span> <span class='ocrx_word' id='word_1_157' title='bbox 748 2912 788 2976; x_wconf 85' lang='lat' dir='ltr'>ab</span> <span class='ocrx_word' id='word_1_158' title='bbox 811 2910 924 2976; x_wconf 90' lang='lat' dir='ltr'>eodem</span> <span class='ocrx_word' id='word_1_159' title='bbox 951 2910 1105 2990; x_wconf 86' lang='lat' dir='ltr'>Hennco,</span> 
     </span>
     <span class='ocr_line' id='line_1_23' title="bbox 51 2997 1106 3082; baseline 0 -21"><span class='ocrx_word' id='word_1_160' title='bbox 51 2999 108 3082; x_wconf 88' lang='lat' dir='ltr'>qui</span> <span class='ocrx_word' id='word_1_161' title='bbox 128 3001 302 3067; x_wconf 50' lang='lat' dir='ltr'>condidit&amp;</span> <span class='ocrx_word' id='word_1_162' title='bbox 348 3001 427 3066; x_wconf 91' lang='lat' dir='ltr'>Post</span> <span class='ocrx_word' id='word_1_163' title='bbox 445 3022 520 3065; x_wconf 91' lang='lat' dir='ltr'>eum</span> <span class='ocrx_word' id='word_1_164' title='bbox 540 2998 725 3064; x_wconf 84' lang='lat' dir='ltr'>Scholastici</span> <span class='ocrx_word' id='word_1_165' title='bbox 747 3020 878 3062; x_wconf 88' lang='lat' dir='ltr'>munere</span> <span class='ocrx_word' id='word_1_166' title='bbox 896 2997 1000 3063; x_wconf 81' lang='lat' dir='ltr'>suncti</span> <span class='ocrx_word' id='word_1_167' title='bbox 1020 3011 1106 3076; x_wconf 83' lang='lat' dir='ltr'>sunt,</span> 
     </span>
     <span class='ocr_line' id='line_1_24' title="bbox 53 3083 1105 3174; baseline 0.001 -27"><span class='ocrx_word' id='word_1_168' title='bbox 53 3086 108 3168; x_wconf 92' lang='lat' dir='ltr'>qui</span> <span class='ocrx_word' id='word_1_169' title='bbox 128 3111 338 3174; x_wconf 89' lang='lat' dir='ltr'>peromnem</span> <span class='ocrx_word' id='word_1_170' title='bbox 359 3086 566 3152; x_wconf 83' lang='lat' dir='ltr'>Germaniam</span> <span class='ocrx_word' id='word_1_171' title='bbox 590 3108 713 3150; x_wconf 86' lang='lat' dir='ltr'>summa</span> <span class='ocrx_word' id='word_1_172' title='bbox 732 3083 894 3171; x_wconf 83' lang='lat' dir='ltr'>quondam</span> <span class='ocrx_word' id='word_1_173' title='bbox 918 3085 1105 3149; x_wconf 81' lang='lat' dir='ltr'>auctoritate</span> 
     </span>
     <span class='ocr_line' id='line_1_25' title="bbox 54 3168 1104 3261; baseline 0 -27"><span class='ocrx_word' id='word_1_174' title='bbox 54 3171 205 3254; x_wconf 87' lang='lat' dir='ltr'>pollebat,</span> <span class='ocrx_word' id='word_1_175' title='bbox 229 3175 338 3253; x_wconf 86' lang='lat' dir='ltr'>Anno,</span> <span class='ocrx_word' id='word_1_176' title='bbox 363 3174 618 3261; x_wconf 85' lang='lat' dir='ltr'>archiepiscopus</span> <span class='ocrx_word' id='word_1_177' title='bbox 646 3170 856 3248; x_wconf 88' lang='lat' dir='ltr'>Coloniensis,</span> <span class='ocrx_word' id='word_1_178' title='bbox 883 3168 1019 3235; x_wconf 89' lang='lat' dir='ltr'>Henrici</span> <span class='ocrx_word' id='word_1_179' title='bbox 1045 3168 1104 3234; x_wconf 91' lang='lat' dir='ltr'>IV.</span> 
     </span>
     <span class='ocr_line' id='line_1_26' title="bbox 56 3255 1105 3343; baseline -0.001 -23"><span class='ocrx_word' id='word_1_180' title='bbox 56 3260 211 3340; x_wconf 89' lang='lat' dir='ltr'>pueritiae</span> <span class='ocrx_word' id='word_1_181' title='bbox 226 3283 301 3326; x_wconf 90' lang='lat' dir='ltr'>cum</span> <span class='ocrx_word' id='word_1_182' title='bbox 316 3259 493 3325; x_wconf 88' lang='lat' dir='ltr'>Adalberto</span> <span class='ocrx_word' id='word_1_183' title='bbox 508 3259 674 3324; x_wconf 89' lang='lat' dir='ltr'>Bremensi</span> <span class='ocrx_word' id='word_1_184' title='bbox 692 3271 779 3323; x_wconf 85' lang='lat' dir='ltr'>tutor</span> <span class='ocrx_word' id='word_1_185' title='bbox 793 3257 880 3322; x_wconf 88' lang='lat' dir='ltr'>idem</span> <span class='ocrx_word' id='word_1_186' title='bbox 895 3278 931 3320; x_wconf 85' lang='lat' dir='ltr'>ac</span> <span class='ocrx_word' id='word_1_187' title='bbox 947 3255 1105 3343; x_wconf 84' lang='lat' dir='ltr'>magister,</span> 
     </span>
     <span class='ocr_line' id='line_1_27' title="bbox 57 3342 1106 3428; baseline 0.001 -23"><span class='ocrx_word' id='word_1_188' title='bbox 57 3355 90 3405; x_wconf 87' lang='lat' dir='ltr'>et</span> <span class='ocrx_word' id='word_1_189' title='bbox 113 3346 199 3412; x_wconf 85' lang='lat' dir='ltr'>circa</span> <span class='ocrx_word' id='word_1_190' title='bbox 227 3369 348 3412; x_wconf 90' lang='lat' dir='ltr'>annum</span> <span class='ocrx_word' id='word_1_191' title='bbox 378 3345 562 3411; x_wconf 87' lang='lat' dir='ltr'><strong>MLXVII.</strong></span> <span class='ocrx_word' id='word_1_192' title='bbox 586 3345 766 3422; x_wconf 75' lang='lat' dir='ltr'>Wilramus,</span> <span class='ocrx_word' id='word_1_193' title='bbox 797 3342 945 3407; x_wconf 88' lang='lat' dir='ltr'>Lutetiae</span> <span class='ocrx_word' id='word_1_194' title='bbox 977 3365 1106 3428; x_wconf 85' lang='lat' dir='ltr'>quoque</span> 
     </span>
     <span class='ocr_line' id='line_1_28' title="bbox 59 3425 1107 3585; baseline -0.008 -86"><span class='ocrx_word' id='word_1_195' title='bbox 59 3425 250 3585; x_wconf 54' lang='lat' dir='ltr'>Pffiorum</span> <span class='ocrx_word' id='word_1_196' title='bbox 260 3435 359 3500; x_wconf 89' lang='lat' dir='ltr'>bonas</span> <span class='ocrx_word' id='word_1_197' title='bbox 369 3433 475 3499; x_wconf 81' lang='lat' dir='ltr'>literas</span> <span class='ocrx_word' id='word_1_198' title='bbox 488 3432 655 3521; x_wconf 86' lang='lat' dir='ltr'>professus,</span> <span class='ocrx_word' id='word_1_199' title='bbox 670 3429 817 3497; x_wconf 90' lang='lat' dir='ltr'>coenobii</span> <span class='ocrx_word' id='word_1_200' title='bbox 833 3427 1107 3515; x_wconf 81' lang='lat' dir='ltr'>Merseburgensis</span> 
     </span>
     <span class='ocr_line' id='line_1_29' title="bbox 61 3535 79 3577; baseline 0 0"><span class='ocrx_word' id='word_1_201' title='bbox 61 3535 79 3577; x_wconf 85' lang='lat' dir='ltr'>a</span> 
     </span>
    </p>

    <p class='ocr_par' dir='ltr' id='par_1_5' title="bbox 106 3599 1002 3694">
     <span class='ocr_line' id='line_1_30' title="bbox 106 3599 1002 3694; baseline -0.004 -25"><span class='ocrx_word' id='word_1_202' title='bbox 106 3603 233 3673; x_wconf 90' lang='lat' dir='ltr'>Codicis</span> <span class='ocrx_word' id='word_1_203' title='bbox 248 3606 492 3694; x_wconf 80' lang='lat' dir='ltr'>Bambergensis</span> <span class='ocrx_word' id='word_1_204' title='bbox 505 3605 559 3670; x_wconf 92' lang='lat' dir='ltr'>hic</span> <span class='ocrx_word' id='word_1_205' title='bbox 574 3603 700 3668; x_wconf 87' lang='lat' dir='ltr'>habitus</span> <span class='ocrx_word' id='word_1_206' title='bbox 714 3615 773 3679; x_wconf 89' lang='lat' dir='ltr'>est,</span> <span class='ocrx_word' id='word_1_207' title='bbox 789 3599 868 3665; x_wconf 84' lang='lat' dir='ltr'>haec</span> <span class='ocrx_word' id='word_1_208' title='bbox 882 3599 1002 3666; x_wconf 84' lang='lat' dir='ltr'>forma:</span> 
     </span>
    </p>

    <p class='ocr_par' dir='ltr' id='par_1_6' title="bbox 66 3686 1107 3968">
     <span class='ocr_line' id='line_1_31' title="bbox 103 3686 1106 3782; baseline -0.008 -22"><span class='ocrx_word' id='word_1_209' title='bbox 103 3689 224 3782; x_wconf 80' lang='lat' dir='ltr'>Pagina</span> <span class='ocrx_word' id='word_1_210' title='bbox 237 3693 368 3759; x_wconf 84' lang='lat' dir='ltr'>adversa</span> <span class='ocrx_word' id='word_1_211' title='bbox 401 3693 473 3757; x_wconf 93' lang='lat' dir='ltr'>rimi</span> <span class='ocrx_word' id='word_1_212' title='bbox 483 3692 560 3769; x_wconf 83' lang='lat' dir='ltr'>solii,</span> <span class='ocrx_word' id='word_1_213' title='bbox 573 3714 592 3755; x_wconf 85' lang='lat' dir='ltr'>a</span> <span class='ocrx_word' id='word_1_214' title='bbox 603 3689 784 3776; x_wconf 82' lang='lat' dir='ltr'>bibliopego</span> <span class='ocrx_word' id='word_1_215' title='bbox 799 3687 909 3752; x_wconf 87' lang='lat' dir='ltr'>inserti</span> <span class='ocrx_word' id='word_1_216' title='bbox 924 3688 964 3752; x_wconf 86' lang='lat' dir='ltr'>ab</span> <span class='ocrx_word' id='word_1_217' title='bbox 975 3686 1106 3752; x_wconf 90' lang='lat' dir='ltr'>homine</span> 
     </span>
     <span class='ocr_line' id='line_1_32' title="bbox 66 3717 1107 3868; baseline -0.004 -26"><span class='ocrx_word' id='word_1_218' title='bbox 66 3780 250 3868; x_wconf 83' lang='lat' dir='ltr'>nescioquo</span> <span class='ocrx_word' id='word_1_219' title='bbox 272 3792 346 3845; x_wconf 86' lang='lat' dir='ltr'>ante</span> <span class='ocrx_word' id='word_1_220' title='bbox 368 3717 523 3844; x_wconf 60' lang='lat' dir='ltr'>graffium</span> <span class='ocrx_word' id='word_1_221' title='bbox 545 3775 756 3843; x_wconf 87' lang='lat' dir='ltr'>bibliothecae</span> <span class='ocrx_word' id='word_1_222' title='bbox 777 3772 935 3862; x_wconf 88' lang='lat' dir='ltr'>praefecto</span> <span class='ocrx_word' id='word_1_223' title='bbox 959 3773 1038 3840; x_wconf 86' lang='lat' dir='ltr'>haec</span> <span class='ocrx_word' id='word_1_224' title='bbox 1057 3773 1107 3838; x_wconf 90' lang='lat' dir='ltr'>in-</span> 
     </span>
     <span class='ocr_line' id='line_1_33' title="bbox 67 3864 583 3968; baseline 0.006 -42"><span class='ocrx_word' id='word_1_225' title='bbox 67 3864 122 3926; x_wconf 81' lang='lat' dir='ltr'>scri</span> <span class='ocrx_word' id='word_1_226' title='bbox 145 3868 189 3932; x_wconf 93' lang='lat' dir='ltr'>tio</span> <span class='ocrx_word' id='word_1_227' title='bbox 202 3868 389 3968; x_wconf 72' lang='lat' dir='ltr'>consignata</span> <span class='ocrx_word' id='word_1_228' title='bbox 402 3865 502 3930; x_wconf 87' lang='lat' dir='ltr'>literis</span> <span class='ocrx_word' id='word_1_229' title='bbox 516 3877 583 3929; x_wconf 85' lang='lat' dir='ltr'>est:</span> 
     </span>
    </p>

    <p class='ocr_par' dir='ltr' id='par_1_7' title="bbox 70 3947 1108 4128">
     <span class='ocr_line' id='line_1_34' title="bbox 108 3947 1108 4019; baseline -0.007 -1"><span class='ocrx_word' id='word_1_230' title='bbox 108 3959 117 3987; x_wconf 93' lang='lat'>‘</span> <span class='ocrx_word' id='word_1_231' title='bbox 158 3954 193 4018; x_wconf 90' lang='lat' dir='ltr'>&#39;ti</span> <span class='ocrx_word' id='word_1_232' title='bbox 218 3953 304 4018; x_wconf 82' lang='lat' dir='ltr'>Livi1</span> <span class='ocrx_word' id='word_1_233' title='bbox 326 3953 367 4018; x_wconf 88' lang='lat' dir='ltr'>ab</span> <span class='ocrx_word' id='word_1_234' title='bbox 391 3951 434 4018; x_wconf 90' lang='lat' dir='ltr'>U.</span> <span class='ocrx_word' id='word_1_235' title='bbox 457 3954 496 4019; x_wconf 91' lang='lat' dir='ltr'>C.</span> <span class='ocrx_word' id='word_1_236' title='bbox 520 3950 722 4016; x_wconf 87' lang='lat' dir='ltr'>historiarum</span> <span class='ocrx_word' id='word_1_237' title='bbox 748 3947 830 4013; x_wconf 88' lang='lat' dir='ltr'>liber</span> <span class='ocrx_word' id='word_1_238' title='bbox 858 3947 974 4014; x_wconf 90' lang='lat' dir='ltr'><strong>XXV.</strong></span> <span class='ocrx_word' id='word_1_239' title='bbox 1000 3961 1034 4014; x_wconf 89' lang='lat' dir='ltr'>et</span> <span class='ocrx_word' id='word_1_240' title='bbox 1058 3969 1108 4012; x_wconf 87' lang='lat' dir='ltr'>se·</span> 
     </span>
     <span class='ocr_line' id='line_1_35' title="bbox 70 4035 748 4128; baseline 0.001 -28"><span class='ocrx_word' id='word_1_241' title='bbox 70 4037 213 4120; x_wconf 83' lang='lat' dir='ltr'>‘quentas</span> <span class='ocrx_word' id='word_1_242' title='bbox 226 4040 378 4128; x_wconf 87' lang='lat' dir='ltr'>deinceps</span> <span class='ocrx_word' id='word_1_243' title='bbox 392 4061 493 4126; x_wconf 81' lang='lat' dir='ltr'>usqne</span> <span class='ocrx_word' id='word_1_244' title='bbox 508 4037 551 4103; x_wconf 85' lang='lat' dir='ltr'>sd</span> <span class='ocrx_word' id='word_1_245' title='bbox 565 4035 748 4103; x_wconf 68' lang='lat' dir='ltr'>xxxix:</span> 
     </span>
    </p>
   </div>
   <div class='ocr_carea' id='block_1_5' title="bbox 75 4255 1107 4438">
    <p class='ocr_par' dir='ltr' id='par_1_8' title="bbox 75 4255 1107 4438">
     <span class='ocr_line' id='line_1_36' title="bbox 104 4255 1107 4320; baseline 0.002 -17"><span class='ocrx_word' id='word_1_246' title='bbox 104 4267 113 4300; x_wconf 87' lang='lat'>1</span> <span class='ocrx_word' id='word_1_247' title='bbox 131 4255 184 4308; x_wconf 63' lang='lat' dir='ltr'>Via</span> <span class='ocrx_word' id='word_1_248' title='bbox 193 4259 259 4308; x_wconf 72' lang='lat' dir='ltr'>Acte</span> <span class='ocrx_word' id='word_1_249' title='bbox 268 4258 312 4308; x_wconf 77' lang='grc'>88.</span> <span class='ocrx_word' id='word_1_250' title='bbox 324 4262 383 4308; x_wconf 88' lang='lat' dir='ltr'>tom.</span> <span class='ocrx_word' id='word_1_251' title='bbox 393 4255 478 4306; x_wconf 81' lang='lat' dir='ltr'>xxviii.</span> <span class='ocrx_word' id='word_1_252' title='bbox 487 4256 513 4304; x_wconf 87' lang='lat' dir='ltr'>in</span> <span class='ocrx_word' id='word_1_253' title='bbox 522 4256 566 4305; x_wconf 83' lang='lat' dir='ltr'>vit.</span> <span class='ocrx_word' id='word_1_254' title='bbox 600 4259 659 4303; x_wconf 82' lang='lat' dir='ltr'>tom.</span> <span class='ocrx_word' id='word_1_255' title='bbox 676 4269 699 4303; x_wconf 81' lang='lat' dir='ltr'>v.</span> <span class='ocrx_word' id='word_1_256' title='bbox 716 4255 771 4305; x_wconf 85' lang='lat' dir='ltr'>libr.</span> <span class='ocrx_word' id='word_1_257' title='bbox 787 4272 810 4306; x_wconf 82' lang='lat' dir='ltr'>v.</span> <span class='ocrx_word' id='word_1_258' title='bbox 825 4269 878 4318; x_wconf 83' lang='lat' dir='ltr'>asp.</span> <span class='ocrx_word' id='word_1_259' title='bbox 893 4269 916 4320; x_wconf 87' lang='lat'>9.</span> <span class='ocrx_word' id='word_1_260' title='bbox 932 4261 993 4306; x_wconf 81' lang='lat' dir='ltr'>extr.</span> <span class='ocrx_word' id='word_1_261' title='bbox 1010 4269 1035 4318; x_wconf 91' lang='lat' dir='ltr'>p.</span> <span class='ocrx_word' id='word_1_262' title='bbox 1054 4265 1107 4318; x_wconf 72' lang='lat'><strong>270.</strong></span> 
     </span>
     <span class='ocr_line' id='line_1_37' title="bbox 75 4313 752 4386; baseline 0.01 -23"><span class='ocrx_word' id='word_1_263' title='bbox 75 4313 166 4370; x_wconf 75' lang='lat' dir='ltr'>hienrici</span> <span class='ocrx_word' id='word_1_264' title='bbox 178 4323 214 4373; x_wconf 86' lang='grc' dir='ltr'>ΙΙ.</span> <span class='ocrx_word' id='word_1_265' title='bbox 226 4339 251 4386; x_wconf 92' lang='lat' dir='ltr'>p.</span> <span class='ocrx_word' id='word_1_266' title='bbox 265 4335 319 4385; x_wconf 75' lang='lat'><strong>715.</strong></span> <span class='ocrx_word' id='word_1_267' title='bbox 335 4321 366 4371; x_wconf 83' lang='lat' dir='ltr'>E.</span> <span class='ocrx_word' id='word_1_268' title='bbox 378 4322 407 4370; x_wconf 88' lang='lat' dir='ltr'>F.</span> <span class='ocrx_word' id='word_1_269' title='bbox 601 4317 752 4370; x_wconf 73' lang='lat' dir='ltr'>ankenth</span> 
     </span>
     <span class='ocr_line' id='line_1_38' title="bbox 104 4383 568 4438; baseline 0.011 -9"><span class='ocrx_word' id='word_1_270' title='bbox 104 4396 115 4429; x_wconf 79' lang='lat' dir='ltr'>t</span> <span class='ocrx_word' id='word_1_271' title='bbox 127 4384 178 4438; x_wconf 74' lang='lat' dir='ltr'>vit</span> <span class='ocrx_word' id='word_1_272' title='bbox 187 4387 306 4438; x_wconf 74' lang='lat' dir='ltr'>Schmidt.</span> <span class='ocrx_word' id='word_1_273' title='bbox 315 4385 404 4437; x_wconf 67' lang='lat' dir='ltr'>Geel.</span> <span class='ocrx_word' id='word_1_274' title='bbox 414 4385 438 4435; x_wconf 89' lang='lat' dir='ltr'>d.</span> <span class='ocrx_word' id='word_1_275' title='bbox 448 4383 568 4434; x_wconf 82' lang='lat' dir='ltr'>Deutsch.</span> 
     </span>
    </p>
   </div>
   <div class='ocr_carea' id='block_1_6' title="bbox 0 0 1481 4800">
    <p class='ocr_par' dir='ltr' id='par_1_9' title="bbox 0 0 1481 4800">
     <span class='ocr_line' id='line_1_39' title="bbox 0 0 1481 4800; baseline 0 0"><span class='ocrx_word' id='word_1_276' title='bbox 0 0 1481 4800; x_wconf 95' lang='lat' dir='ltr'> </span> 
     </span>
    </p>
   </div>
  </div>
 </body>
</html>
