2934 4800
363 200 576 271 LIBROR.
611 201 836 271 DEPERD.
1061 205 1121 265 241

82 333 180 413 millia,
207 348 351 403 trecenta
379 338 511 426 triginta
535 362 600 405 sex.
646 338 796 417 Aemilia,
823 336 959 415 Licinia,
987 334 1122 413 Marcia,

101 529 211 693 linito
232 594 283 674 sit,
298 594 441 662 refertur.
489 558 721 685 Cimbri,'gens
738 532 1064 748 dpoeupppulabundi
1084 594 1119 659 in

81 676 234 766 Illyricum
264 694 440 747 venerunt:
475 683 516 748 ab
542 683 580 747 iia
602 683 750 771 Papirius
908 681 1020 747 consul
1044 702 1119 746 cum

81 766 215 831 exercitu
234 767 323 833 fusus
344 780 401 833 est
447 767 558 834 Livius
578 768 704 835 Drusus
725 766 836 835 consul
855 767 1005 834 adversm
1026 764 1120 833 Scor·

81 848 185 929 dimus,
213 866 344 939 gentem
373 877 393 919 a
420 853 522 921 Gallis
550 854 728 931 oriundam,
755 856 790 920 in
820 852 956 919 Thracia
985 852 1120 919 feliciter

81 938 232 1023 remur·

534 1116 657 1183 nxw.

82 1286 347 1369 ADHERBAL,
358 1290 443 1357 bello
457 1292 577 1378 petitus
590 1316 610 1357 a
625 1290 790 1377 Iugurtha,
802 1304 836 1356 et
850 1291 885 1355 in
895 1290 1015 1379 oppido
1029 1290 1120 1357 Cirta

83 1376 225 1453 obaesus,
241 1388 353 1441 contra
366 1377 641 1443 denuntiationem
661 1391 789 1443 senatus
808 1378 903 1442 abeo
921 1376 1042 1441 occisus
1060 1389 1118 1441 est.

84 1458 130 1526 Ob
142 1461 203 1527 hoc
216 1462 279 1549 ipsi
293 1461 466 1550 Iugurthae
481 1463 600 1529 bellum
615 1463 790 1529 indictum:
813 1462 911 1550 idque
924 1461 1119 1550 Calpumius

83 1544 181 1613 Bestia
203 1548 315 1613 consul
338 1571 448 1637 gerere
471 1550 583 1628 iussus,
598 1572 710 1637 pacem
730 1546 841 1615 crrmI
908 1547 980 1613 rtha
998 1548 1120 1613 iniussn

82 1633 181 1720 populi
207 1646 242 1699 et
263 1648 391 1701 senatus
412 1636 497 1701 fecit.
543 1635 561 1701 I
606 1636 707 1715 urtha,
731 1634 796 1701 fide
821 1572 949 1722 plrblica
971 1647 1121 1701 evocatus

82 1718 118 1783 ad
136 1719 324 1786 indicandos
345 1736 488 1787 auctores
509 1745 548 1789 co
610 1723 712 1788 iorum
734 1743 874 1799 suorum,
895 1720 983 1808 quod
1004 1720 1120 1786 multos

83 1805 210 1890 pecunia
225 1807 262 1871 in
282 1820 395 1873 senatu
412 1808 586 1896 corrupisse
601 1807 775 1885 dicebatur,
793 1807 930 1874 Romam
944 1807 1052 1872 venit:
1075 1822 1118 1883 et,

84 1904 202 2043 Ἠοῖ
224 1892 366 1972 caedem
384 1893 551 1959 admissam
574 1894 609 1959 in
631 1893 778 2045 repplum
797 1892 968 1980 quendam,
989 1893 1119 1958 nomine

164 1978 256 2057 'vam
272 1979 330 2069 qui
427 2002 482 2046 um
502 1980 570 2045 eius
586 1980 675 2068 po'pu
724 1978 872 2047 Romano
885 1980 979 2045 invisi
993 1979 1121 2045 affecta·

84 2062 139 2141 bat,
154 2063 278 2166 Romae
302 2002 514 2145 jnfflcmm,
535 2088 635 2154 quum
655 2064 900 2169 periclitaretm,
919 2087 1046 2131 caumm
1069 2086 1121 2129 ca·

84 2162 149 2235 prus
171 2150 278 2219 dicere
301 2153 414 2230 iussus,
435 2152 517 2219 clam
540 2152 689 2240 profugit,
710 2164 753 2230 et,
773 2151 891 2217 cedens
913 2152 1002 2230 urbe,
1022 2150 1122 2217 fertur

85 2234 210 2303 dixisse:
236 2236 269 2303 Ο
283 2239 395 2304 urbem
410 2238 565 2317 venalem,
580 2250 614 2304 et
627 2238 692 2303 cito
705 2238 889 2326 perituram,
904 2238 931 2303 si
945 2249 1121 2387 emptorem

85 2320 251 2390 invenerit!
296 2323 338 2389 A.
360 2324 541 2391 Posmmius
569 2322 691 2413 legatus
718 2323 889 2389 infeliciter
914 2344 992 2411 proe
1016 2346 1037 2388 o
1065 2322 1122 2387 ad-

85 2429 182 2475 versus
206 2410 395 2498 Iugurtham
424 2425 514 2499 gesto
541 2432 653 2498 pacem
682 2433 812 2498 quoque
841 2410 959 2476 adiecit
986 2409 1122 2497 ignomi-

85 2494 206 2574 niosam,
222 2518 319 2585 qnam
334 2519 401 2562 non
415 2519 482 2563 esse
497 2496 683 2562 servandam
698 2509 826 2562 senatus
839 2495 974 2560 censuit

547 2729 651 2796 LXV.

90 2903 396 2980 QCAECILIUS
424 2905 680 2974 METELLUS
709 2907 819 2974 consul
845 2908 970 2974 duobus
997 2905 1125 2995 proeliis

89 2987 104 3052 Ι
160 2993 266 3058 rtham
279 2991 373 3071 fudit,
389 3006 552 3081 totamque
568 2992 756 3059 Numidiam
772 2994 913 3060 vastant.
951 2993 1000 3059 M.
1013 2991 1125 3058 Iunius

91 3073 118 3142 S'
166 3101 203 3144 ns
217 3077 331 3144 consul
345 3078 493 3145 adversm
507 3079 655 3145 Cimbros
670 3079 839 3146 infeliciter
851 3081 1015 3168 pugnavit
1060 3077 1125 3143 Ie·

90 3163 158 3248 gotis
173 3165 380 3231 Cimbrorum
403 3164 513 3230 sedem
536 3180 570 3232 et
592 3187 694 3266 agros,
713 3165 748 3230 in
790 3166 884 3231 uibus
905 3166 1125 3241 consisterent,

90 3250 311 3334 petinentibus
347 3265 474 3317 senatus
509 3265 644 3341 negavit
690 3250 739 3317 M.
796 3252 921 3318 iuucius
955 3249 1126 3339 proconsul

91 3334 225 3402 adversus
241 3336 383 3404 Thracas
400 3360 549 3426 prospere
589 3337 728 3440 ugnavit
775 3336 813 3403 L
828 3337 959 3404 Cassius
977 3335 1088 3401 consul
1107 3357 1128 3399 a

92 3417 244 3509 Tigurinis
264 3421 378 3503 Gallis,
399 3446 481 3512 pago
504 3360 739 3501 Helieoomm,
760 3423 816 3510 qui
837 3445 857 3487 a
877 3421 1004 3487 civitate
1025 3443 1128 3486 seces·

92 3523 193 3588 seram,
220 3510 256 3574 in
281 3509 398 3576 finibus
424 3509 635 3599 Allobrogum
663 3533 737 3576 cum
763 3508 907 3573 exercitu
932 3529 1042 3573 caesus
1069 3518 1126 3571 est.

93 3589 213 3674 Milites,
228 3597 287 3683 qui
306 3618 349 3661 ex
371 3619 411 3661 ea
432 3595 521 3661 clade
545 3610 779 3684 superaverant,
800 3593 963 3659 obsidibus
985 3591 1077 3669 datis,
1095 3605 1130 3656 et

93 3677 214 3746 dimidia
232 3704 340 3748 rerum
361 3683 504 3747 omnium
524 3697 623 3770 parte,
638 3697 676 3748 ut
693 3681 869 3746 incolumes
883 3679 1128 3756 dimitterentur,

83 3785 158 3844 ,oum
171 3767 315 3834 hostibus
329 3768 414 3856 pacti
428 3781 510 3834 sunt

545 4009 668 4100 nxvu

97 4204 511 4295 insusurrantem
526 4207 1134 4287 c.nari0uumms‚auxuosoau‚
1259 4193 1267 4206 ’

100 4289 273 4361 Mamorum
299 4295 393 4382 regis,
421 4295 549 4360 adiutus
574 4307 641 4360 est:
675 4308 717 4373 et,
745 4295 844 4360 caesis
868 4294 989 4382 proelio
1015 4293 1136 4358 Bocchi

136 4399 202 4446 von
218 4403 264 4447 ιν.
942 4401 965 4444 a
