2934 4800
466 213 790 282 KREYSSIGII.
1087 219 1151 280 383

55 392 149 436 me
170 372 262 438 omni
284 372 461 440 calumniae
483 376 662 464 suspicione
676 398 787 442 vacam
805 375 882 441 satis
901 397 1059 464 superque
1078 396 1152 463 pro·

56 475 239 554 babitus,
253 477 392 542 breviter
405 479 574 567 complecti
589 479 677 544 etde
692 478 816 556 aetesis,
831 501 913 567 quae
927 478 1011 544 hanc
1030 477 1065 542 in
1083 499 1152 543 rem

60 577 235 665 professi
249 586 419 666 possentw,
434 579 568 646 lectores
581 580 624 646 ad
644 592 758 658 totum,
772 581 826 646 cui
845 579 1054 669 praefandum
1073 593 1151 660 erat,

61 680 219 746 libram
233 679 380 768 delegare
395 681 510 768 placet.

138 781 292 848 Primum
313 783 412 870 igitur
428 783 596 850 Bckkems
613 781 765 848 Goellero
784 783 921 849 nimium
940 785 1089 864 confisus,
1103 788 1153 852 uti

72 884 238 952 omnino
271 884 376 952 codici
405 885 633 974 Bamborgensi
668 886 705 950 in
741 886 911 953 verbosum
944 887 1152 954 collocatione

73 984 259 1053 mutanda
280 985 352 1074 plus
375 986 459 1054 iusto
482 987 630 1054 tribuisse
649 986 787 1068 videtur,
801 987 848 1054 ita
865 1009 932 1053 non
952 989 1057 1055 solum
1078 989 1151 1057 Lib.

78 1089 276 1156 XXXIII.
294 1091 343 1155 16.
358 1091 485 1157 initiam
499 1091 548 1157 ibi
563 1091 724 1177 quoddam
737 1091 935 1177 motassecis
950 1115 1012 1178 pro
1025 1093 1155 1158 initiam

81 1191 265 1280 quoddam
278 1193 327 1258 ibi
340 1191 550 1278 motassecis,
567 1192 641 1258 Lib.
658 1190 811 1258 XXXV.
826 1193 880 1258 30.
894 1191 951 1258 abi
957 1196 1154 1280 praegressi

82 1303 179 1360 sans
199 1317 242 1360 ca
262 1317 324 1381 pso
345 1297 402 1362 abi
419 1296 615 1382 praegressi
633 1315 675 1361 ea
692 1303 778 1374 sans,
799 1293 875 1360 Lib.
892 1293 1081 1362 XXXVII.
1098 1297 1154 1362 W.

86 1399 148 1462 ad
167 1417 259 1462 mare
278 1397 404 1462 daabas
417 1398 573 1484 passibas
592 1419 654 1482 pro
674 1398 721 1462 ad
738 1417 828 1462 mare
842 1396 999 1483 parribus
1015 1397 1155 1476 arabas,

86 1511 134 1568 et
155 1497 236 1564 Lib.
256 1496 464 1565 XXXVIII.
480 1499 512 1562 5.
528 1497 755 1584 Amphilochis
775 1519 881 1584 anper
900 1497 1044 1582 receptis
1063 1521 1156 1584 opem

73 1601 205 1687 seme,
222 1621 308 1686 quae
324 1599 499 1666 GocIIesus
514 1599 689 1686 pariterue
704 1599 805 1664 verba
820 1599 896 1664 Lib.
912 1597 1085 1664 XXXIII.
1100 1603 1154 1666 22.

91 1701 186 1768 Hae
221 1703 308 1768 inter
343 1701 489 1768 eonsules
524 1699 732 1788 tribunosque
767 1699 998 1766 altereationes
1034 1711 1156 1767 temese

94 1803 320 1889 transposuit,
334 1803 393 1868 sed
415 1803 513 1868 etiam
536 1801 611 1867 Lib.
632 1801 769 1868 XXXI.
792 1804 824 1868 5.
849 1802 966 1888 quibas
987 1802 1072 1889 ipsis
1090 1803 1157 1867 diis

95 1907 270 1972 videretur
290 1925 351 1990 pro
374 1904 492 1990 quibas
513 1904 579 1969 diis
600 1903 683 1990 ipsis
705 1903 881 1982 sideream,
897 1924 969 1988 cap.
985 1904 1038 1968 30.
1054 1925 1158 1990 neqae

96 2030 138 2074 se
157 2008 199 2072 id
214 2007 309 2094 qaeri
330 2028 391 2093 pso
408 2025 512 2092 aeqae
532 2005 570 2069 id
587 2027 622 2070 se
642 2005 749 2092 qaeri,
765 2003 841 2069 Lib.
858 2001 1013 2069 XXXII.
1028 2006 1081 2069 ab.
1094 2027 1158 2091 per

99 2111 191 2175 diem
210 2117 310 2174 totam
326 2107 461 2173 habitae
481 2129 542 2192 pso
555 2128 623 2194 per
641 2113 742 2172 totam
756 2104 840 2170 diem
853 2103 998 2183 habitae,
1013 2127 1086 2192 cap.
1102 2107 1156 2171 m.

99 2211 270 2298 disposita
285 2210 464 2295 praesidia
484 2209 566 2274 aidis
584 2210 683 2296 regia
701 2229 764 2294 pro
783 2207 946 2293 disposita
964 2207 1045 2272 oidit
1056 2229 1158 2293 prae-

101 2313 197 2379 sidia
210 2312 319 2398 regia,
334 2331 407 2398 esp.
423 2312 475 2376 28.
496 2311 531 2376 in
552 2310 626 2397 ipso
646 2318 764 2376 conata
788 2309 864 2374 belli
882 2309 1022 2395 gerendi
1043 2330 1105 2394 pro
1123 2309 1159 2374 irs

101 2420 180 2505 ipso
211 2424 329 2481 conata
359 2414 498 2502 gerendi
531 2414 617 2492 beili,
648 2412 724 2481 Lib.
753 2409 925 2478 XXXIV.
955 2413 986 2477 9.
1018 2422 1160 2498 quantae

102 2519 250 2585 hostiam
262 2526 368 2585 essent
382 2516 498 2605 copiae
511 2538 573 2602 pro
588 2524 730 2602 quantae
748 2514 887 2579 hostiam
906 2512 1024 2599 copiae
1039 2521 1158 2591 essent,

102 2621 187 2687 Lib.
214 2618 368 2685 XXXV.
394 2621 426 2683 3.
454 2618 550 2683 dasii
575 2618 622 2682 ad
643 2617 746 2681 Pisas
772 2636 834 2700 pro
858 2613 906 2677 ad
926 2613 1030 2677 Pisas
1053 2614 1159 2693 desit,

103 2744 181 2808 asp.
200 2721 253 2784 43.
276 2720 410 2807 differre
430 2719 464 2783 irs
487 2718 665 2783 Graeciam
681 2715 919 2805 presedissem
940 2736 1002 2800 pro
1024 2714 1161 2801 differre

101 2823 343 2911 prosectionem
364 2822 400 2885 in
422 2820 610 2898 Graeciam,
633 2828 667 2883 et
689 2817 766 2885 Lib.
790 2815 995 2883 XXXVIII.
1020 2816 1072 2881 30.
1096 2836 1160 2901 qao

20 2968 25 2981 ·
104 2946 162 2992 res
169 2923 319 3011 postulet
331 2944 393 3008 pro
409 2942 472 3008 qao
480 2920 627 3009 passales
645 2940 711 2997 res,
726 2938 811 3005 quae
831 2940 897 2985 non
916 2917 1161 3003 transponenda

106 3046 184 3092 esse
205 3024 359 3090 librarius
382 3024 465 3109 ipse,
487 3023 521 3087 id
544 3020 632 3108 quod
650 3020 841 3087 Goellerum
863 3022 1041 3107 praeteriit,
1064 3018 1161 3086 solito

107 3150 200 3195 more
221 3124 425 3212 significavit,
439 3126 473 3191 in
493 3124 648 3191 orationis
668 3133 858 3189 contextum
878 3121 1022 3207 recepit:
1045 3131 1161 3187 contro

107 3253 160 3309 es,
191 3250 293 3314 quum
321 3224 497 3293 Goellerus
533 3235 653 3303 taceat,
687 3223 764 3289 Lib.
795 3220 967 3287 XXXIII.
999 3222 1050 3286 10.
1087 3229 1161 3285 acto

109 3333 250 3399 bostiam
277 3330 370 3395 milia
397 3350 458 3415 pso
488 3336 560 3394 octo
589 3325 681 3392 milia
709 3324 858 3402 hostium,
887 3323 978 3408 quod
1010 3344 1053 3387 ex
1086 3320 1159 3387 cod.

110 3435 227 3501 Bamb.
239 3433 383 3519 reposui,
394 3453 464 3517 cap.
478 3432 527 3496 13.
537 3429 638 3515 pacis
650 3428 875 3503 maturandae,
886 3424 1162 3490 euimasuranaae

109 3536 206 3621 pacis
235 3534 498 3600 substituendum
527 3552 601 3597 esse
625 3528 777 3595 librarius
800 3527 912 3593 itidem
937 3526 1104 3602 indicavit,
1127 3534 1163 3589 et

113 3660 185 3723 cap.
206 3637 253 3703 17.
269 3656 375 3701 omnes
383 3634 503 3723 populi
518 3631 730 3699 Acarnaniae
749 3651 810 3715 pro
829 3650 937 3694 omnes
951 3626 1163 3693 Acarnaniae

147 3884 264 3943 soVide,
280 3880 619 3946 quaeadlob.XXXI.11.
651 3886 687 3929 esr
704 3880 733 3927 ia
751 3879 881 3928 maman
902 3876 936 3924 aa
955 3875 1030 3925 socios
1052 3874 1162 3936 masada,

115 3950 298 4029 adoIescassiae,
324 3962 379 4010 esp.
405 3959 441 4025 ¹.4·
467 3953 492 3997 es
515 3946 621 4019 milisam
653 3958 707 4005 cap.
720 3956 759 4006 ⁹9·
773 3942 930 4018 ἐπωμίσι
944 3945 1093 3996 saaosaras,
1106 3952 1161 3998 esp.

115 4008 620 4138 cgnffleglmfflaaffiwhffi
652 4005 1057 4129 Ii4ss's,mL1⁰IimXXXVbIII’28oeIin
1062 4015 1163 4126 aaut

116 4142 169 4191 Lib.
178 4139 321 4190 XXXIII.
336 4140 372 4187 18.
383 4138 554 4199 recuperandi,
565 4134 621 4185 Lib.
654 4134 709 4184 Lib.
720 4131 937 4189 xxxvl11.40.
947 4146 994 4192 prr
1005 4132 1079 4181 calles
1086 4136 1162 4189 nosos,

117 4203 253 4256 XXXIV.
267 4200 304 4251 26.
315 4204 360 4251 alii
371 4203 402 4251 ab
412 4203 469 4250 alia
476 4202 554 4264 prasi,
565 4214 621 4260 oap-
654 4196 763 4261 aliosque
772 4197 841 4246 locos
850 4192 1028 4245 annotavimus.

116 4274 284 4329 marsnam,
292 4266 347 4319 Lib.
355 4264 474 4317 XXXV.
485 4279 523 4315 ss.
535 4265 622 4313 misna
