<?xml version="1.0" encoding="UTF-8"?>
<!DOCTYPE html PUBLIC "-//W3C//DTD XHTML 1.0 Transitional//EN"
    "http://www.w3.org/TR/xhtml1/DTD/xhtml1-transitional.dtd">
<html xmlns="http://www.w3.org/1999/xhtml" xml:lang="en" lang="en">
 <head>
  <title>
</title>
<meta http-equiv="Content-Type" content="text/html;charset=utf-8" />
  <meta name='ocr-system' content='tesseract 3.04.00' />
  <meta name='ocr-capabilities' content='ocr_page ocr_carea ocr_par ocr_line ocrx_word'/>
</head>
<body>
  <div class='ocr_page' id='page_1' title='image "./tliviipatavinih01kreygoog/tliviipatavinih01kreygoog_0289.png"; bbox 0 0 2934 4800; ppageno 0'>
   <div class='ocr_carea' id='block_1_1' title="bbox 244 168 1128 242">
    <p class='ocr_par' dir='ltr' id='par_1_1' title="bbox 244 168 1128 242">
     <span class='ocr_line' id='line_1_1' title="bbox 244 168 1128 242; baseline 0.002 -2"><span class='ocrx_word' id='word_1_1' title='bbox 244 171 386 240; x_wconf 88' lang='grc' dir='ltr'>ΤΙΤΙ</span> <span class='ocrx_word' id='word_1_2' title='bbox 412 171 551 241; x_wconf 89' lang='lat' dir='ltr'>LIVII</span> <span class='ocrx_word' id='word_1_3' title='bbox 578 168 930 239; x_wconf 81' lang='lat' dir='ltr'><strong>FRAGMENTA.</strong></span> <span class='ocrx_word' id='word_1_4' title='bbox 1064 175 1128 242; x_wconf 75' lang='lat'><strong>279</strong></span> 
     </span>
    </p>
   </div>
   <div class='ocr_carea' id='block_1_2' title="bbox 430 451 776 520">
    <p class='ocr_par' dir='ltr' id='par_1_2' title="bbox 430 451 776 520">
     <span class='ocr_line' id='line_1_2' title="bbox 430 451 776 520; baseline -0.003 -1"><span class='ocrx_word' id='word_1_5' title='bbox 430 451 517 520; x_wconf 73' lang='lat' dir='ltr'><strong>*Ex</strong></span> <span class='ocrx_word' id='word_1_6' title='bbox 531 454 587 518; x_wconf 82' lang='lat' dir='ltr'><strong>lib.</strong></span> <span class='ocrx_word' id='word_1_7' title='bbox 603 451 776 518; x_wconf 82' lang='lat' dir='ltr'><em>XCVIII.</em></span> 
     </span>
    </p>
   </div>
   <div class='ocr_carea' id='block_1_3' title="bbox 35 577 1127 1359">
    <p class='ocr_par' dir='ltr' id='par_1_3' title="bbox 35 577 1127 1015">
     <span class='ocr_line' id='line_1_3' title="bbox 36 577 1127 671; baseline 0.007 -28"><span class='ocrx_word' id='word_1_8' title='bbox 36 577 196 646; x_wconf 83' lang='lat' dir='ltr'><strong>Livius</strong></span> <span class='ocrx_word' id='word_1_9' title='bbox 220 583 304 661; x_wconf 76' lang='lat' dir='ltr'><strong>ait,</strong></span> <span class='ocrx_word' id='word_1_10' title='bbox 318 605 484 671; x_wconf 78' lang='lat' dir='ltr'><strong>nonquam</strong></span> <span class='ocrx_word' id='word_1_11' title='bbox 500 587 664 650; x_wconf 82' lang='lat' dir='ltr'><strong>Romanos</strong></span> <span class='ocrx_word' id='word_1_12' title='bbox 699 584 709 599; x_wconf 72' lang='lat'><strong>⁴</strong></span> <span class='ocrx_word' id='word_1_13' title='bbox 755 606 774 648; x_wconf 89' lang='lat' dir='ltr'><strong>a</strong></span> <span class='ocrx_word' id='word_1_14' title='bbox 793 605 867 649; x_wconf 87' lang='lat' dir='ltr'><strong>cum</strong></span> <span class='ocrx_word' id='word_1_15' title='bbox 886 583 1030 650; x_wconf 81' lang='lat' dir='ltr'>hostibus</span> <span class='ocrx_word' id='word_1_16' title='bbox 1049 608 1127 651; x_wconf 89' lang='lat' dir='ltr'><strong>con·</strong></span> 
     </span>
     <span class='ocr_line' id='line_1_4' title="bbox 35 665 1126 758; baseline 0.01 -31"><span class='ocrx_word' id='word_1_17' title='bbox 35 665 128 730; x_wconf 72' lang='lat' dir='ltr'><strong>iisse</strong></span> <span class='ocrx_word' id='word_1_18' title='bbox 161 683 297 735; x_wconf 81' lang='lat' dir='ltr'><strong>tanto</strong></span> <span class='ocrx_word' id='word_1_19' title='bbox 320 693 455 736; x_wconf 90' lang='lat' dir='ltr'><strong>numero</strong></span> <span class='ocrx_word' id='word_1_20' title='bbox 476 671 649 736; x_wconf 76' lang='lat' dir='ltr'><strong>inferiores.</strong></span> <span class='ocrx_word' id='word_1_21' title='bbox 730 693 813 756; x_wconf 88' lang='lat' dir='ltr'><strong>eque</strong></span> <span class='ocrx_word' id='word_1_22' title='bbox 836 671 920 736; x_wconf 90' lang='lat' dir='ltr'><strong>euim</strong></span> <span class='ocrx_word' id='word_1_23' title='bbox 941 671 1126 758; x_wconf 74' lang='lat' dir='ltr'><strong>vigesimam</strong></span> 
     </span>
     <span class='ocr_line' id='line_1_5' title="bbox 36 754 1126 844; baseline 0.007 -28"><span class='ocrx_word' id='word_1_24' title='bbox 36 754 309 839; x_wconf 84' lang='lat' dir='ltr'><strong>opemodum</strong></span> <span class='ocrx_word' id='word_1_25' title='bbox 322 770 456 844; x_wconf 81' lang='lat' dir='ltr'><strong>partem,</strong></span> <span class='ocrx_word' id='word_1_26' title='bbox 472 757 537 822; x_wconf 93' lang='lat' dir='ltr'><strong>imo</strong></span> <span class='ocrx_word' id='word_1_27' title='bbox 551 779 612 821; x_wconf 87' lang='lat' dir='ltr'><strong>nec</strong></span> <span class='ocrx_word' id='word_1_28' title='bbox 626 756 793 835; x_wconf 85' lang='lat' dir='ltr'><strong>minorem,</strong></span> <span class='ocrx_word' id='word_1_29' title='bbox 805 779 842 822; x_wconf 88' lang='lat' dir='ltr'><strong>ae</strong></span> <span class='ocrx_word' id='word_1_30' title='bbox 867 771 982 822; x_wconf 82' lang='lat' dir='ltr'><strong>uerunt</strong></span> <span class='ocrx_word' id='word_1_31' title='bbox 992 758 1126 824; x_wconf 77' lang='lat' dir='ltr'><strong>victores</strong></span> 
     </span>
     <span class='ocr_line' id='line_1_6' title="bbox 35 781 1123 936; baseline 0.008 -34"><span class='ocrx_word' id='word_1_32' title='bbox 35 853 214 906; x_wconf 84' lang='lat' dir='ltr'><strong>etorum.</strong></span> <span class='ocrx_word' id='word_1_33' title='bbox 294 845 466 908; x_wconf 75' lang='lat' dir='ltr'><strong>Plutarch.</strong></span> <span class='ocrx_word' id='word_1_34' title='bbox 493 844 621 936; x_wconf 77' lang='lat' dir='ltr'><strong>Lucull.</strong></span> <span class='ocrx_word' id='word_1_35' title='bbox 649 865 724 930; x_wconf 79' lang='lat' dir='ltr'><strong>cap.</strong></span> <span class='ocrx_word' id='word_1_36' title='bbox 750 847 802 907; x_wconf 84' lang='lat'><strong>28.</strong></span> <span class='ocrx_word' id='word_1_37' title='bbox 844 781 900 930; x_wconf 57' lang='lat' dir='ltr'><strong>ly.</strong></span> <span class='ocrx_word' id='word_1_38' title='bbox 925 845 1123 911; x_wconf 79' lang='lat' dir='ltr'><strong>Freimhem.</strong></span> 
     </span>
     <span class='ocr_line' id='line_1_7' title="bbox 35 929 403 1015; baseline 0.011 -27"><span class='ocrx_word' id='word_1_39' title='bbox 35 950 55 988; x_wconf 80' lang='lat' dir='ltr'><strong>u</strong></span> <span class='ocrx_word' id='word_1_40' title='bbox 118 929 218 992; x_wconf 82' lang='lat' dir='ltr'><strong>lem.</strong></span> <span class='ocrx_word' id='word_1_41' title='bbox 243 952 333 1015; x_wconf 82' lang='lat' dir='ltr'><strong>cap.</strong></span> <span class='ocrx_word' id='word_1_42' title='bbox 348 934 403 994; x_wconf 85' lang='lat'><strong>49.</strong></span> 
     </span>
    </p>

    <p class='ocr_par' dir='ltr' id='par_1_4' title="bbox 35 1012 1124 1359">
     <span class='ocr_line' id='line_1_8' title="bbox 107 1012 1124 1114; baseline 0.007 -39"><span class='ocrx_word' id='word_1_43' title='bbox 107 1012 206 1077; x_wconf 83' lang='lat' dir='ltr'><strong>vius</strong></span> <span class='ocrx_word' id='word_1_44' title='bbox 226 1028 356 1079; x_wconf 81' lang='lat' dir='ltr'><strong>auctor</strong></span> <span class='ocrx_word' id='word_1_45' title='bbox 369 1027 427 1092; x_wconf 83' lang='lat' dir='ltr'><strong>est,</strong></span> <span class='ocrx_word' id='word_1_46' title='bbox 438 1014 542 1101; x_wconf 87' lang='lat' dir='ltr'><strong>priore</strong></span> <span class='ocrx_word' id='word_1_47' title='bbox 558 1013 680 1102; x_wconf 89' lang='lat' dir='ltr'><strong>proelio</strong></span> <span class='ocrx_word' id='word_1_48' title='bbox 693 1012 751 1114; x_wconf 79' lang='lat' dir='ltr'><strong>(ad</strong></span> <span class='ocrx_word' id='word_1_49' title='bbox 763 1013 803 1080; x_wconf 84' lang='lat' dir='ltr'><strong>T&#39;</strong></span> <span class='ocrx_word' id='word_1_50' title='bbox 862 1020 1006 1100; x_wconf 83' lang='lat' dir='ltr'><strong>nocerta)</strong></span> <span class='ocrx_word' id='word_1_51' title='bbox 1018 1015 1124 1102; x_wconf 75' lang='lat' dir='ltr'><strong>plures</strong></span> 
     </span>
     <span class='ocr_line' id='line_1_9' title="bbox 35 1095 1124 1188; baseline 0.008 -29"><span class='ocrx_word' id='word_1_52' title='bbox 35 1095 135 1174; x_wconf 65' lang='lat' dir='ltr'><strong>usse,</strong></span> <span class='ocrx_word' id='word_1_53' title='bbox 166 1099 217 1162; x_wconf 89' lang='lat' dir='ltr'><strong>in</strong></span> <span class='ocrx_word' id='word_1_54' title='bbox 247 1099 321 1165; x_wconf 89' lang='lat' dir='ltr'><strong>hoc</strong></span> <span class='ocrx_word' id='word_1_55' title='bbox 342 1099 399 1188; x_wconf 90' lang='lat' dir='ltr'><strong>(ad</strong></span> <span class='ocrx_word' id='word_1_56' title='bbox 418 1099 589 1186; x_wconf 83' lang='lat' dir='ltr'><strong>Artaxata)</strong></span> <span class='ocrx_word' id='word_1_57' title='bbox 609 1099 781 1165; x_wconf 78' lang='lat' dir='ltr'><strong>nobiliores</strong></span> <span class='ocrx_word' id='word_1_58' title='bbox 826 1100 942 1166; x_wconf 81' lang='lat' dir='ltr'><strong>ostium</strong></span> <span class='ocrx_word' id='word_1_59' title='bbox 963 1123 1069 1166; x_wconf 76' lang='lat' dir='ltr'><strong>caesos</strong></span> <span class='ocrx_word' id='word_1_60' title='bbox 1090 1113 1124 1168; x_wconf 90' lang='lat' dir='ltr'><strong>et</strong></span> 
     </span>
     <span class='ocr_line' id='line_1_10' title="bbox 36 1185 1124 1332; baseline 0.004 -83"><span class='ocrx_word' id='word_1_61' title='bbox 36 1198 156 1332; x_wconf 52' lang='lat' dir='ltr'><strong>{ptos</strong></span> <span class='ocrx_word' id='word_1_62' title='bbox 221 1185 409 1252; x_wconf 73' lang='lat' dir='ltr'><strong><em>Plutarch.</em></strong></span> <span class='ocrx_word' id='word_1_63' title='bbox 425 1187 554 1253; x_wconf 77' lang='lat' dir='ltr'><strong>Lucull.</strong></span> <span class='ocrx_word' id='word_1_64' title='bbox 570 1209 644 1276; x_wconf 82' lang='lat' dir='ltr'><strong>cap.</strong></span> <span class='ocrx_word' id='word_1_65' title='bbox 661 1191 713 1253; x_wconf 82' lang='lat'><strong>31.</strong></span> <span class='ocrx_word' id='word_1_66' title='bbox 763 1188 816 1274; x_wconf 70' lang='lat' dir='ltr'><strong>Cf.</strong></span> <span class='ocrx_word' id='word_1_67' title='bbox 830 1187 1025 1253; x_wconf 75' lang='lat' dir='ltr'><strong>Freimlem.</strong></span> <span class='ocrx_word' id='word_1_68' title='bbox 1039 1189 1124 1275; x_wconf 82' lang='lat' dir='ltr'><strong>Sap-</strong></span> 
     </span>
     <span class='ocr_line' id='line_1_11' title="bbox 45 1277 328 1359; baseline 0.011 -25"><span class='ocrx_word' id='word_1_69' title='bbox 45 1293 126 1336; x_wconf 77' lang='lat' dir='ltr'><strong>em.</strong></span> <span class='ocrx_word' id='word_1_70' title='bbox 149 1293 254 1359; x_wconf 79' lang='lat' dir='ltr'><strong>cap.</strong></span> <span class='ocrx_word' id='word_1_71' title='bbox 276 1277 328 1338; x_wconf 78' lang='lat'><strong>73.</strong></span> 
     </span>
    </p>
   </div>
   <div class='ocr_carea' id='block_1_4' title="bbox 441 1473 752 1541">
    <p class='ocr_par' dir='ltr' id='par_1_5' title="bbox 441 1473 752 1541">
     <span class='ocr_line' id='line_1_12' title="bbox 441 1473 752 1541; baseline -0.003 0"><span class='ocrx_word' id='word_1_72' title='bbox 441 1473 459 1508; x_wconf 74' lang='lat'>⁸</span> <span class='ocrx_word' id='word_1_73' title='bbox 471 1475 530 1541; x_wconf 75' lang='lat' dir='ltr'><strong>Ex</strong></span> <span class='ocrx_word' id='word_1_74' title='bbox 545 1475 601 1541; x_wconf 83' lang='lat' dir='ltr'><strong>lib.</strong></span> <span class='ocrx_word' id='word_1_75' title='bbox 617 1473 752 1541; x_wconf 74' lang='lat' dir='ltr'><strong><em>XCIX,</em></strong></span> 
     </span>
    </p>
   </div>
   <div class='ocr_carea' id='block_1_5' title="bbox 39 1605 1122 2015">
    <p class='ocr_par' dir='ltr' id='par_1_6' title="bbox 39 1605 1122 2015">
     <span class='ocr_line' id='line_1_13' title="bbox 78 1605 1121 1696; baseline 0.001 -25"><span class='ocrx_word' id='word_1_76' title='bbox 78 1605 205 1672; x_wconf 84' lang='lat' dir='ltr'><strong>Creta</strong></span> <span class='ocrx_word' id='word_1_77' title='bbox 239 1608 349 1696; x_wconf 91' lang='lat' dir='ltr'><strong>primo</strong></span> <span class='ocrx_word' id='word_1_78' title='bbox 378 1606 510 1695; x_wconf 90' lang='lat' dir='ltr'><strong>quidem</strong></span> <span class='ocrx_word' id='word_1_79' title='bbox 538 1619 669 1674; x_wconf 86' lang='lat' dir='ltr'><strong>eentum</strong></span> <span class='ocrx_word' id='word_1_80' title='bbox 697 1607 809 1674; x_wconf 80' lang='lat' dir='ltr'><strong>habuit</strong></span> <span class='ocrx_word' id='word_1_81' title='bbox 837 1607 1000 1684; x_wconf 59' lang='lat' dir='ltr'><strong>civitatem</strong></span> <span class='ocrx_word' id='word_1_82' title='bbox 1034 1606 1121 1673; x_wconf 88' lang='lat' dir='ltr'><strong>unde</strong></span> 
     </span>
     <span class='ocr_line' id='line_1_14' title="bbox 39 1690 1122 1781; baseline 0.002 -25"><span class='ocrx_word' id='word_1_83' title='bbox 39 1690 224 1758; x_wconf 60' lang='lat' dir='ltr'><strong>Hecatom</strong></span> <span class='ocrx_word' id='word_1_84' title='bbox 275 1694 315 1760; x_wconf 83' lang='lat' dir='ltr'><strong>lia</strong></span> <span class='ocrx_word' id='word_1_85' title='bbox 336 1694 423 1760; x_wconf 78' lang='lat' dir='ltr'><strong>dicta</strong></span> <span class='ocrx_word' id='word_1_86' title='bbox 447 1707 515 1759; x_wconf 67' lang='lat' dir='ltr'><strong>este</strong></span> <span class='ocrx_word' id='word_1_87' title='bbox 601 1707 615 1759; x_wconf 83' lang='lat' dir='ltr'><strong>t</strong></span> <span class='ocrx_word' id='word_1_88' title='bbox 639 1693 754 1781; x_wconf 76' lang='lat' dir='ltr'><strong>viginti</strong></span> <span class='ocrx_word' id='word_1_89' title='bbox 776 1706 946 1781; x_wconf 86' lang='lat' dir='ltr'><strong>quattuor:</strong></span> <span class='ocrx_word' id='word_1_90' title='bbox 974 1692 1060 1770; x_wconf 88' lang='lat' dir='ltr'><strong>inde,</strong></span> <span class='ocrx_word' id='word_1_91' title='bbox 1084 1705 1122 1758; x_wconf 87' lang='lat' dir='ltr'><strong>ut</strong></span> 
     </span>
     <span class='ocr_line' id='line_1_15' title="bbox 44 1777 1120 1868; baseline 0.005 -27"><span class='ocrx_word' id='word_1_92' title='bbox 44 1777 185 1857; x_wconf 85' lang='lat' dir='ltr'><strong>licitur,</strong></span> <span class='ocrx_word' id='word_1_93' title='bbox 234 1804 304 1858; x_wconf 81' lang='lat' dir='ltr'><strong>uae,</strong></span> <span class='ocrx_word' id='word_1_94' title='bbox 322 1780 472 1846; x_wconf 82' lang='lat' dir='ltr'><strong>Gnoeaon</strong></span> <span class='ocrx_word' id='word_1_95' title='bbox 491 1791 525 1845; x_wconf 88' lang='lat' dir='ltr'><strong>et</strong></span> <span class='ocrx_word' id='word_1_96' title='bbox 580 1781 787 1868; x_wconf 80' lang='lat' dir='ltr'><strong>ieropytnam.</strong></span> <span class='ocrx_word' id='word_1_97' title='bbox 835 1779 989 1856; x_wconf 80' lang='lat' dir='ltr'><strong>Quamvis</strong></span> <span class='ocrx_word' id='word_1_98' title='bbox 1009 1779 1120 1846; x_wconf 83' lang='lat' dir='ltr'><strong>Livius</strong></span> 
     </span>
     <span class='ocr_line' id='line_1_16' title="bbox 42 1863 1118 2015; baseline 0.003 -84"><span class='ocrx_word' id='word_1_99' title='bbox 42 1863 160 2015; x_wconf 58' lang='lat' dir='ltr'><strong>pippee</strong></span> <span class='ocrx_word' id='word_1_100' title='bbox 178 1890 204 1931; x_wconf 87' lang='lat' dir='ltr'><strong>a</strong></span> <span class='ocrx_word' id='word_1_101' title='bbox 223 1867 364 1933; x_wconf 87' lang='lat' dir='ltr'><strong>Metello</strong></span> <span class='ocrx_word' id='word_1_102' title='bbox 378 1880 577 1955; x_wconf 81' lang='lat' dir='ltr'><strong>expugnatas</strong></span> <span class='ocrx_word' id='word_1_103' title='bbox 591 1866 686 1932; x_wconf 86' lang='lat' dir='ltr'><strong>dicat.</strong></span> <span class='ocrx_word' id='word_1_104' title='bbox 732 1869 825 1933; x_wconf 83' lang='lat' dir='ltr'><strong>Sero.</strong></span> <span class='ocrx_word' id='word_1_105' title='bbox 842 1869 889 1932; x_wconf 80' lang='lat' dir='ltr'><strong>acl</strong></span> <span class='ocrx_word' id='word_1_106' title='bbox 907 1868 1024 1955; x_wconf 83' lang='lat' dir='ltr'><strong>Virgil.</strong></span> <span class='ocrx_word' id='word_1_107' title='bbox 1038 1867 1118 1934; x_wconf 84' lang='lat' dir='ltr'><strong>Aea.</strong></span> 
     </span>
    </p>
   </div>
   <div class='ocr_carea' id='block_1_6' title="bbox 467 2153 725 2220">
    <p class='ocr_par' dir='ltr' id='par_1_7' title="bbox 467 2153 725 2220">
     <span class='ocr_line' id='line_1_17' title="bbox 467 2153 725 2220; baseline -0.004 0"><span class='ocrx_word' id='word_1_108' title='bbox 467 2153 554 2220; x_wconf 79' lang='lat' dir='ltr'><strong>*Ex</strong></span> <span class='ocrx_word' id='word_1_109' title='bbox 568 2154 625 2218; x_wconf 81' lang='lat' dir='ltr'><strong>lib.</strong></span> <span class='ocrx_word' id='word_1_110' title='bbox 644 2153 725 2220; x_wconf 85' lang='lat' dir='ltr'><strong><em>CII.</em></strong></span> 
     </span>
    </p>
   </div>
   <div class='ocr_carea' id='block_1_7' title="bbox 56 2287 1119 3215">
    <p class='ocr_par' dir='ltr' id='par_1_8' title="bbox 56 2287 1117 2443">
     <span class='ocr_line' id='line_1_18' title="bbox 56 2287 1117 2443; baseline 0.001 -88"><span class='ocrx_word' id='word_1_111' title='bbox 56 2287 215 2443; x_wconf 52' lang='grc' dir='ltr'><strong>ωζ(ὶέιόιὶ</strong></span> <span class='ocrx_word' id='word_1_112' title='bbox 231 2313 331 2378; x_wconf 88' lang='lat' dir='ltr'><strong>quum</strong></span> <span class='ocrx_word' id='word_1_113' title='bbox 345 2289 498 2356; x_wconf 73' lang='lat' dir='ltr'><strong>diluisset.</strong></span> <span class='ocrx_word' id='word_1_114' title='bbox 544 2289 726 2376; x_wconf 71' lang='lat' dir='ltr'><strong>Agroetim</strong></span> <span class='ocrx_word' id='word_1_115' title='bbox 740 2291 780 2354; x_wconf 83' lang='lat' dir='ltr'><strong>de</strong></span> <span class='ocrx_word' id='word_1_116' title='bbox 798 2289 954 2378; x_wconf 77' lang='lat' dir='ltr'><strong>Orthogr.</strong></span> <span class='ocrx_word' id='word_1_117' title='bbox 965 2313 1004 2377; x_wconf 84' lang='lat' dir='ltr'><strong>p.</strong></span> <span class='ocrx_word' id='word_1_118' title='bbox 1020 2292 1117 2358; x_wconf 79' lang='lat'>2267.</span> 
     </span>
     <span class='ocr_line' id='line_1_19' title="bbox 184 2379 271 2443; baseline 0 0"><span class='ocrx_word' id='word_1_119' title='bbox 184 2379 271 2443; x_wconf 72' lang='lat' dir='ltr'><strong>trel.</strong></span> 
     </span>
    </p>

    <p class='ocr_par' dir='ltr' id='par_1_9' title="bbox 62 2458 1119 3215">
     <span class='ocr_line' id='line_1_20' title="bbox 104 2458 1119 2551; baseline 0.005 -27"><span class='ocrx_word' id='word_1_120' title='bbox 104 2458 248 2528; x_wconf 84' lang='lat' dir='ltr'><strong>Etenim</strong></span> <span class='ocrx_word' id='word_1_121' title='bbox 267 2476 359 2551; x_wconf 86' lang='lat' dir='ltr'><strong>capta</strong></span> <span class='ocrx_word' id='word_1_122' title='bbox 380 2463 459 2528; x_wconf 89' lang='lat' dir='ltr'><strong>orbe</strong></span> <span class='ocrx_word' id='word_1_123' title='bbox 477 2460 641 2549; x_wconf 83' lang='lat' dir='ltr'><strong>(Hiemeol</strong></span> <span class='ocrx_word' id='word_1_124' title='bbox 697 2482 717 2527; x_wconf 77' lang='lat' dir='ltr'><strong>a</strong></span> <span class='ocrx_word' id='word_1_125' title='bbox 730 2482 751 2526; x_wconf 90' lang='lat' dir='ltr'><strong>a</strong></span> <span class='ocrx_word' id='word_1_126' title='bbox 766 2460 828 2526; x_wconf 84' lang='lat' dir='ltr'><strong>On.</strong></span> <span class='ocrx_word' id='word_1_127' title='bbox 841 2460 1012 2549; x_wconf 88' lang='lat' dir='ltr'><strong>Pompeio)</strong></span> <span class='ocrx_word' id='word_1_128' title='bbox 1026 2462 1119 2529; x_wconf 78' lang='lat' dir='ltr'><strong>tertio</strong></span> 
     </span>
     <span class='ocr_line' id='line_1_21' title="bbox 62 2546 1119 2636; baseline 0.003 -25"><span class='ocrx_word' id='word_1_129' title='bbox 62 2546 200 2614; x_wconf 85' lang='lat' dir='ltr'><strong>demam</strong></span> <span class='ocrx_word' id='word_1_130' title='bbox 232 2571 351 2627; x_wconf 77' lang='lat' dir='ltr'><strong>menae,</strong></span> <span class='ocrx_word' id='word_1_131' title='bbox 380 2548 433 2613; x_wconf 89' lang='lat' dir='ltr'><strong>die</strong></span> <span class='ocrx_word' id='word_1_132' title='bbox 463 2548 584 2625; x_wconf 84' lang='lat' dir='ltr'><strong>ieiunii,</strong></span> <span class='ocrx_word' id='word_1_133' title='bbox 616 2547 648 2613; x_wconf 94' lang='lat'>0</span> <span class='ocrx_word' id='word_1_134' title='bbox 715 2547 810 2636; x_wconf 79' lang='lat' dir='ltr'><strong>piade</strong></span> <span class='ocrx_word' id='word_1_135' title='bbox 843 2546 1017 2613; x_wconf 81' lang='lat' dir='ltr'><strong>centesima</strong></span> <span class='ocrx_word' id='word_1_136' title='bbox 1048 2570 1119 2636; x_wconf 84' lang='lat' dir='ltr'><strong>sep·</strong></span> 
     </span>
     <span class='ocr_line' id='line_1_22' title="bbox 63 2570 1119 2786; baseline -0.002 -85"><span class='ocrx_word' id='word_1_137' title='bbox 63 2636 248 2786; x_wconf 42' lang='lat' dir='ltr'><strong>mazeum</strong></span> <span class='ocrx_word' id='word_1_138' title='bbox 267 2656 362 2713; x_wconf 88' lang='lat' dir='ltr'><strong>nona,</strong></span> <span class='ocrx_word' id='word_1_139' title='bbox 388 2634 425 2700; x_wconf 88' lang='lat' dir='ltr'><strong>C.</strong></span> <span class='ocrx_word' id='word_1_140' title='bbox 439 2633 585 2700; x_wconf 84' lang='lat' dir='ltr'><strong>Antonio</strong></span> <span class='ocrx_word' id='word_1_141' title='bbox 608 2645 642 2698; x_wconf 91' lang='lat' dir='ltr'><strong>et</strong></span> <span class='ocrx_word' id='word_1_142' title='bbox 659 2570 713 2700; x_wconf 57' lang='lat' dir='ltr'><strong>ppt</strong></span> <span class='ocrx_word' id='word_1_143' title='bbox 732 2632 842 2699; x_wconf 69' lang='lat' dir='ltr'><strong>&#39;mllio</strong></span> <span class='ocrx_word' id='word_1_144' title='bbox 865 2634 1021 2700; x_wconf 81' lang='lat' dir='ltr'><strong>Cicerone</strong></span> <span class='ocrx_word' id='word_1_145' title='bbox 1042 2656 1119 2700; x_wconf 88' lang='lat' dir='ltr'><strong>eon-</strong></span> 
     </span>
     <span class='ocr_line' id='line_1_23' title="bbox 67 2719 1117 2810; baseline 0.003 -27"><span class='ocrx_word' id='word_1_146' title='bbox 67 2720 127 2784; x_wconf 84' lang='lat' dir='ltr'><strong>euli</strong></span> <span class='ocrx_word' id='word_1_147' title='bbox 151 2745 200 2801; x_wconf 78' lang='lat' dir='ltr'><strong>us,</strong></span> <span class='ocrx_word' id='word_1_148' title='bbox 216 2744 317 2810; x_wconf 88' lang='lat' dir='ltr'><strong>quum</strong></span> <span class='ocrx_word' id='word_1_149' title='bbox 336 2722 443 2787; x_wconf 76' lang='lat' dir='ltr'><strong>hostes</strong></span> <span class='ocrx_word' id='word_1_150' title='bbox 460 2720 492 2786; x_wconf 85' lang='lat' dir='ltr'><strong>vi</strong></span> <span class='ocrx_word' id='word_1_151' title='bbox 510 2719 643 2807; x_wconf 74' lang='lat' dir='ltr'><strong>ingressi</strong></span> <span class='ocrx_word' id='word_1_152' title='bbox 662 2742 726 2799; x_wconf 86' lang='lat' dir='ltr'><strong>eoe,</strong></span> <span class='ocrx_word' id='word_1_153' title='bbox 742 2720 799 2807; x_wconf 89' lang='lat' dir='ltr'><strong>qui</strong></span> <span class='ocrx_word' id='word_1_154' title='bbox 820 2732 911 2785; x_wconf 88' lang='lat' dir='ltr'><strong>erant</strong></span> <span class='ocrx_word' id='word_1_155' title='bbox 931 2720 966 2785; x_wconf 89' lang='lat' dir='ltr'><strong>in</strong></span> <span class='ocrx_word' id='word_1_156' title='bbox 988 2720 1117 2809; x_wconf 86' lang='lat' dir='ltr'><strong>templo,</strong></span> 
     </span>
     <span class='ocr_line' id='line_1_24' title="bbox 67 2804 1118 2894; baseline 0.006 -27"><span class='ocrx_word' id='word_1_157' title='bbox 67 2804 272 2894; x_wconf 78' lang='lat' dir='ltr'><strong>iugularent3</strong></span> <span class='ocrx_word' id='word_1_158' title='bbox 303 2826 422 2886; x_wconf 88' lang='lat' dir='ltr'><strong>tamen,</strong></span> <span class='ocrx_word' id='word_1_159' title='bbox 448 2806 506 2893; x_wconf 91' lang='lat' dir='ltr'><strong>qui</strong></span> <span class='ocrx_word' id='word_1_160' title='bbox 530 2827 618 2871; x_wconf 80' lang='lat' dir='ltr'><strong>aaero</strong></span> <span class='ocrx_word' id='word_1_161' title='bbox 641 2806 991 2893; x_wconf 67' lang='lat' dir='ltr'><strong>procurabantnihilo</strong></span> <span class='ocrx_word' id='word_1_162' title='bbox 1015 2808 1118 2873; x_wconf 74' lang='lat' dir='ltr'><strong>secius</strong></span> 
     </span>
     <span class='ocr_line' id='line_1_25' title="bbox 72 2892 1118 2982; baseline 0.005 -28"><span class='ocrx_word' id='word_1_163' title='bbox 72 2912 138 2956; x_wconf 86' lang='lat' dir='ltr'><strong>rem</strong></span> <span class='ocrx_word' id='word_1_164' title='bbox 152 2894 295 2959; x_wconf 89' lang='lat' dir='ltr'><strong>divinam</strong></span> <span class='ocrx_word' id='word_1_165' title='bbox 309 2894 411 2959; x_wconf 85' lang='lat' dir='ltr'><strong>facere</strong></span> <span class='ocrx_word' id='word_1_166' title='bbox 428 2892 681 2982; x_wconf 75' lang='lat' dir='ltr'><strong>perseverabant,</strong></span> <span class='ocrx_word' id='word_1_167' title='bbox 696 2914 802 2981; x_wconf 87' lang='lat' dir='ltr'><strong>neque</strong></span> <span class='ocrx_word' id='word_1_168' title='bbox 821 2905 910 2959; x_wconf 88' lang='lat' dir='ltr'><strong>metu</strong></span> <span class='ocrx_word' id='word_1_169' title='bbox 924 2894 1007 2959; x_wconf 85' lang='lat' dir='ltr'><strong>vitae</strong></span> <span class='ocrx_word' id='word_1_170' title='bbox 1025 2894 1118 2960; x_wconf 75' lang='lat' dir='ltr'><strong>amit·</strong></span> 
     </span>
     <span class='ocr_line' id='line_1_26' title="bbox 73 2978 1117 3068; baseline 0.006 -28"><span class='ocrx_word' id='word_1_171' title='bbox 73 2979 197 3058; x_wconf 75' lang='lat' dir='ltr'><strong>tentiae,</strong></span> <span class='ocrx_word' id='word_1_172' title='bbox 213 3003 320 3068; x_wconf 89' lang='lat' dir='ltr'><strong>neque</strong></span> <span class='ocrx_word' id='word_1_173' title='bbox 334 2981 375 3045; x_wconf 94' lang='lat' dir='ltr'><strong>ob</strong></span> <span class='ocrx_word' id='word_1_174' title='bbox 390 2980 558 3046; x_wconf 92' lang='lat' dir='ltr'><strong>hominum</strong></span> <span class='ocrx_word' id='word_1_175' title='bbox 572 2978 636 3043; x_wconf 91' lang='lat' dir='ltr'><strong>iam</strong></span> <span class='ocrx_word' id='word_1_176' title='bbox 649 3000 811 3043; x_wconf 75' lang='lat' dir='ltr'><strong>caesorum</strong></span> <span class='ocrx_word' id='word_1_177' title='bbox 830 2980 1069 3046; x_wconf 88' lang='lat' dir='ltr'><strong>multitudinem</strong></span> <span class='ocrx_word' id='word_1_178' title='bbox 1082 2982 1117 3046; x_wconf 90' lang='lat' dir='ltr'><strong>in</strong></span> 
     </span>
     <span class='ocr_line' id='line_1_27' title="bbox 74 3062 1117 3215; baseline 0.003 -84"><span class='ocrx_word' id='word_1_179' title='bbox 74 3062 179 3151; x_wconf 75' lang='lat' dir='ltr'><strong>lugam</strong></span> <span class='ocrx_word' id='word_1_180' title='bbox 204 3065 369 3168; x_wconf 76' lang='lat' dir='ltr'><strong>oompulsi‚</strong></span> <span class='ocrx_word' id='word_1_181' title='bbox 396 3079 430 3131; x_wconf 89' lang='lat' dir='ltr'><strong>et</strong></span> <span class='ocrx_word' id='word_1_182' title='bbox 453 3065 551 3130; x_wconf 79' lang='lat' dir='ltr'><strong>satius</strong></span> <span class='ocrx_word' id='word_1_183' title='bbox 576 3086 643 3129; x_wconf 77' lang='lat' dir='ltr'><strong>erae</strong></span> <span class='ocrx_word' id='word_1_184' title='bbox 668 3064 739 3141; x_wconf 88' lang='lat' dir='ltr'><strong>rati,</strong></span> <span class='ocrx_word' id='word_1_185' title='bbox 764 3066 916 3215; x_wconf 59' lang='lat' dir='ltr'><strong>quicpuid</strong></span> <span class='ocrx_word' id='word_1_186' title='bbox 941 3066 1009 3154; x_wconf 88' lang='lat' dir='ltr'><strong>pati</strong></span> <span class='ocrx_word' id='word_1_187' title='bbox 1034 3080 1117 3134; x_wconf 86' lang='lat' dir='ltr'><strong>easet</strong></span> 
     </span>
    </p>
   </div>
   <div class='ocr_carea' id='block_1_8' title="bbox 77 3148 1117 3738">
    <p class='ocr_par' dir='ltr' id='par_1_10' title="bbox 77 3148 1117 3738">
     <span class='ocr_line' id='line_1_28' title="bbox 77 3148 1116 3253; baseline 0.005 -40"><span class='ocrx_word' id='word_1_188' title='bbox 77 3170 211 3232; x_wconf 62' lang='lat' dir='ltr'><strong>necem,</strong></span> <span class='ocrx_word' id='word_1_189' title='bbox 225 3153 267 3218; x_wconf 84' lang='lat' dir='ltr'><strong>od</strong></span> <span class='ocrx_word' id='word_1_190' title='bbox 280 3175 364 3241; x_wconf 77' lang='lat' dir='ltr'><strong>rpem</strong></span> <span class='ocrx_word' id='word_1_191' title='bbox 377 3150 515 3253; x_wconf 81' lang='lat' dir='ltr'><strong>perferre</strong></span> <span class='ocrx_word' id='word_1_192' title='bbox 530 3171 608 3227; x_wconf 79' lang='lat' dir='ltr'><strong>arm,</strong></span> <span class='ocrx_word' id='word_1_193' title='bbox 624 3171 719 3236; x_wconf 90' lang='lat' dir='ltr'><strong>quam</strong></span> <span class='ocrx_word' id='word_1_194' title='bbox 736 3148 834 3237; x_wconf 78' lang='lat' dir='ltr'><strong>aliqui</strong></span> <span class='ocrx_word' id='word_1_195' title='bbox 870 3152 994 3239; x_wconf 83' lang='lat' dir='ltr'><strong>legibus</strong></span> <span class='ocrx_word' id='word_1_196' title='bbox 1008 3154 1116 3239; x_wconf 83' lang='lat' dir='ltr'><strong>patriis</strong></span> 
     </span>
     <span class='ocr_line' id='line_1_29' title="bbox 81 3344 1116 3562; baseline 0.002 -89"><span class='ocrx_word' id='word_1_197' title='bbox 81 3344 351 3489; x_wconf 48' lang='lat' dir='ltr'><strong>pppetpffimonio</strong></span> <span class='ocrx_word' id='word_1_198' title='bbox 369 3346 454 3489; x_wconf 57' lang='lat' dir='ltr'><strong>mint,</strong></span> <span class='ocrx_word' id='word_1_199' title='bbox 464 3409 528 3562; x_wconf 55' lang='lat' dir='ltr'><strong>gui</strong></span> <span class='ocrx_word' id='word_1_200' title='bbox 545 3345 597 3474; x_wconf 70' lang='lat' dir='ltr'><strong>reli</strong></span> <span class='ocrx_word' id='word_1_201' title='bbox 614 3431 635 3473; x_wconf 90' lang='lat' dir='ltr'><strong>a</strong></span> <span class='ocrx_word' id='word_1_202' title='bbox 650 3408 805 3497; x_wconf 91' lang='lat' dir='ltr'><strong>Pompeio</strong></span> <span class='ocrx_word' id='word_1_203' title='bbox 824 3346 926 3495; x_wconf 51' lang='lat' dir='ltr'><strong>geupgs</strong></span> <span class='ocrx_word' id='word_1_204' title='bbox 946 3410 1116 3475; x_wconf 86' lang='lat' dir='ltr'><strong>memoriae</strong></span> 
     </span>
     <span class='ocr_line' id='line_1_30' title="bbox 83 3494 1117 3583; baseline -0.003 -19"><span class='ocrx_word' id='word_1_205' title='bbox 83 3498 300 3581; x_wconf 79' lang='lat' dir='ltr'><strong>prodiderunt3</strong></span> <span class='ocrx_word' id='word_1_206' title='bbox 331 3498 366 3561; x_wconf 92' lang='lat' dir='ltr'><strong>in</strong></span> <span class='ocrx_word' id='word_1_207' title='bbox 389 3497 439 3561; x_wconf 80' lang='lat' dir='ltr'><strong>hie</strong></span> <span class='ocrx_word' id='word_1_208' title='bbox 488 3496 577 3562; x_wconf 84' lang='lat' dir='ltr'><strong>trabo</strong></span> <span class='ocrx_word' id='word_1_209' title='bbox 602 3508 637 3561; x_wconf 91' lang='lat' dir='ltr'><strong>et</strong></span> <span class='ocrx_word' id='word_1_210' title='bbox 660 3494 822 3573; x_wconf 82' lang='lat' dir='ltr'><strong>Nicolaue,</strong></span> <span class='ocrx_word' id='word_1_211' title='bbox 847 3516 884 3559; x_wconf 87' lang='lat' dir='ltr'><strong>ac</strong></span> <span class='ocrx_word' id='word_1_212' title='bbox 909 3506 1034 3583; x_wconf 85' lang='lat' dir='ltr'><strong>praeter</strong></span> <span class='ocrx_word' id='word_1_213' title='bbox 1059 3494 1117 3561; x_wconf 83' lang='lat' dir='ltr'><strong>hos</strong></span> 
     </span>
     <span class='ocr_line' id='line_1_31' title="bbox 84 3582 1115 3738; baseline 0 -89"><span class='ocrx_word' id='word_1_214' title='bbox 84 3582 414 3738; x_wconf 44' lang='grc' dir='ltr'><strong>ΤΧΙΙῐΙίνὲιιεέἰιίείοῐὶω</strong></span> <span class='ocrx_word' id='word_1_215' title='bbox 430 3584 596 3650; x_wconf 87' lang='lat' dir='ltr'><strong>Romanae</strong></span> <span class='ocrx_word' id='word_1_216' title='bbox 618 3582 761 3671; x_wconf 77' lang='lat' dir='ltr'><strong>scriptor.</strong></span> <span class='ocrx_word' id='word_1_217' title='bbox 807 3582 939 3669; x_wconf 72' lang='lat' dir='ltr'><strong>loseph.</strong></span> <span class='ocrx_word' id='word_1_218' title='bbox 950 3582 1027 3649; x_wconf 82' lang='lat' dir='ltr'><strong>Ant.</strong></span> <span class='ocrx_word' id='word_1_219' title='bbox 1040 3583 1115 3649; x_wconf 77' lang='lat' dir='ltr'><em>lud.</em></span> 
     </span>
    </p>
   </div>
   <div class='ocr_carea' id='block_1_9' title="bbox 467 3803 718 3872">
    <p class='ocr_par' dir='ltr' id='par_1_11' title="bbox 467 3803 718 3872">
     <span class='ocr_line' id='line_1_32' title="bbox 467 3803 718 3872; baseline -0.008 0"><span class='ocrx_word' id='word_1_220' title='bbox 467 3807 527 3872; x_wconf 79' lang='lat' dir='ltr'><strong>Ea</strong></span> <span class='ocrx_word' id='word_1_221' title='bbox 542 3806 598 3869; x_wconf 83' lang='lat' dir='ltr'><strong>lib.</strong></span> <span class='ocrx_word' id='word_1_222' title='bbox 618 3803 718 3870; x_wconf 87' lang='lat' dir='ltr'><em>CIII.</em></span> 
     </span>
    </p>
   </div>
   <div class='ocr_carea' id='block_1_10' title="bbox 164 3928 1019 4356">
    <p class='ocr_par' dir='ltr' id='par_1_12' title="bbox 164 3928 1019 4102">
     <span class='ocr_line' id='line_1_33' title="bbox 164 3928 1019 4029; baseline 0 -32"><span class='ocrx_word' id='word_1_223' title='bbox 164 3930 347 3998; x_wconf 84' lang='lat' dir='ltr'><strong>Horrendus</strong></span> <span class='ocrx_word' id='word_1_224' title='bbox 360 3930 461 4019; x_wconf 79' lang='lat' dir='ltr'><strong>magis</strong></span> <span class='ocrx_word' id='word_1_225' title='bbox 474 3943 532 4008; x_wconf 79' lang='lat' dir='ltr'><strong>eat,</strong></span> <span class='ocrx_word' id='word_1_226' title='bbox 589 3928 676 3994; x_wconf 91' lang='lat' dir='ltr'><strong>rimit</strong></span> <span class='ocrx_word' id='word_1_227' title='bbox 689 3930 746 4029; x_wconf 74' lang='lat' dir='ltr'><strong>qui</strong></span> <span class='ocrx_word' id='word_1_228' title='bbox 760 3951 900 4017; x_wconf 82' lang='lat' dir='ltr'><strong>corporo,</strong></span> <span class='ocrx_word' id='word_1_229' title='bbox 916 3932 1019 3997; x_wconf 86' lang='lat' dir='ltr'><strong>carbo.</strong></span> 
     </span>
     <span class='ocr_line' id='line_1_34' title="bbox 165 4018 880 4102; baseline 0 -19"><span class='ocrx_word' id='word_1_230' title='bbox 165 4018 235 4083; x_wconf 88' lang='lat' dir='ltr'><strong>Urit</strong></span> <span class='ocrx_word' id='word_1_231' title='bbox 248 4019 301 4083; x_wconf 85' lang='lat' dir='ltr'><strong>hie</strong></span> <span class='ocrx_word' id='word_1_232' title='bbox 315 4018 464 4094; x_wconf 80' lang='lat' dir='ltr'><strong>inclusus,</strong></span> <span class='ocrx_word' id='word_1_233' title='bbox 479 4018 566 4082; x_wconf 80' lang='lat' dir='ltr'><strong>rita&#39;</strong></span> <span class='ocrx_word' id='word_1_234' title='bbox 602 4028 722 4102; x_wconf 75' lang='lat' dir='ltr'><strong>rumpit</strong></span> <span class='ocrx_word' id='word_1_235' title='bbox 736 4029 880 4101; x_wconf 74' lang='lat' dir='ltr'><strong>apertmr</strong></span> 
     </span>
    </p>

    <p class='ocr_par' dir='ltr' id='par_1_13' title="bbox 165 4100 997 4356">
     <span class='ocr_line' id='line_1_35' title="bbox 166 4100 997 4192; baseline -0.001 -22"><span class='ocrx_word' id='word_1_236' title='bbox 166 4103 257 4170; x_wconf 86' lang='lat' dir='ltr'><strong>Hune</strong></span> <span class='ocrx_word' id='word_1_237' title='bbox 270 4118 393 4170; x_wconf 75' lang='lat' dir='ltr'><strong>veteres</strong></span> <span class='ocrx_word' id='word_1_238' title='bbox 406 4102 570 4192; x_wconf 88' lang='lat' dir='ltr'><strong>quondam</strong></span> <span class='ocrx_word' id='word_1_239' title='bbox 584 4102 678 4167; x_wconf 83' lang='lat' dir='ltr'><strong>variia</strong></span> <span class='ocrx_word' id='word_1_240' title='bbox 691 4100 842 4188; x_wconf 85' lang='lat' dir='ltr'><strong>pepulere</strong></span> <span class='ocrx_word' id='word_1_241' title='bbox 858 4102 997 4169; x_wconf 84' lang='lat' dir='ltr'><strong>medelis.</strong></span> 
     </span>
     <span class='ocr_line' id='line_1_36' title="bbox 165 4187 935 4279; baseline -0.006 -23"><span class='ocrx_word' id='word_1_242' title='bbox 165 4190 269 4256; x_wconf 83' lang='lat' dir='ltr'><strong>Tertia</strong></span> <span class='ocrx_word' id='word_1_243' title='bbox 281 4214 420 4279; x_wconf 88' lang='lat' dir='ltr'><strong>namque</strong></span> <span class='ocrx_word' id='word_1_244' title='bbox 436 4190 505 4256; x_wconf 87' lang='lat' dir='ltr'><strong>Titi</strong></span> <span class='ocrx_word' id='word_1_245' title='bbox 518 4189 614 4255; x_wconf 76' lang='lat' dir='ltr'><strong>simul</strong></span> <span class='ocrx_word' id='word_1_246' title='bbox 627 4202 662 4254; x_wconf 84' lang='lat' dir='ltr'><strong>et</strong></span> <span class='ocrx_word' id='word_1_247' title='bbox 675 4187 848 4255; x_wconf 78' lang='lat' dir='ltr'><strong>centesima</strong></span> <span class='ocrx_word' id='word_1_248' title='bbox 862 4187 935 4253; x_wconf 88' lang='lat' dir='ltr'><strong>Livi</strong></span> 
     </span>
     <span class='ocr_line' id='line_1_37' title="bbox 167 4272 936 4356; baseline -0.005 -14"><span class='ocrx_word' id='word_1_249' title='bbox 167 4276 280 4343; x_wconf 86' lang='lat' dir='ltr'><strong>Charta</strong></span> <span class='ocrx_word' id='word_1_250' title='bbox 293 4277 398 4356; x_wconf 85' lang='lat' dir='ltr'><strong>docet,</strong></span> <span class='ocrx_word' id='word_1_251' title='bbox 413 4278 496 4344; x_wconf 82' lang='lat' dir='ltr'><strong>ferro</strong></span> <span class='ocrx_word' id='word_1_252' title='bbox 511 4276 607 4342; x_wconf 80' lang='lat' dir='ltr'><strong>talem</strong></span> <span class='ocrx_word' id='word_1_253' title='bbox 623 4274 779 4342; x_wconf 82' lang='lat' dir='ltr'><strong>candente</strong></span> <span class='ocrx_word' id='word_1_254' title='bbox 795 4272 936 4339; x_wconf 87' lang='lat' dir='ltr'><strong>dolorem</strong></span> 
     </span>
    </p>
   </div>
   <div class='ocr_carea' id='block_1_11' title="bbox 0 0 1472 4800">
    <p class='ocr_par' dir='ltr' id='par_1_14' title="bbox 0 0 1472 4800">
     <span class='ocr_line' id='line_1_38' title="bbox 0 0 1472 4800; baseline 0 3"><span class='ocrx_word' id='word_1_255' title='bbox 0 0 1472 4800; x_wconf 95' lang='lat' dir='ltr'><strong> </strong></span> 
     </span>
    </p>
   </div>
  </div>
 </body>
</html>
