<?xml version="1.0" encoding="UTF-8"?>
<!DOCTYPE html PUBLIC "-//W3C//DTD XHTML 1.0 Transitional//EN"
    "http://www.w3.org/TR/xhtml1/DTD/xhtml1-transitional.dtd">
<html xmlns="http://www.w3.org/1999/xhtml" xml:lang="en" lang="en">
 <head>
  <title>
</title>
<meta http-equiv="Content-Type" content="text/html;charset=utf-8" />
  <meta name='ocr-system' content='tesseract 3.04.00' />
  <meta name='ocr-capabilities' content='ocr_page ocr_carea ocr_par ocr_line ocrx_word'/>
</head>
<body>
  <div class='ocr_page' id='page_1' title='image "./tliviipatavinih01kreygoog/tliviipatavinih01kreygoog_0428.png"; bbox 0 0 2934 4800; ppageno 0'>
   <div class='ocr_carea' id='block_1_1' title="bbox 335 215 1430 453">
    <p class='ocr_par' dir='ltr' id='par_1_1' title="bbox 335 215 1430 453">
     <span class='ocr_line' id='line_1_1' title="bbox 335 215 1430 316; baseline -0.003 -32"><span class='ocrx_word' id='word_1_1' title='bbox 335 223 399 284; x_wconf 87' lang='grc'><strong>418</strong></span> <span class='ocrx_word' id='word_1_2' title='bbox 578 216 855 284; x_wconf 87' lang='lat' dir='ltr'><strong>SYLLABUS</strong></span> <span class='ocrx_word' id='word_1_3' title='bbox 890 215 1170 284; x_wconf 84' lang='lat' dir='ltr'>CODICUM</span> <span class='ocrx_word' id='word_1_4' title='bbox 1428 239 1430 316; x_wconf 49' lang='lat' dir='ltr'><strong>p</strong></span> 
     </span>
     <span class='ocr_line' id='line_1_2' title="bbox 336 350 1395 453; baseline -0.007 -33"><span class='ocrx_word' id='word_1_5' title='bbox 336 356 448 444; x_wconf 77' lang='lat' dir='ltr'><strong>primo·</strong></span> <span class='ocrx_word' id='word_1_6' title='bbox 504 351 624 418; x_wconf 88' lang='lat' dir='ltr'><strong>Eorum</strong></span> <span class='ocrx_word' id='word_1_7' title='bbox 650 354 739 442; x_wconf 87' lang='lat' dir='ltr'><strong>prius</strong></span> <span class='ocrx_word' id='word_1_8' title='bbox 765 353 939 442; x_wconf 83' lang='lat' dir='ltr'>incipiebat</span> <span class='ocrx_word' id='word_1_9' title='bbox 963 376 984 418; x_wconf 90' lang='lat' dir='ltr'><strong>a</strong></span> <span class='ocrx_word' id='word_1_10' title='bbox 1006 374 1078 440; x_wconf 85' lang='lat' dir='ltr'><strong>cap.</strong></span> <span class='ocrx_word' id='word_1_11' title='bbox 1107 350 1190 418; x_wconf 86' lang='lat' dir='ltr'><strong>HJ.</strong></span> <span class='ocrx_word' id='word_1_12' title='bbox 1223 354 1255 436; x_wconf 63' lang='grc' dir='ltr'><strong>ξ.</strong></span> <span class='ocrx_word' id='word_1_13' title='bbox 1282 358 1325 453; x_wconf 40' lang='grc'><strong>4.,</strong></span> <span class='ocrx_word' id='word_1_14' title='bbox 1340 373 1395 412; x_wconf 76' lang='grc' dir='ltr'><strong>πια-</strong></span> 
     </span>
    </p>
   </div>
   <div class='ocr_carea' id='block_1_2' title="bbox 333 438 1430 3372">
    <p class='ocr_par' dir='ltr' id='par_1_2' title="bbox 333 438 1430 3372">
     <span class='ocr_line' id='line_1_3' title="bbox 338 438 1391 528; baseline -0.003 -21"><span class='ocrx_word' id='word_1_15' title='bbox 338 451 517 518; x_wconf 78' lang='lat' dir='ltr'><strong>crece-rant,</strong></span> <span class='ocrx_word' id='word_1_16' title='bbox 530 453 564 504; x_wconf 88' lang='lat' dir='ltr'><strong>et</strong></span> <span class='ocrx_word' id='word_1_17' title='bbox 573 439 740 505; x_wconf 79' lang='lat' dir='ltr'><strong>desinebat</strong></span> <span class='ocrx_word' id='word_1_18' title='bbox 753 441 788 505; x_wconf 93' lang='lat' dir='ltr'><strong>in</strong></span> <span class='ocrx_word' id='word_1_19' title='bbox 803 463 871 528; x_wconf 90' lang='lat' dir='ltr'><strong>cap.</strong></span> <span class='ocrx_word' id='word_1_20' title='bbox 881 438 958 503; x_wconf 85' lang='lat' dir='ltr'><strong>VII.</strong></span> <span class='ocrx_word' id='word_1_21' title='bbox 972 441 998 524; x_wconf 63' lang='lat' dir='ltr'><strong>i.</strong></span> <span class='ocrx_word' id='word_1_22' title='bbox 1010 441 1391 526; x_wconf 69' lang='lat' dir='ltr'><strong>4.!voeesaca&#39;uomqtt:</strong></span> 
     </span>
     <span class='ocr_line' id='line_1_4' title="bbox 338 523 1390 626; baseline -0.005 -36"><span class='ocrx_word' id='word_1_23' title='bbox 338 527 495 614; x_wconf 82' lang='lat' dir='ltr'>posterius</span> <span class='ocrx_word' id='word_1_24' title='bbox 516 550 535 591; x_wconf 92' lang='lat' dir='ltr'><strong>a</strong></span> <span class='ocrx_word' id='word_1_25' title='bbox 557 549 624 612; x_wconf 85' lang='lat' dir='ltr'><strong>cap.</strong></span> <span class='ocrx_word' id='word_1_26' title='bbox 642 525 775 591; x_wconf 89' lang='lat' dir='ltr'>XXXI.</span> <span class='ocrx_word' id='word_1_27' title='bbox 796 529 820 610; x_wconf 66' lang='grc' dir='ltr'><strong>ξ.</strong></span> <span class='ocrx_word' id='word_1_28' title='bbox 843 533 870 591; x_wconf 94' lang='lat' dir='ltr'><strong>l.</strong></span> <span class='ocrx_word' id='word_1_29' title='bbox 891 547 969 626; x_wconf 81' lang='lat' dir='ltr'><strong>voce</strong></span> <span class='ocrx_word' id='word_1_30' title='bbox 991 550 1094 625; x_wconf 52' lang='lat' dir='ltr'><strong>mons,</strong></span> <span class='ocrx_word' id='word_1_31' title='bbox 1116 541 1157 590; x_wconf 87' lang='lat' dir='ltr'><strong>et</strong></span> <span class='ocrx_word' id='word_1_32' title='bbox 1184 523 1390 589; x_wconf 76' lang='lat' dir='ltr'><strong>desinebatiu</strong></span> 
     </span>
     <span class='ocr_line' id='line_1_5' title="bbox 338 609 1386 785; baseline -0.004 -21"><span class='ocrx_word' id='word_1_33' title='bbox 338 611 599 764; x_wconf 60' lang='lat' dir='ltr'><strong>struthi·</strong></span> <span class='ocrx_word' id='word_1_34' title='bbox 619 615 990 785; x_wconf 55' lang='lat' dir='ltr'><strong>toreutice.</strong></span> <span class='ocrx_word' id='word_1_35' title='bbox 1004 609 1386 780; x_wconf 57' lang='lat' dir='ltr'><strong>imffilffl</strong></span> 
     </span>
     <span class='ocr_line' id='line_1_6' title="bbox 339 783 1382 872; baseline -0.004 -21"><span class='ocrx_word' id='word_1_36' title='bbox 339 810 466 862; x_wconf 79' lang='lat' dir='ltr'><strong>caussa,</strong></span> <span class='ocrx_word' id='word_1_37' title='bbox 482 798 515 850; x_wconf 91' lang='lat' dir='ltr'><strong>et</strong></span> <span class='ocrx_word' id='word_1_38' title='bbox 529 785 694 850; x_wconf 86' lang='lat' dir='ltr'><strong>desinebat</strong></span> <span class='ocrx_word' id='word_1_39' title='bbox 708 787 744 850; x_wconf 91' lang='lat' dir='ltr'><strong>in</strong></span> <span class='ocrx_word' id='word_1_40' title='bbox 757 786 822 850; x_wconf 87' lang='lat' dir='ltr'><strong>fine</strong></span> <span class='ocrx_word' id='word_1_41' title='bbox 837 807 904 872; x_wconf 86' lang='lat' dir='ltr'><strong>cap</strong></span> <span class='ocrx_word' id='word_1_42' title='bbox 922 783 1028 847; x_wconf 90' lang='lat' dir='ltr'><strong>XXX</strong></span> <span class='ocrx_word' id='word_1_43' title='bbox 1092 785 1294 849; x_wconf 89' lang='lat' dir='ltr'><strong>secundum</strong></span> <span class='ocrx_word' id='word_1_44' title='bbox 1309 803 1382 867; x_wconf 74' lang='lat' dir='ltr'><strong>nup</strong></span> 
     </span>
     <span class='ocr_line' id='line_1_7' title="bbox 338 870 1380 958; baseline -0.007 -22"><span class='ocrx_word' id='word_1_45' title='bbox 338 871 412 937; x_wconf 79' lang='lat' dir='ltr'><strong>XL</strong></span> <span class='ocrx_word' id='word_1_46' title='bbox 431 875 455 956; x_wconf 68' lang='grc' dir='ltr'><strong>ξ.</strong></span> <span class='ocrx_word' id='word_1_47' title='bbox 476 878 524 936; x_wconf 86' lang='grc'><strong>12.</strong></span> <span class='ocrx_word' id='word_1_48' title='bbox 548 895 626 936; x_wconf 91' lang='lat' dir='ltr'><strong>voce</strong></span> <span class='ocrx_word' id='word_1_49' title='bbox 648 874 806 949; x_wconf 78' lang='lat' dir='ltr'><strong><em>muliebri,</em></strong></span> <span class='ocrx_word' id='word_1_50' title='bbox 830 871 978 936; x_wconf 88' lang='lat' dir='ltr'><strong>desinens</strong></span> <span class='ocrx_word' id='word_1_51' title='bbox 1000 871 1035 935; x_wconf 90' lang='lat' dir='ltr'><strong>in</strong></span> <span class='ocrx_word' id='word_1_52' title='bbox 1057 894 1133 958; x_wconf 77' lang='lat' dir='ltr'><strong>cup</strong></span> <span class='ocrx_word' id='word_1_53' title='bbox 1156 870 1311 936; x_wconf 83' lang='lat' dir='ltr'>XLVII.</span> <span class='ocrx_word' id='word_1_54' title='bbox 1330 872 1380 952; x_wconf 73' lang='lat' dir='ltr'><strong>tt</strong></span> 
     </span>
     <span class='ocr_line' id='line_1_8' title="bbox 338 955 1380 1046; baseline -0.008 -22"><span class='ocrx_word' id='word_1_55' title='bbox 338 982 415 1024; x_wconf 88' lang='lat' dir='ltr'><strong>voce</strong></span> <span class='ocrx_word' id='word_1_56' title='bbox 433 969 573 1045; x_wconf 82' lang='lat' dir='ltr'><strong>portua:</strong></span> <span class='ocrx_word' id='word_1_57' title='bbox 597 957 725 1022; x_wconf 89' lang='lat' dir='ltr'><strong>tertium</strong></span> <span class='ocrx_word' id='word_1_58' title='bbox 748 981 768 1022; x_wconf 90' lang='lat' dir='ltr'><strong>a</strong></span> <span class='ocrx_word' id='word_1_59' title='bbox 789 981 856 1046; x_wconf 90' lang='lat' dir='ltr'><strong>cap.</strong></span> <span class='ocrx_word' id='word_1_60' title='bbox 876 956 947 1021; x_wconf 88' lang='lat' dir='ltr'><strong>LV.</strong></span> <span class='ocrx_word' id='word_1_61' title='bbox 969 959 995 1041; x_wconf 67' lang='lat' dir='ltr'><strong>i.</strong></span> <span class='ocrx_word' id='word_1_62' title='bbox 1018 963 1045 1020; x_wconf 91' lang='lat' dir='ltr'><strong>l.</strong></span> <span class='ocrx_word' id='word_1_63' title='bbox 1069 981 1158 1022; x_wconf 87' lang='lat' dir='ltr'><strong>voce</strong></span> <span class='ocrx_word' id='word_1_64' title='bbox 1186 961 1333 1024; x_wconf 75' lang='lat' dir='ltr'><strong>delectus</strong></span> <span class='ocrx_word' id='word_1_65' title='bbox 1348 955 1380 1016; x_wconf 74' lang='lat' dir='ltr'><strong>iu</strong></span> 
     </span>
     <span class='ocr_line' id='line_1_9' title="bbox 338 1042 1377 1218; baseline -0.002 -23"><span class='ocrx_word' id='word_1_66' title='bbox 338 1043 980 1218; x_wconf 55' lang='lat' dir='ltr'><strong>til‘ttltlssl³lhbtttlh.</strong></span> <span class='ocrx_word' id='word_1_67' title='bbox 997 1042 1377 1216; x_wconf 49' lang='lat' dir='ltr'><strong>{loleffmffilqlhi</strong></span> 
     </span>
     <span class='ocr_line' id='line_1_10' title="bbox 339 1215 1428 1304; baseline -0.006 -21"><span class='ocrx_word' id='word_1_68' title='bbox 339 1241 439 1283; x_wconf 92' lang='lat' dir='ltr'><strong>unum</strong></span> <span class='ocrx_word' id='word_1_69' title='bbox 464 1217 514 1282; x_wconf 88' lang='lat' dir='ltr'><strong>vel</strong></span> <span class='ocrx_word' id='word_1_70' title='bbox 540 1217 674 1282; x_wconf 88' lang='lat' dir='ltr'><strong>alterum</strong></span> <span class='ocrx_word' id='word_1_71' title='bbox 700 1215 812 1281; x_wconf 90' lang='lat' dir='ltr'><strong>folium</strong></span> <span class='ocrx_word' id='word_1_72' title='bbox 835 1215 1070 1281; x_wconf 73' lang='lat' dir='ltr'><strong>desideraretur</strong></span> <span class='ocrx_word' id='word_1_73' title='bbox 1092 1239 1116 1281; x_wconf 86' lang='lat' dir='ltr'><strong>a</strong></span> <span class='ocrx_word' id='word_1_74' title='bbox 1141 1239 1218 1304; x_wconf 88' lang='lat' dir='ltr'><strong>cap.</strong></span> <span class='ocrx_word' id='word_1_75' title='bbox 1240 1223 1289 1281; x_wconf 86' lang='lat'><strong>11.</strong></span> <span class='ocrx_word' id='word_1_76' title='bbox 1307 1219 1327 1298; x_wconf 66' lang='lat' dir='ltr'><strong>§t</strong></span> <span class='ocrx_word' id='word_1_77' title='bbox 1343 1219 1373 1278; x_wconf 82' lang='lat' dir='ltr'><strong>u</strong></span> <span class='ocrx_word' id='word_1_78' title='bbox 1427 1284 1428 1291; x_wconf 8' lang='grc' dir='ltr'>ἵ</span> 
     </span>
     <span class='ocr_line' id='line_1_11' title="bbox 337 1301 1428 1390; baseline 0.002 -21"><span class='ocrx_word' id='word_1_79' title='bbox 337 1327 415 1369; x_wconf 83' lang='lat' dir='ltr'><strong>voce</strong></span> <span class='ocrx_word' id='word_1_80' title='bbox 439 1327 597 1390; x_wconf 79' lang='lat' dir='ltr'><strong>usurpare</strong></span> <span class='ocrx_word' id='word_1_81' title='bbox 623 1325 723 1389; x_wconf 89' lang='lat' dir='ltr'><strong>usque</strong></span> <span class='ocrx_word' id='word_1_82' title='bbox 750 1302 792 1367; x_wconf 89' lang='lat' dir='ltr'><strong>ad</strong></span> <span class='ocrx_word' id='word_1_83' title='bbox 820 1325 888 1390; x_wconf 88' lang='lat' dir='ltr'><strong>cap.</strong></span> <span class='ocrx_word' id='word_1_84' title='bbox 916 1301 960 1365; x_wconf 79' lang='lat' dir='ltr'>X</span> <span class='ocrx_word' id='word_1_85' title='bbox 984 1304 1010 1386; x_wconf 66' lang='lat' dir='ltr'><strong>i.</strong></span> <span class='ocrx_word' id='word_1_86' title='bbox 1032 1309 1066 1366; x_wconf 82' lang='lat'><strong>4.</strong></span> <span class='ocrx_word' id='word_1_87' title='bbox 1094 1326 1222 1368; x_wconf 81' lang='lat' dir='ltr'><strong>vocem</strong></span> <span class='ocrx_word' id='word_1_88' title='bbox 1248 1306 1373 1368; x_wconf 65' lang='lat' dir='ltr'><strong>aima:</strong></span> <span class='ocrx_word' id='word_1_89' title='bbox 1427 1320 1428 1371; x_wconf 73' lang='grc' dir='ltr'>ξ</span> 
     </span>
     <span class='ocr_line' id='line_1_12' title="bbox 338 1387 1372 1478; baseline -0.003 -23"><span class='ocrx_word' id='word_1_90' title='bbox 338 1390 489 1478; x_wconf 89' lang='lat' dir='ltr'><strong>quodque</strong></span> <span class='ocrx_word' id='word_1_91' title='bbox 505 1390 538 1452; x_wconf 91' lang='lat' dir='ltr'><strong>in</strong></span> <span class='ocrx_word' id='word_1_92' title='bbox 552 1388 634 1454; x_wconf 91' lang='lat' dir='ltr'><strong>libro</strong></span> <span class='ocrx_word' id='word_1_93' title='bbox 649 1389 775 1453; x_wconf 89' lang='lat' dir='ltr'><strong>decimo</strong></span> <span class='ocrx_word' id='word_1_94' title='bbox 788 1403 861 1476; x_wconf 89' lang='lat' dir='ltr'><strong>post</strong></span> <span class='ocrx_word' id='word_1_95' title='bbox 874 1411 942 1476; x_wconf 81' lang='lat' dir='ltr'><strong>cap</strong></span> <span class='ocrx_word' id='word_1_96' title='bbox 958 1387 1037 1452; x_wconf 87' lang='lat' dir='ltr'><strong>XX.</strong></span> <span class='ocrx_word' id='word_1_97' title='bbox 1055 1391 1083 1472; x_wconf 63' lang='lat' dir='ltr'><strong>d.</strong></span> <span class='ocrx_word' id='word_1_98' title='bbox 1101 1394 1137 1455; x_wconf 88' lang='lat'><strong>9.</strong></span> <span class='ocrx_word' id='word_1_99' title='bbox 1155 1412 1276 1456; x_wconf 84' lang='lat' dir='ltr'><strong>vocem</strong></span> <span class='ocrx_word' id='word_1_100' title='bbox 1289 1410 1372 1475; x_wconf 67' lang='lat' dir='ltr'><strong>agn</strong></span> 
     </span>
     <span class='ocr_line' id='line_1_13' title="bbox 337 1473 1372 1564; baseline -0.004 -23"><span class='ocrx_word' id='word_1_101' title='bbox 337 1475 461 1564; x_wconf 88' lang='lat' dir='ltr'><strong>reliqua</strong></span> <span class='ocrx_word' id='word_1_102' title='bbox 489 1475 597 1540; x_wconf 82' lang='lat' dir='ltr'><strong>omnia</strong></span> <span class='ocrx_word' id='word_1_103' title='bbox 625 1473 780 1539; x_wconf 85' lang='lat' dir='ltr'><strong>deessent.</strong></span> <span class='ocrx_word' id='word_1_104' title='bbox 838 1473 912 1540; x_wconf 89' lang='lat' dir='ltr'><strong>Hoc</strong></span> <span class='ocrx_word' id='word_1_105' title='bbox 939 1475 1166 1562; x_wconf 79' lang='lat' dir='ltr'><strong>fragmentum</strong></span> <span class='ocrx_word' id='word_1_106' title='bbox 1197 1499 1299 1540; x_wconf 84' lang='lat' dir='ltr'><strong>mann</strong></span> <span class='ocrx_word' id='word_1_107' title='bbox 1322 1474 1372 1537; x_wconf 58' lang='lat' dir='ltr'><strong>nh</strong></span> 
     </span>
     <span class='ocr_line' id='line_1_14' title="bbox 337 1561 1372 1714; baseline -0.002 -88"><span class='ocrx_word' id='word_1_108' title='bbox 337 1563 657 1714; x_wconf 51' lang='lat' dir='ltr'><strong>autiggadexaratum</strong></span> <span class='ocrx_word' id='word_1_109' title='bbox 675 1561 976 1712; x_wconf 47' lang='lat' dir='ltr'><strong>‘Videtur’bgt‘ffit</strong></span> <span class='ocrx_word' id='word_1_110' title='bbox 998 1561 1152 1711; x_wconf 69' lang='lat' dir='ltr'><strong>epdicem</strong></span> <span class='ocrx_word' id='word_1_111' title='bbox 1167 1561 1372 1712; x_wconf 49' lang='lat' dir='ltr'><strong>ff&#39;lorentinmfu</strong></span> 
     </span>
     <span class='ocr_line' id='line_1_15' title="bbox 337 1664 1371 1735; baseline 0.002 -22"><span class='ocrx_word' id='word_1_112' title='bbox 337 1671 374 1713; x_wconf 85' lang='lat' dir='ltr'><strong>ac</strong></span> <span class='ocrx_word' id='word_1_113' title='bbox 457 1671 467 1712; x_wconf 90' lang='lat'>1</span> <span class='ocrx_word' id='word_1_114' title='bbox 491 1670 600 1712; x_wconf 86' lang='lat' dir='ltr'><strong>ensem</strong></span> <span class='ocrx_word' id='word_1_115' title='bbox 635 1669 784 1734; x_wconf 89' lang='lat' dir='ltr'><strong>pnmum,</strong></span> <span class='ocrx_word' id='word_1_116' title='bbox 858 1671 892 1711; x_wconf 89' lang='lat' dir='ltr'><strong>m</strong></span> <span class='ocrx_word' id='word_1_117' title='bbox 989 1669 1126 1734; x_wconf 82' lang='lat' dir='ltr'><strong>rerqurs</strong></span> <span class='ocrx_word' id='word_1_118' title='bbox 1194 1673 1270 1714; x_wconf 81' lang='lat' dir='ltr'><strong>urus</strong></span> <span class='ocrx_word' id='word_1_119' title='bbox 1301 1664 1371 1735; x_wconf 72' lang='lat' dir='ltr'><strong>parts</strong></span> 
     </span>
     <span class='ocr_line' id='line_1_16' title="bbox 336 1747 1408 1919; baseline 0.001 -34"><span class='ocrx_word' id='word_1_120' title='bbox 336 1747 762 1919; x_wconf 57' lang='lat' dir='ltr'><strong>priiImGsssuusmsuus</strong></span> <span class='ocrx_word' id='word_1_121' title='bbox 793 1832 842 1918; x_wconf 73' lang='lat' dir='ltr'><strong>est</strong></span> <span class='ocrx_word' id='word_1_122' title='bbox 873 1818 975 1884; x_wconf 87' lang='lat' dir='ltr'><strong>codex</strong></span> <span class='ocrx_word' id='word_1_123' title='bbox 1005 1819 1206 1919; x_wconf 68' lang='lat' dir='ltr'><strong>chnftaoeus</strong></span> <span class='ocrx_word' id='word_1_124' title='bbox 1237 1823 1273 1886; x_wconf 88' lang='lat' dir='ltr'><strong>in</strong></span> <span class='ocrx_word' id='word_1_125' title='bbox 1298 1819 1370 1885; x_wconf 78' lang='lat' dir='ltr'><strong>tum</strong></span> <span class='ocrx_word' id='word_1_126' title='bbox 1407 1820 1408 1859; x_wconf 61' lang='lat' dir='ltr'><strong>l</strong></span> 
     </span>
     <span class='ocr_line' id='line_1_17' title="bbox 336 1905 1371 1992; baseline -0.003 -21"><span class='ocrx_word' id='word_1_127' title='bbox 336 1907 457 1984; x_wconf 88' lang='lat' dir='ltr'><strong>maiori,</strong></span> <span class='ocrx_word' id='word_1_128' title='bbox 474 1929 530 1992; x_wconf 80' lang='lat' dir='ltr'><strong>qur</strong></span> <span class='ocrx_word' id='word_1_129' title='bbox 550 1905 662 1970; x_wconf 85' lang='lat' dir='ltr'><strong>eadem</strong></span> <span class='ocrx_word' id='word_1_130' title='bbox 684 1927 782 1970; x_wconf 88' lang='lat' dir='ltr'><strong>mauu</strong></span> <span class='ocrx_word' id='word_1_131' title='bbox 805 1906 904 1970; x_wconf 77' lang='lat' dir='ltr'><strong>tribus</strong></span> <span class='ocrx_word' id='word_1_132' title='bbox 923 1905 1143 1970; x_wconf 76' lang='lat' dir='ltr'><strong>voluminibus</strong></span> <span class='ocrx_word' id='word_1_133' title='bbox 1167 1923 1317 1972; x_wconf 78' lang='lat' dir='ltr'><strong>exaratus</strong></span> <span class='ocrx_word' id='word_1_134' title='bbox 1332 1928 1371 1968; x_wconf 81' lang='lat' dir='ltr'><strong>ex·</strong></span> 
     </span>
     <span class='ocr_line' id='line_1_18' title="bbox 336 1990 1368 2078; baseline 0.004 -23"><span class='ocrx_word' id='word_1_135' title='bbox 336 1992 426 2057; x_wconf 89' lang='lat' dir='ltr'><strong>hibet</strong></span> <span class='ocrx_word' id='word_1_136' title='bbox 443 1991 594 2057; x_wconf 89' lang='lat' dir='ltr'><strong>librorum</strong></span> <span class='ocrx_word' id='word_1_137' title='bbox 610 1990 694 2056; x_wconf 84' lang='lat' dir='ltr'><strong>Livii</strong></span> <span class='ocrx_word' id='word_1_138' title='bbox 709 1991 845 2056; x_wconf 84' lang='lat' dir='ltr'><strong>decadas</strong></span> <span class='ocrx_word' id='word_1_139' title='bbox 863 1992 1009 2078; x_wconf 89' lang='lat' dir='ltr'><strong>primam,</strong></span> <span class='ocrx_word' id='word_1_140' title='bbox 1025 1993 1171 2070; x_wconf 83' lang='lat' dir='ltr'><strong>tertiam,</strong></span> <span class='ocrx_word' id='word_1_141' title='bbox 1187 2017 1229 2059; x_wconf 86' lang='lat' dir='ltr'><strong>ac</strong></span> <span class='ocrx_word' id='word_1_142' title='bbox 1266 2007 1368 2058; x_wconf 70' lang='lat' dir='ltr'><strong>uarum</strong></span> 
     </span>
     <span class='ocr_line' id='line_1_19' title="bbox 337 2077 1369 2145; baseline 0.004 -3"><span class='ocrx_word' id='word_1_143' title='bbox 337 2077 436 2142; x_wconf 92' lang='lat' dir='ltr'><strong>Hunc</strong></span> <span class='ocrx_word' id='word_1_144' title='bbox 451 2102 471 2142; x_wconf 89' lang='lat' dir='ltr'><strong>a</strong></span> <span class='ocrx_word' id='word_1_145' title='bbox 486 2077 691 2143; x_wconf 88' lang='lat' dir='ltr'><strong>Nobilissimo</strong></span> <span class='ocrx_word' id='word_1_146' title='bbox 706 2099 744 2142; x_wconf 86' lang='lat' dir='ltr'><strong>ac</strong></span> <span class='ocrx_word' id='word_1_147' title='bbox 760 2077 977 2143; x_wconf 87' lang='lat' dir='ltr'><strong>Celeberrimo</strong></span> <span class='ocrx_word' id='word_1_148' title='bbox 990 2079 1058 2142; x_wconf 82' lang='lat' dir='ltr'><strong>viro</strong></span> <span class='ocrx_word' id='word_1_149' title='bbox 1075 2077 1158 2144; x_wconf 88' lang='lat' dir='ltr'><strong>Car.</strong></span> <span class='ocrx_word' id='word_1_150' title='bbox 1174 2079 1210 2145; x_wconf 91' lang='lat' dir='ltr'><strong>G</strong></span> <span class='ocrx_word' id='word_1_151' title='bbox 1237 2083 1246 2094; x_wconf 86' lang='lat'><em>‘</em></span> <span class='ocrx_word' id='word_1_152' title='bbox 1281 2081 1369 2145; x_wconf 65' lang='lat' dir='ltr'><strong>Ges</strong></span> 
     </span>
     <span class='ocr_line' id='line_1_20' title="bbox 336 2163 1370 2245; baseline 0 -17"><span class='ocrx_word' id='word_1_153' title='bbox 336 2187 423 2241; x_wconf 90' lang='lat' dir='ltr'><strong>nero,</strong></span> <span class='ocrx_word' id='word_1_154' title='bbox 444 2164 527 2228; x_wconf 90' lang='lat' dir='ltr'><strong>Iuris</strong></span> <span class='ocrx_word' id='word_1_155' title='bbox 549 2163 582 2228; x_wconf 91' lang='lat' dir='ltr'><strong>in</strong></span> <span class='ocrx_word' id='word_1_156' title='bbox 601 2164 779 2229; x_wconf 86' lang='lat' dir='ltr'><strong>Academia</strong></span> <span class='ocrx_word' id='word_1_157' title='bbox 800 2163 840 2229; x_wconf 91' lang='lat' dir='ltr'><strong>Li</strong></span> <span class='ocrx_word' id='word_1_158' title='bbox 879 2163 959 2228; x_wconf 89' lang='lat' dir='ltr'><strong>iensi</strong></span> <span class='ocrx_word' id='word_1_159' title='bbox 977 2164 1211 2245; x_wconf 75' lang='lat' dir='ltr'><strong>Anteoessore,</strong></span> <span class='ocrx_word' id='word_1_160' title='bbox 1235 2167 1313 2231; x_wconf 88' lang='lat' dir='ltr'><strong>mihi</strong></span> <span class='ocrx_word' id='word_1_161' title='bbox 1328 2167 1370 2228; x_wconf 75' lang='lat' dir='ltr'><strong>iu</strong></span> 
     </span>
     <span class='ocr_line' id='line_1_21' title="bbox 335 2185 1430 2344; baseline 0.003 -29"><span class='ocrx_word' id='word_1_162' title='bbox 335 2250 472 2339; x_wconf 82' lang='lat' dir='ltr'><strong>petruvit</strong></span> <span class='ocrx_word' id='word_1_163' title='bbox 483 2249 684 2314; x_wconf 89' lang='lat' dir='ltr'><strong>Clarissimus</strong></span> <span class='ocrx_word' id='word_1_164' title='bbox 694 2249 825 2315; x_wconf 83' lang='lat' dir='ltr'><strong>Paullus</strong></span> <span class='ocrx_word' id='word_1_165' title='bbox 834 2185 953 2314; x_wconf 61' lang='lat' dir='ltr'><strong>binio}</strong></span> <span class='ocrx_word' id='word_1_166' title='bbox 962 2249 1153 2338; x_wconf 86' lang='lat' dir='ltr'><strong>Longolius.</strong></span> <span class='ocrx_word' id='word_1_167' title='bbox 1191 2253 1369 2318; x_wconf 62' lang='lat' dir='ltr'><strong>Reserate</strong></span> <span class='ocrx_word' id='word_1_168' title='bbox 1429 2341 1430 2344; x_wconf 8' lang='grc' dir='ltr'><strong>Ἴ</strong></span> 
     </span>
     <span class='ocr_line' id='line_1_22' title="bbox 334 2334 1430 2403; baseline -0.001 0"><span class='ocrx_word' id='word_1_169' title='bbox 334 2350 384 2403; x_wconf 87' lang='lat' dir='ltr'><strong>est</strong></span> <span class='ocrx_word' id='word_1_170' title='bbox 398 2337 482 2401; x_wconf 90' lang='lat' dir='ltr'><strong>iuter</strong></span> <span class='ocrx_word' id='word_1_171' title='bbox 495 2334 621 2403; x_wconf 87' lang='lat' dir='ltr'><strong>codices</strong></span> <span class='ocrx_word' id='word_1_172' title='bbox 635 2337 835 2403; x_wconf 86' lang='lat' dir='ltr'><strong>recentiores.</strong></span> <span class='ocrx_word' id='word_1_173' title='bbox 1429 2347 1430 2387; x_wconf 62' lang='lat' dir='ltr'><strong>i</strong></span> 
     </span>
     <span class='ocr_line' id='line_1_23' title="bbox 378 2422 1368 2493; baseline 0 -3"><span class='ocrx_word' id='word_1_174' title='bbox 378 2422 437 2490; x_wconf 89' lang='lat' dir='ltr'><strong>IV.</strong></span> <span class='ocrx_word' id='word_1_175' title='bbox 462 2422 687 2488; x_wconf 69' lang='lat' dir='ltr'><strong>Hmmnuus</strong></span> <span class='ocrx_word' id='word_1_176' title='bbox 705 2425 837 2488; x_wconf 82' lang='lat' dir='ltr'><strong>Pnums</strong></span> <span class='ocrx_word' id='word_1_177' title='bbox 857 2423 960 2488; x_wconf 87' lang='lat' dir='ltr'><strong>codex</strong></span> <span class='ocrx_word' id='word_1_178' title='bbox 981 2436 1029 2489; x_wconf 88' lang='lat' dir='ltr'><strong>est</strong></span> <span class='ocrx_word' id='word_1_179' title='bbox 1048 2424 1305 2493; x_wconf 74' lang='lat' dir='ltr'><strong>Honoratissimi</strong></span> <span class='ocrx_word' id='word_1_180' title='bbox 1322 2425 1368 2490; x_wconf 74' lang='lat' dir='ltr'><strong>Co</strong></span> 
     </span>
     <span class='ocr_line' id='line_1_24' title="bbox 335 2509 1368 2611; baseline -0.001 -36"><span class='ocrx_word' id='word_1_181' title='bbox 335 2512 421 2577; x_wconf 85' lang='lat' dir='ltr'><strong>mitis</strong></span> <span class='ocrx_word' id='word_1_182' title='bbox 448 2510 651 2588; x_wconf 82' lang='lat' dir='ltr'><strong>oxoniensis,</strong></span> <span class='ocrx_word' id='word_1_183' title='bbox 678 2510 951 2597; x_wconf 87' lang='lat' dir='ltr'><strong>septingentorum</strong></span> <span class='ocrx_word' id='word_1_184' title='bbox 976 2509 1026 2574; x_wconf 82' lang='lat' dir='ltr'><strong>vel</strong></span> <span class='ocrx_word' id='word_1_185' title='bbox 1051 2510 1324 2611; x_wconf 86' lang='lat' dir='ltr'><strong>octingentorum,</strong></span> <span class='ocrx_word' id='word_1_186' title='bbox 1343 2528 1368 2574; x_wconf 86' lang='lat' dir='ltr'><strong>nt</strong></span> 
     </span>
     <span class='ocr_line' id='line_1_25' title="bbox 335 2596 1367 2682; baseline 0.005 -21"><span class='ocrx_word' id='word_1_187' title='bbox 335 2598 484 2674; x_wconf 89' lang='lat' dir='ltr'><strong>creditur,</strong></span> <span class='ocrx_word' id='word_1_188' title='bbox 507 2616 673 2674; x_wconf 87' lang='lat' dir='ltr'><strong>annorum,</strong></span> <span class='ocrx_word' id='word_1_189' title='bbox 695 2609 769 2660; x_wconf 89' lang='lat' dir='ltr'><strong>octo</strong></span> <span class='ocrx_word' id='word_1_190' title='bbox 791 2607 915 2660; x_wconf 85' lang='lat' dir='ltr'><strong>tantum</strong></span> <span class='ocrx_word' id='word_1_191' title='bbox 937 2596 1057 2682; x_wconf 86' lang='lat' dir='ltr'><strong>priores</strong></span> <span class='ocrx_word' id='word_1_192' title='bbox 1078 2596 1170 2661; x_wconf 76' lang='lat' dir='ltr'><strong>Livii</strong></span> <span class='ocrx_word' id='word_1_193' title='bbox 1193 2599 1293 2665; x_wconf 86' lang='lat' dir='ltr'><strong>libros</strong></span> <span class='ocrx_word' id='word_1_194' title='bbox 1311 2622 1367 2665; x_wconf 75' lang='lat' dir='ltr'><strong>on·</strong></span> 
     </span>
     <span class='ocr_line' id='line_1_26' title="bbox 335 2680 1367 2787; baseline 0.002 -40"><span class='ocrx_word' id='word_1_195' title='bbox 335 2684 450 2760; x_wconf 89' lang='lat' dir='ltr'><strong>tineus,</strong></span> <span class='ocrx_word' id='word_1_196' title='bbox 473 2698 507 2747; x_wconf 90' lang='lat' dir='ltr'><strong>et</strong></span> <span class='ocrx_word' id='word_1_197' title='bbox 529 2682 611 2746; x_wconf 90' lang='lat' dir='ltr'><strong>inter</strong></span> <span class='ocrx_word' id='word_1_198' title='bbox 634 2680 778 2747; x_wconf 91' lang='lat' dir='ltr'><strong>meliores</strong></span> <span class='ocrx_word' id='word_1_199' title='bbox 801 2682 896 2746; x_wconf 92' lang='lat' dir='ltr'><strong>huius</strong></span> <span class='ocrx_word' id='word_1_200' title='bbox 917 2682 1013 2769; x_wconf 86' lang='lat' dir='ltr'><strong>partis</strong></span> <span class='ocrx_word' id='word_1_201' title='bbox 1037 2686 1274 2765; x_wconf 75' lang='lat' dir='ltr'><strong>numerandus,</strong></span> <span class='ocrx_word' id='word_1_202' title='bbox 1291 2708 1367 2787; x_wconf 67' lang='lat' dir='ltr'><strong>quen</strong></span> 
     </span>
     <span class='ocr_line' id='line_1_27' title="bbox 334 2768 1366 2858; baseline 0.003 -24"><span class='ocrx_word' id='word_1_203' title='bbox 334 2768 515 2858; x_wconf 85' lang='lat' dir='ltr'><strong>saepissime</strong></span> <span class='ocrx_word' id='word_1_204' title='bbox 531 2768 658 2855; x_wconf 90' lang='lat' dir='ltr'><strong>optimis</strong></span> <span class='ocrx_word' id='word_1_205' title='bbox 669 2768 848 2834; x_wconf 88' lang='lat' dir='ltr'><strong>consentire</strong></span> <span class='ocrx_word' id='word_1_206' title='bbox 863 2768 1069 2855; x_wconf 88' lang='lat' dir='ltr'><strong>deprehendi.</strong></span> <span class='ocrx_word' id='word_1_207' title='bbox 1116 2768 1223 2836; x_wconf 89' lang='lat' dir='ltr'><strong>Hunc</strong></span> <span class='ocrx_word' id='word_1_208' title='bbox 1234 2772 1366 2847; x_wconf 66' lang='lat' dir='ltr'><strong>eodm</strong></span> 
     </span>
     <span class='ocr_line' id='line_1_28' title="bbox 333 2854 1366 2942; baseline 0.005 -23"><span class='ocrx_word' id='word_1_209' title='bbox 333 2876 376 2919; x_wconf 81' lang='lat' dir='ltr'><strong>ex</strong></span> <span class='ocrx_word' id='word_1_210' title='bbox 401 2855 605 2920; x_wconf 84' lang='lat' dir='ltr'><strong>bibliotheca.</strong></span> <span class='ocrx_word' id='word_1_211' title='bbox 622 2877 679 2918; x_wconf 87' lang='lat' dir='ltr'><strong>sua</strong></span> <span class='ocrx_word' id='word_1_212' title='bbox 703 2854 938 2942; x_wconf 88' lang='lat' dir='ltr'><strong>depromptum,</strong></span> <span class='ocrx_word' id='word_1_213' title='bbox 964 2854 1156 2942; x_wconf 85' lang='lat' dir='ltr'><strong>deprecante</strong></span> <span class='ocrx_word' id='word_1_214' title='bbox 1182 2856 1268 2924; x_wconf 86' lang='lat' dir='ltr'><strong>Viro</strong></span> <span class='ocrx_word' id='word_1_215' title='bbox 1292 2860 1366 2924; x_wconf 61' lang='lat' dir='ltr'><strong>cet</strong></span> 
     </span>
     <span class='ocr_line' id='line_1_29' title="bbox 333 2939 1365 3041; baseline 0.006 -37"><span class='ocrx_word' id='word_1_216' title='bbox 333 2940 471 3005; x_wconf 88' lang='lat' dir='ltr'><strong>berrimo</strong></span> <span class='ocrx_word' id='word_1_217' title='bbox 497 2940 560 3005; x_wconf 86' lang='lat' dir='ltr'><strong>Iac.</strong></span> <span class='ocrx_word' id='word_1_218' title='bbox 585 2939 737 3041; x_wconf 89' lang='lat' dir='ltr'><strong>Philippo</strong></span> <span class='ocrx_word' id='word_1_219' title='bbox 763 2939 951 3018; x_wconf 88' lang='lat' dir='ltr'><strong>D&#39;Orvillio,</strong></span> <span class='ocrx_word' id='word_1_220' title='bbox 976 2940 1018 3005; x_wconf 88' lang='lat' dir='ltr'><strong>de</strong></span> <span class='ocrx_word' id='word_1_221' title='bbox 1042 2941 1136 3006; x_wconf 73' lang='lat' dir='ltr'><strong>Liuio</strong></span> <span class='ocrx_word' id='word_1_222' title='bbox 1164 2965 1242 3009; x_wconf 89' lang='lat' dir='ltr'><strong>meo</strong></span> <span class='ocrx_word' id='word_1_223' title='bbox 1267 2946 1365 3034; x_wconf 74' lang='lat' dir='ltr'><strong>optim</strong></span> 
     </span>
     <span class='ocr_line' id='line_1_30' title="bbox 333 3026 1364 3115; baseline 0.008 -26"><span class='ocrx_word' id='word_1_224' title='bbox 333 3026 458 3103; x_wconf 91' lang='lat' dir='ltr'><strong>merito,</strong></span> <span class='ocrx_word' id='word_1_225' title='bbox 470 3026 509 3090; x_wconf 93' lang='lat' dir='ltr'><strong>in</strong></span> <span class='ocrx_word' id='word_1_226' title='bbox 525 3048 616 3090; x_wconf 90' lang='lat' dir='ltr'><strong>usum</strong></span> <span class='ocrx_word' id='word_1_227' title='bbox 631 3027 726 3091; x_wconf 75' lang='lat' dir='ltr'><strong>huius</strong></span> <span class='ocrx_word' id='word_1_228' title='bbox 741 3026 889 3092; x_wconf 85' lang='lat' dir='ltr'><strong>editionis</strong></span> <span class='ocrx_word' id='word_1_229' title='bbox 905 3049 980 3092; x_wconf 89' lang='lat' dir='ltr'><strong>cum</strong></span> <span class='ocrx_word' id='word_1_230' title='bbox 994 3027 1130 3115; x_wconf 77' lang='lat' dir='ltr'><strong>vulgatis</strong></span> <span class='ocrx_word' id='word_1_231' title='bbox 1142 3028 1238 3095; x_wconf 87' lang='lat' dir='ltr'><strong>libris</strong></span> <span class='ocrx_word' id='word_1_232' title='bbox 1250 3032 1364 3097; x_wconf 68' lang='lat' dir='ltr'><strong>conferri</strong></span> 
     </span>
     <span class='ocr_line' id='line_1_31' title="bbox 333 3112 1364 3201; baseline 0.007 -25"><span class='ocrx_word' id='word_1_233' title='bbox 333 3112 451 3201; x_wconf 79' lang='lat' dir='ltr'><strong>insigni</strong></span> <span class='ocrx_word' id='word_1_234' title='bbox 477 3113 673 3199; x_wconf 81' lang='lat' dir='ltr'><strong>benignitate</strong></span> <span class='ocrx_word' id='word_1_235' title='bbox 699 3113 862 3177; x_wconf 85' lang='lat' dir='ltr'><strong>concessit.</strong></span> <span class='ocrx_word' id='word_1_236' title='bbox 908 3112 948 3177; x_wconf 91' lang='lat' dir='ltr'><strong>In</strong></span> <span class='ocrx_word' id='word_1_237' title='bbox 973 3112 1161 3201; x_wconf 79' lang='lat' dir='ltr'><strong>colligendis</strong></span> <span class='ocrx_word' id='word_1_238' title='bbox 1188 3130 1295 3182; x_wconf 86' lang='lat' dir='ltr'><strong>autem</strong></span> <span class='ocrx_word' id='word_1_239' title='bbox 1315 3119 1364 3182; x_wconf 80' lang='lat' dir='ltr'><strong>lec·</strong></span> 
     </span>
     <span class='ocr_line' id='line_1_32' title="bbox 334 3200 1362 3285; baseline 0.006 -22"><span class='ocrx_word' id='word_1_240' title='bbox 334 3200 459 3264; x_wconf 90' lang='lat' dir='ltr'><strong>tionum</strong></span> <span class='ocrx_word' id='word_1_241' title='bbox 481 3200 683 3264; x_wconf 88' lang='lat' dir='ltr'><strong>varietatibus</strong></span> <span class='ocrx_word' id='word_1_242' title='bbox 706 3220 835 3285; x_wconf 87' lang='lat' dir='ltr'><strong>operam</strong></span> <span class='ocrx_word' id='word_1_243' title='bbox 856 3220 894 3262; x_wconf 88' lang='lat' dir='ltr'><strong>ac</strong></span> <span class='ocrx_word' id='word_1_244' title='bbox 915 3220 1045 3263; x_wconf 90' lang='lat' dir='ltr'><strong>manum</strong></span> <span class='ocrx_word' id='word_1_245' title='bbox 1066 3200 1148 3264; x_wconf 88' lang='lat' dir='ltr'><strong>mihi</strong></span> <span class='ocrx_word' id='word_1_246' title='bbox 1169 3204 1362 3269; x_wconf 66' lang='lat' dir='ltr'><strong>commodarit</strong></span> 
     </span>
     <span class='ocr_line' id='line_1_33' title="bbox 335 3284 1361 3372; baseline 0.006 -23"><span class='ocrx_word' id='word_1_247' title='bbox 335 3285 575 3351; x_wconf 84' lang='lat' dir='ltr'><strong>Emditissimus</strong></span> <span class='ocrx_word' id='word_1_248' title='bbox 596 3284 750 3362; x_wconf 89' lang='lat' dir='ltr'><strong>Casleius,</strong></span> <span class='ocrx_word' id='word_1_249' title='bbox 773 3284 982 3349; x_wconf 85' lang='lat' dir='ltr'><strong>bibliothecae</strong></span> <span class='ocrx_word' id='word_1_250' title='bbox 1005 3285 1105 3372; x_wconf 87' lang='lat' dir='ltr'><strong>Regis</strong></span> <span class='ocrx_word' id='word_1_251' title='bbox 1128 3285 1179 3352; x_wconf 87' lang='lat' dir='ltr'><strong>M.</strong></span> <span class='ocrx_word' id='word_1_252' title='bbox 1197 3288 1361 3355; x_wconf 73' lang='lat' dir='ltr'><strong>Britanniae</strong></span> 
     </span>
    </p>
   </div>
   <div class='ocr_carea' id='block_1_3' title="bbox 331 3370 1361 3783">
    <p class='ocr_par' dir='ltr' id='par_1_3' title="bbox 331 3370 1408 3783">
     <span class='ocr_line' id='line_1_34' title="bbox 334 3370 1361 3523; baseline 0.006 -86"><span class='ocrx_word' id='word_1_253' title='bbox 334 3371 463 3523; x_wconf 52' lang='lat' dir='ltr'><strong>Cugtos,</strong></span> <span class='ocrx_word' id='word_1_254' title='bbox 479 3372 513 3435; x_wconf 89' lang='lat' dir='ltr'><strong>in</strong></span> <span class='ocrx_word' id='word_1_255' title='bbox 528 3372 588 3436; x_wconf 84' lang='lat' dir='ltr'><strong>hac</strong></span> <span class='ocrx_word' id='word_1_256' title='bbox 607 3392 641 3436; x_wconf 79' lang='lat' dir='ltr'><strong>re</strong></span> <span class='ocrx_word' id='word_1_257' title='bbox 661 3370 948 3449; x_wconf 85' lang='lat' dir='ltr'><strong>exercitatissimus,</strong></span> <span class='ocrx_word' id='word_1_258' title='bbox 964 3370 1137 3459; x_wconf 87' lang='lat' dir='ltr'><strong>multisque</strong></span> <span class='ocrx_word' id='word_1_259' title='bbox 1151 3378 1361 3463; x_wconf 74' lang='lat' dir='ltr'><strong>experimenti</strong></span> 
     </span>
     <span class='ocr_line' id='line_1_35' title="bbox 331 3472 1359 3614; baseline 0.005 -5"><span class='ocrx_word' id='word_1_260' title='bbox 331 3472 668 3610; x_wconf 55' lang='lat' dir='ltr'><strong>pmvetfflmm</strong></span> <span class='ocrx_word' id='word_1_261' title='bbox 681 3542 858 3609; x_wconf 78' lang='lat' dir='ltr'><strong>Sscmmus</strong></span> <span class='ocrx_word' id='word_1_262' title='bbox 872 3541 952 3608; x_wconf 85' lang='lat' dir='ltr'><strong>alter</strong></span> <span class='ocrx_word' id='word_1_263' title='bbox 962 3558 1010 3609; x_wconf 90' lang='lat' dir='ltr'><strong>eat</strong></span> <span class='ocrx_word' id='word_1_264' title='bbox 1019 3544 1164 3610; x_wconf 88' lang='lat' dir='ltr'><strong>eiusdem</strong></span> <span class='ocrx_word' id='word_1_265' title='bbox 1175 3545 1359 3614; x_wconf 77' lang='lat' dir='ltr'><strong>Illustr&#39;uriru</strong></span> 
     </span>
     <span class='ocr_line' id='line_1_36' title="bbox 334 3628 1358 3783; baseline 0.004 -88"><span class='ocrx_word' id='word_1_266' title='bbox 334 3628 472 3695; x_wconf 87' lang='lat' dir='ltr'><strong>Comitis</strong></span> <span class='ocrx_word' id='word_1_267' title='bbox 495 3630 689 3696; x_wconf 84' lang='lat' dir='ltr'><strong>Oxoniensis</strong></span> <span class='ocrx_word' id='word_1_268' title='bbox 712 3629 824 3707; x_wconf 87' lang='lat' dir='ltr'><strong>codex,</strong></span> <span class='ocrx_word' id='word_1_269' title='bbox 847 3629 904 3694; x_wconf 87' lang='lat' dir='ltr'><strong>sed</strong></span> <span class='ocrx_word' id='word_1_270' title='bbox 922 3631 1024 3783; x_wconf 59' lang='lat' dir='ltr'><strong>priori</strong></span> <span class='ocrx_word' id='word_1_271' title='bbox 1047 3630 1144 3782; x_wconf 60' lang='lat' dir='ltr'><strong>lorluge</strong></span> <span class='ocrx_word' id='word_1_272' title='bbox 1168 3638 1358 3701; x_wconf 68' lang='lat' dir='ltr'><strong>recentiore</strong></span> 
     </span>
    </p>
   </div>
   <div class='ocr_carea' id='block_1_4' title="bbox 330 3713 1406 3975">
    <p class='ocr_par' dir='ltr' id='par_1_4' title="bbox 330 3713 1406 3997">
     <span class='ocr_line' id='line_1_37' title="bbox 330 3713 1356 3803; baseline 0.007 -22"><span class='ocrx_word' id='word_1_273' title='bbox 330 3715 474 3782; x_wconf 88' lang='lat' dir='ltr'><strong>bonitate</strong></span> <span class='ocrx_word' id='word_1_274' title='bbox 498 3716 624 3794; x_wconf 87' lang='lat' dir='ltr'><strong>cedens,</strong></span> <span class='ocrx_word' id='word_1_275' title='bbox 647 3737 744 3803; x_wconf 90' lang='lat' dir='ltr'><strong>quem</strong></span> <span class='ocrx_word' id='word_1_276' title='bbox 767 3737 853 3781; x_wconf 87' lang='lat' dir='ltr'><strong>anno</strong></span> <span class='ocrx_word' id='word_1_277' title='bbox 872 3713 920 3781; x_wconf 94' lang='lat' dir='ltr'><strong>CI</strong></span> <span class='ocrx_word' id='word_1_278' title='bbox 959 3715 1087 3783; x_wconf 85' lang='lat' dir='ltr'>CCCC</span> <span class='ocrx_word' id='word_1_279' title='bbox 1121 3716 1181 3784; x_wconf 89' lang='lat' dir='ltr'><strong>IV.</strong></span> <span class='ocrx_word' id='word_1_280' title='bbox 1206 3738 1356 3795; x_wconf 79' lang='lat' dir='ltr'><strong>exaratum,</strong></span> 
     </span>
     <span class='ocr_line' id='line_1_38' title="bbox 332 3800 1355 3889; baseline 0.008 -22"><span class='ocrx_word' id='word_1_281' title='bbox 332 3802 465 3889; x_wconf 87' lang='lat' dir='ltr'><strong>eiusque</strong></span> <span class='ocrx_word' id='word_1_282' title='bbox 481 3802 538 3867; x_wconf 88' lang='lat' dir='ltr'><strong>fini</strong></span> <span class='ocrx_word' id='word_1_283' title='bbox 558 3802 748 3867; x_wconf 84' lang='lat' dir='ltr'><strong>haec&#39;verba</strong></span> <span class='ocrx_word' id='word_1_284' title='bbox 762 3800 898 3889; x_wconf 84' lang='lat' dir='ltr'><strong>ascripta</strong></span> <span class='ocrx_word' id='word_1_285' title='bbox 911 3824 979 3867; x_wconf 87' lang='lat' dir='ltr'><strong>esse</strong></span> <span class='ocrx_word' id='word_1_286' title='bbox 993 3802 1210 3872; x_wconf 88' lang='lat' dir='ltr'><strong>Doctissimus</strong></span> <span class='ocrx_word' id='word_1_287' title='bbox 1226 3808 1355 3883; x_wconf 69' lang='lat' dir='ltr'><strong>Cadeius</strong></span> 
     </span>
     <span class='ocr_line' id='line_1_39' title="bbox 331 3850 1406 3975; baseline 0.003 -21"><span class='ocrx_word' id='word_1_288' title='bbox 331 3888 388 3974; x_wconf 88' lang='lat' dir='ltr'><strong>qui</strong></span> <span class='ocrx_word' id='word_1_289' title='bbox 403 3902 437 3954; x_wconf 92' lang='lat' dir='ltr'><strong>et</strong></span> <span class='ocrx_word' id='word_1_290' title='bbox 449 3888 536 3953; x_wconf 89' lang='lat' dir='ltr'><strong>bunc</strong></span> <span class='ocrx_word' id='word_1_291' title='bbox 551 3887 631 3952; x_wconf 88' lang='lat' dir='ltr'><strong>mihi</strong></span> <span class='ocrx_word' id='word_1_292' title='bbox 644 3887 788 3953; x_wconf 86' lang='lat' dir='ltr'><strong>codicem</strong></span> <span class='ocrx_word' id='word_1_293' title='bbox 803 3889 971 3975; x_wconf 88' lang='lat' dir='ltr'><strong>excerpsit,</strong></span> <span class='ocrx_word' id='word_1_294' title='bbox 986 3900 1140 3956; x_wconf 85' lang='lat' dir='ltr'><strong>testatur:</strong></span> <span class='ocrx_word' id='word_1_295' title='bbox 1403 3850 1406 3938; x_wconf 76' lang='lat' dir='ltr'><strong>l</strong></span> 
     </span>
    </p>
   </div>
   <div class='ocr_carea' id='block_1_5' title="bbox 632 4000 1405 4379">
    <p class='ocr_par' dir='ltr' id='par_1_5' title="bbox 632 4000 1405 4379">
     <span class='ocr_line' id='line_1_40' title="bbox 635 4000 1404 4144; baseline 0.007 -25"><span class='ocrx_word' id='word_1_296' title='bbox 635 4054 787 4122; x_wconf 85' lang='lat' dir='ltr'><strong>‘Nomen</strong></span> <span class='ocrx_word' id='word_1_297' title='bbox 801 4078 910 4121; x_wconf 89' lang='lat' dir='ltr'><strong>meum</strong></span> <span class='ocrx_word' id='word_1_298' title='bbox 923 4078 991 4122; x_wconf 89' lang='lat' dir='ltr'><strong>non</strong></span> <span class='ocrx_word' id='word_1_299' title='bbox 1003 4078 1101 4144; x_wconf 89' lang='lat' dir='ltr'><strong>pono,</strong></span> <span class='ocrx_word' id='word_1_300' title='bbox 1402 4000 1404 4073; x_wconf 56' lang='lat' dir='ltr'><strong>l</strong></span> 
     </span>
     <span class='ocr_line' id='line_1_41' title="bbox 636 4140 1405 4245; baseline 0.01 -41"><span class='ocrx_word' id='word_1_301' title='bbox 636 4141 723 4216; x_wconf 78' lang='lat' dir='ltr'><strong>Quia</strong></span> <span class='ocrx_word' id='word_1_302' title='bbox 736 4140 858 4206; x_wconf 83' lang='lat' dir='ltr'><strong>laudari</strong></span> <span class='ocrx_word' id='word_1_303' title='bbox 872 4142 1033 4209; x_wconf 83' lang='lat' dir='ltr'><strong>nonvolo.</strong></span> <span class='ocrx_word' id='word_1_304' title='bbox 1403 4183 1405 4245; x_wconf 57' lang='lat'>4</span> 
     </span>
     <span class='ocr_line' id='line_1_42' title="bbox 634 4224 956 4306; baseline 0.009 -16"><span class='ocrx_word' id='word_1_305' title='bbox 634 4224 669 4290; x_wconf 85' lang='lat' dir='ltr'><strong>Si</strong></span> <span class='ocrx_word' id='word_1_306' title='bbox 683 4238 792 4291; x_wconf 90' lang='lat' dir='ltr'><strong>tamen</strong></span> <span class='ocrx_word' id='word_1_307' title='bbox 805 4228 853 4292; x_wconf 82' lang='lat' dir='ltr'><strong>vis</strong></span> <span class='ocrx_word' id='word_1_308' title='bbox 866 4228 956 4306; x_wconf 87' lang='lat' dir='ltr'><strong>scire,</strong></span> 
     </span>
     <span class='ocr_line' id='line_1_43' title="bbox 632 4308 968 4379; baseline 0.015 -6"><span class='ocrx_word' id='word_1_309' title='bbox 632 4308 728 4375; x_wconf 86' lang='lat' dir='ltr'><strong>Palus</strong></span> <span class='ocrx_word' id='word_1_310' title='bbox 743 4326 875 4379; x_wconf 81' lang='lat' dir='ltr'><strong>vocatur</strong></span> <span class='ocrx_word' id='word_1_311' title='bbox 888 4314 968 4379; x_wconf 82' lang='lat' dir='ltr'><strong>iste‘</strong></span> 
     </span>
    </p>
   </div>
   <div class='ocr_carea' id='block_1_6' title="bbox 0 0 1472 4800">
    <p class='ocr_par' dir='ltr' id='par_1_6' title="bbox 0 0 1472 4800">
     <span class='ocr_line' id='line_1_44' title="bbox 0 0 1472 4800; baseline 0 2"><span class='ocrx_word' id='word_1_312' title='bbox 0 0 1472 4800; x_wconf 95' lang='lat' dir='ltr'><strong> </strong></span> 
     </span>
    </p>
   </div>
  </div>
 </body>
</html>
