2934 4800
344 216 554 286 LIBROR.
588 218 816 287 DEPERD.
1041 228 1106 291 249

66 350 147 430 libus,
165 362 210 453 'et
240 353 353 421 caenis
382 376 512 456 qnoque
543 357 743 457 expugnatis.
788 356 957 459 Renovato
987 356 1107 425 deinde

65 436 149 515 bello,
163 450 283 503 rtemm
304 455 480 506 exereitum
499 463 582 529 regis
598 442 683 509 sudrt
699 466 737 509 ae
753 441 881 509 delent.
928 443 1107 511 Archelaus

65 545 129 587 eum
148 523 246 590 elssse
270 527 362 613 regia
382 526 488 593 Sullae
510 550 544 593 se
565 528 705 594 tradidit.
751 528 790 594 L
807 528 952 596 Valerius
974 528 1107 597 Ilseem

65 610 174 687 oomnl,
204 610 333 713 collega
366 613 503 691 Cinnae,
536 614 658 694 missus,
692 628 728 681 ut
766 614 874 683 Sullae
909 616 1106 696 mooederet,

65 708 183 797 propter
195 712 366 797 arentiam
379 700 500 765 invisus
513 701 667 766 exercitui
682 724 751 779 suo,
766 724 786 766 a
800 702 839 769 C.
850 700 991 768 Fimbria
1001 701 1107 804 legato

65 804 160 931 Ἠ,
179 782 316 934 plumae
335 786 486 851 audatiae
506 786 647 865 homine,
665 788 787 853 occisus
805 800 862 866 est,
881 801 915 854 et
935 789 1107 891 imponam

66 890 186 1019 nol
203 872 1107 1047 fflrllssillmdffioel‘diiplffiffffl

66 1038 219 1129 donesque
235 1042 402 1111 Thracum
417 1044 452 1109 in
467 1042 701 1125 Macedoniam,
718 1045 905 1113 referuntur.

479 1466 679 1534 LXXXIII.

71 1636 102 1702 C.
118 1638 319 1707 IIMBRIA
348 1640 383 1708 in
412 1642 501 1722 Asia,
530 1644 608 1711 brais
636 1644 760 1732 proelio
787 1642 910 1732 aliquot
937 1645 1107 1733 praefectis

71 1721 261 1807 Mithridatis,
278 1730 393 1795 urbem
412 1729 605 1831 Pergamum
625 1731 720 1817 cepit,
739 1730 965 1818 obsessumque
983 1754 1103 1819 regem,

71 1830 123 1875 non
142 1815 279 1881 multum
303 1815 413 1893 abfuit,
428 1838 508 1904 qum
529 1829 666 1903 caperet.
715 1816 837 1883 Urbem
857 1816 952 1897 Ilion,
967 1840 1050 1906 quae
1068 1842 1105 1885 ae

71 1900 200 1980 potestati
235 1900 346 1967 Sullae
382 1903 569 1981 reservabat,
599 1903 797 1991 expugnavit
832 1924 870 1969 se
905 1904 1033 1983 delevit,
1070 1918 1105 1972 et

73 1999 363 2139 teresse
385 1988 496 2150 er
515 1989 679 2141 ers
824 2013 1093 2143 ωω

74 2154 104 2217 ab
125 2158 250 2247 seipsis
276 2122 423 2225 consules
448 2182 507 2249 per
531 2160 704 2227 biennium·
723 2161 831 2239 creati,
853 2098 972 2229 biillum
994 2124 1107 2229 contri

76 2237 177 2307 Sullam
200 2258 362 2332 pararent,
389 2247 538 2313 effectum
564 2260 611 2311 est
634 2268 693 2335 per
714 2245 931 2313 LValerium
954 2247 1104 2315 Flaccum

75 2327 229 2418 principem
243 2344 385 2411 senatus,
400 2334 457 2421 qui
475 2333 650 2399 orationem
669 2334 702 2397 in
723 2345 836 2401 senatu
855 2333 977 2412 habuit,
992 2348 1026 2401 et
1044 2356 1104 2424 per

75 2433 126 2490 eos,
138 2418 190 2502 qui
203 2419 395 2484 concordiae
409 2417 589 2498 studebant,
606 2433 643 2486 ut
659 2419 757 2508 legati
774 2420 815 2486 ad
831 2420 953 2486 Sullam
967 2421 1008 2486 de
1023 2443 1104 2508 paee

76 2500 263 2571 mitterentur.
313 2505 422 2571 Cinna
444 2507 484 2570 ab
507 2507 650 2571 exercitu
674 2529 742 2585 suo,
767 2529 865 2593 quem
889 2507 1026 2571 invitum
1048 2529 1104 2572 oo-

76 2586 581 2744 idtbileonti'rsoeeaiomsclbbidliiudi
608 2590 906 2744 ildaibbsuiolbsuum
922 2591 1102 2758 imbesillss

78 2763 210 2839 quanin
225 2765 340 2830 Asiam
362 2764 544 2842 traiecisset,
563 2787 675 2852 paoem
696 2785 771 2830 eum
793 2762 844 2829 Mi
900 2763 983 2829 'date
1003 2764 1101 2843 feeit3

78 2839 111 2906 iu
129 2861 161 2912 ut
186 2849 213 2914 is
240 2849 373 2916 cederet
400 2849 571 2937 provinciis
592 2849 679 2928 Asia,
701 2849 779 2915 Bith
826 2850 833 2865 '
885 2849 1100 2938 Cappadocia.

80 2923 203 3023 Imbria,
225 2936 372 3002 deserum
395 2936 434 3002 ab
457 2936 610 3015 exercitu,
634 2937 691 3024 qui
715 2936 757 3002 ad
805 2935 902 3002 ullam
926 2936 1101 3017 transierat,

79 3033 130 3098 ¹pse
152 3043 182 3085 se
205 3023 382 3110 percussit:
409 3022 653 3110 impetravitque
676 3021 718 3088 de
743 3045 834 3090 serso
856 3044 924 3102 suo,
946 3024 1103 3111 praebens

81 3105 220 3188 cervinum,
234 3121 273 3176 ut
287 3131 322 3174 se
336 3107 504 3175 occideret.

481 3476 675 3590 mxiv,

87 3685 210 3763 SULLA
230 3700 355 3788 legatis,
369 3701 426 3787 qui
448 3725 467 3766 a
487 3714 601 3766 senatu
623 3701 709 3766 missi
732 3710 832 3777 erant,
847 3697 990 3764 futurum
1011 3721 1045 3766 se
1067 3699 1102 3766 in

84 3791 211 3857 potestate
230 3799 359 3852 senatus
377 3786 552 3874 respondit,
567 3787 595 3852 si
614 3786 709 3864 cives,
724 3786 783 3873 qui
801 3784 884 3872 pulsi
900 3809 921 3851 a
936 3783 1044 3852 Cinna
1060 3787 1102 3852 ad

87 3879 109 3922 ὅθ
121 3869 322 3959 confligerent,
338 3873 586 3938 restituerentur.
635 3873 727 3949 Quae
745 3871 887 3937 conditio
901 3895 1002 3960 quum
1019 3874 1103 3940 iusta

86 3956 184 4018 senatui
205 3959 375 4038 videretur,
399 3981 458 4060 per
481 3958 661 4025 Carbonem
687 3959 922 4046 factionemque
947 3959 1025 4038 eius,
1048 3959 1103 4024 eui

86 4029 180 4105 bellum
189 4045 354 4111 videbatur
365 4045 483 4124 utilius,
496 4067 538 4110 ne
549 4045 743 4122 convenitet,
755 4044 904 4110 effectum
916 4057 972 4110 est.
1010 4044 1102 4111 Idem

89 4115 179 4206 Carbo,
190 4154 288 4218 quum
299 4132 340 4197 ab
351 4132 498 4197 omnibus
512 4131 637 4220 oppidis
649 4131 760 4197 Italiae
770 4130 966 4218 coloniisque
978 4131 1104 4198 obsides

87 4206 187 4295 exigere
207 4218 314 4296 vellet,
340 4232 377 4284 ut
399 4217 497 4284 fidem
522 4240 634 4284 eorum
657 4231 768 4283 eontra
793 4216 914 4283 Sullam
938 4216 1103 4305 obligaret,

89 4309 213 4370 (mensu
233 4317 364 4372 senatus
384 4304 563 4392 prohibitus
586 4318 642 4370 est.
689 4303 792 4372 Novis
816 4303 938 4370 civibus
962 4319 1104 4370 senatus·
